3944 6152
319 286 461 346 ηδε

1554 270 1651 334 DE
1687 278 1970 337 NATURA
2012 276 2319 338 HOMINIS.

3438 292 3579 350 £290

321 404 422 460 καὶ
461 400 590 474 περὶ
642 399 817 471 ψυχῆς
851 397 1006 467 ὀλίγα
1052 396 1174 452 τινὰ
1224 376 1626 466 διαλάϐωμεν
1691 400 1780 453 ἵνα
1822 401 1892 471 μὴ

2005 402 2379 465 disseramus,
2434 413 2501 456 ne
2550 399 2865 457 alterutram
2936 400 3218 459 videamur
3280 407 3578 468 animantis

318 496 564 566 δόξωμεν
621 492 849 561 θάτερον
912 490 1078 561 μέρος
1128 488 1222 543 τοῦ
1271 481 1418 549 ζώου
1475 491 1825 547 καταλιπεῖν.

403 581 784 657 Ἀρχώμεθα⁵¹
837 580 895 633 δὲ
944 580 1215 635 ἐντεῦθεν.
1257 577 1330 633 Ἦ
1381 575 1529 652 ψυχὴ
1579 583 1747 655 νοητὴ
1803 583 1900 637 καὶ

318 677 482 747 νοερά
504 691 518 704 ·
547 671 714 743 νοητὴ
757 670 878 741 μὲν,
925 671 1060 725 καθὸ
1099 673 1304 729 νοεῖται
1339 671 1581 741 νοητῶς·
1627 673 1788 743 νοερά
1819 673 1898 740 δὲ,

316 765 393 828 ὡς
427 761 637 833 ἀμιγὴς
665 759 763 828 τῆς
794 758 925 828 ὕλης
953 756 1049 811 τοῦ
1091 759 1364 828 σώματος.
1403 758 1596 829 Ψυχῆς
1648 757 1706 810 δὲ
1748 758 1901 829 ἐνέρ-

315 870 465 922 γειαι
495 851 799 920 γνωστικαὶ
858 849 955 901 καὶ
989 847 1241 914 ζωτικαὶ,
1278 849 1362 902 ὅτι
1392 847 1676 919 σύμφυτος
1705 849 1739 918 ἡ
1786 847 1900 919 ζωὴ

315 945 384 1013 τῇ
414 941 559 1011 ψυχῇ
581 956 594 969 ο
621 938 701 1009 τῷ
727 936 938 1007 σώματι
967 938 1025 991 δὲ
1058 939 1201 992 κατά
1235 938 1486 1009 μέθεξινο
1534 939 1765 1010 ὄργανον
1788 938 1898 1009 γὰρ

315 1035 384 1102 τῇ
410 1033 557 1101 ψυχῇ
600 1031 660 1083 τὸ
701 1030 888 1099 σῶμα·
924 1029 1289 1098 ὑποκείμενον
1332 1030 1391 1083 δὲ
1430 1029 1527 1083 τοῦ
1582 1029 1898 1100 σώματοςὴ

316 1120 484 1190 ψυχή.
538 1120 803 1189 Κινήσεις
865 1117 1138 1188 ψυχικαί·
1189 1118 1462 1190 αἴσθησις,
1516 1119 1725 1191 νόησις,
1756 1116 1902 1188 ἐνέρ-

318 1227 465 1276 γεια.
498 1211 746 1263 Κινεῖται
776 1208 834 1260 δὲ
864 1210 897 1275 ἡ
934 1207 1083 1280 ψυχὴ
1112 1210 1412 1273 κυκλικῶς,
1445 1208 1777 1269 ὲλικοειδῶς.
1803 1209 1900 1261 καὶ

320 1304 442 1354 κατ’
481 1299 717 1352 εὐθεῖαν.
768 1298 913 1361 Νοῦς
950 1301 1068 1351 ὲστι
1118 1299 1261 1352 κατά
1315 1298 1541 1369 γνώμην
1580 1299 1898 1363 ἄπταιστος,

320 1390 546 1463 πρώτης
577 1389 888 1462 προσϐολῆς
918 1392 1026 1442 τῶν
1049 1392 1395 1461 πραγμάτων
1432 1390 1765 1459 ἁπτόμενος,
1805 1390 1902 1442 καὶ

318 1488 569 1556 κρεῖττον
609 1484 642 1553 ἢ
685 1482 830 1536 κατὰ
868 1482 1149 1547 ἀπόδειξιν
1176 1481 1581 1552 ἀπολαμϐάνων
1596 1481 1641 1512 ⁸⁸
1671 1483 1741 1534 τὰ
1765 1481 1901 1551 πρά-

316 1594 539 1646 γματα’
567 1575 635 1629 δι’
676 1568 751 1629 ὧν
801 1574 917 1627 ἐστι
963 1573 1194 1626 συνιδεῖν
1227 1572 1326 1641 πῆ,
1374 1571 1480 1625 ποῦ
1530 1569 1896 1643 πορευόμεθα,

317 1670 440 1725 ὁδὸν
470 1668 758 1741 ζητοῦντες
777 1668 875 1738 τῆς
901 1664 1252 1732 ἀποδείξεως.

398 1842 460 1898 ‘0
501 1844 557 1897 δὲ
602 1844 732 1915 περὶ
763 1840 944 1914 ψυχῆς
982 1840 1165 1910 λόγος,
1208 1842 1271 1895 οὐ
1306 1840 1368 1895 τὸ
1404 1841 1458 1895 τί
1491 1843 1641 1895 ἔστιν
1684 1842 1717 1911 ὴ
1750 1840 1897 1911 ψυχὴ

320 1937 443 1991 κατ’
478 1938 667 1990 οὐσίαν
704 1936 979 1991 διδάσκει·
1011 1934 1128 1990 ἀλλ’
1160 1935 1217 1988 εί
1241 1952 1297 1987 τι
1324 1933 1425 1988 οὐκ
1469 1933 1585 1987 ἔστι
1623 1934 1805 2003 δηλοῖο
1836 1933 1900 1987 τὸ

317 2029 431 2099 γὰρ
484 2030 586 2099 τῆς
639 2028 830 2091 οὐσίας
886 2029 1055 2100 αὐτῆς
1103 2028 1236 2098 παρ’
1284 2028 1418 2098 ἡμῖν
1470 2026 1748 2096 ἄγνωστον
1801 2027 1899 2079 καὶ

318 2119 687 2193 ἀγνώριστον.
734 2118 861 2183 Πῶς
894 2117 1026 2184 οὖν,
1078 2120 1195 2191 ἐρεῖ
1236 2136 1323 2182 τις
1368 2119 1556 2190 τυχὸν,
1596 2122 1758 2189 εἰπερ
1798 2119 1899 2172 οὑκ

317 2208 614 2265 ἐπίστασαί
657 2225 712 2260 τι
766 2208 896 2278 περὶ⁵
945 2208 1162 2278 ψυχῆς,
1212 2207 1452 2277 γράφεις
1505 2208 1636 2278 περὶ
1686 2207 1896 2277 ψυχῆς;

316 2303 522 2356 ἄτοπον
544 2301 676 2372 γὰρ,
710 2298 772 2353 τὸ
805 2300 879 2369 μὴ
914 2298 1148 2369 βεϐαίως
1174 2299 1369 2369 ἔχοντα
1397 2299 1524 2370 περί
1554 2315 1628 2361 τι,
1662 2299 1897 2369 γράφειν

316 2391 352 2464 ἢ
399 2390 712 2461 ἐξηγεῖσθαι
751 2390 881 2460 περὶ
931 2387 1120 2442 αὑτοῦ.
1163 2388 1377 2441 Είδένατ
1419 2389 1528 2459 γὰρ
1569 2388 1652 2441 δεῖ
1681 2387 1899 2459 πρῶτον

316 2480 412 2533 τὸν
439 2479 769 2550 χαρακτῆρα
795 2477 891 2531 τοῦ
913 2479 980 2541 Δ,
1006 2473 1121 2530 εἶτα
1151 2477 1248 2547 τὴν
1273 2478 1370 2530 τοῦ
1397 2478 1666 2547 στοιχείου
1695 2476 1898 2544 γνῶσιν

317 2570 529 2641 ἑτέροις
552 2568 893 2623 ἀποτιθέναι.
926 2568 1070 2639 Πρὸς
1095 2568 1154 2620 ὃν
1175 2568 1313 2638 ρη...
1337 2568 1382 2601 ⁸³
1406 2568 1476 2622 τὰ
1498 2567 1618 2622 θεῖα
1645 2568 1895 2639 ἀόριστα,

314 2658 456 2715 ἀλλά
486 2660 581 2713 καὶ
611 2659 867 2729 ἄγνωστα
901 2661 1024 2712 κατ’
1055 2658 1265 2711 οὐσίανο
1302 2657 1385 2711 διὸ
1412 2659 1506 2712 καὶ
1536 2658 1629 2711 τὸν
1658 2659 1792 2711 Θεὸν
1816 2660 1896 2711 εἰ-

316 2752 469 2805 δέναι
501 2750 754 2819 λέγομεν,
806 2748 883 2819 μὴ
919 2748 1138 2812 ἰδόντες’
1172 2747 1249 2811 ὡς
1281 2748 1362 2801 τό·
1391 2743 1576 2802 Εἶδον
1605 2747 1713 2800 τὸν
1750 2747 1899 2801 Θεὸν

314 2841 419 2896 ἐπὶ
448 2840 667 2909 θρόνου
691 2839 961 2908 ὑψηλοῦ·
993 2840 1088 2893 καί
1130 2857 1145 2871 ·
1174 2836 1359 2894 Εἶδον
1388 2841 1497 2894 τὸν
1520 2840 1671 2895 Θεὸν
1706 2843 1895 2910 πρόσο

316 2947 487 2988 ωπον
514 2931 664 3000 πρὸς
696 2932 1025 2999 πρόσωπον
1044 2948 1058 2963 ⁸
1081 2932 1194 2984 ἀλλ’
1221 2933 1281 2984 οὐ
1324 2933 1446 2986 κατ’
1474 2934 1663 2987 οὐσίαν
1700 2932 1898 2996 ἰδόντες

2000 508 2068 561 pa
2078 502 2210 547 rtem
2234 492 2669 562 praetermisisse.

2070 582 2191 639 Jam
2228 583 2358 640 hinc
2385 584 2710 653 incipiamus
2744 601 2757 637 :
2788 583 2981 639 Anima
3033 584 3342 654 intelligens
3372 597 3428 643 et
3461 588 3578 659 spi-

2002 673 2213 729 ritualis
2243 692 2257 728 :
2289 672 2620 744 intelligens,
2643 684 2913 743 quatenus
2958 674 3403 733 intellectualiter
3429 678 3576 749 cogi-

2005 769 2116 827 tat;
2141 762 2462 832 spiritualis,
2490 775 2761 835 quatenus
2777 764 2846 818 ab
2867 766 3014 820 omni
3039 766 3288 823 mistione
3309 784 3435 824 cum
3465 784 3580 825 cor-

2001 852 2149 921 poris
2177 853 2403 908 materia
2433 852 2690 907 immunis
2717 860 2822 908 est.
2866 852 3078 909 Animae
3117 864 3298 910 autem
3329 857 3578 912 actiones

2000 941 2068 995 ad
2097 942 2533 1011 cognoscendum
2561 952 2616 997 et
2653 943 2722 997 ad
2774 944 3065 998 vivendum
3117 954 3387 1015 spectant,
3433 946 3565 1016 quia

2003 1032 2181 1086 anima
2206 1033 2372 1087 vitam
2396 1034 2560 1088 habet
2579 1033 2843 1096 innatam,
2867 1048 3067 1103 corpus
3092 1045 3273 1090 autem
3294 1050 3390 1105 per
3425 1051 3579 1093 com-

2003 1122 2421 1177 municationem
2442 1139 2459 1188 ;
2484 1136 2719 1191 namque
2742 1136 3002 1192 organum
3021 1125 3215 1179 anima:
3228 1134 3310 1180 est
3340 1139 3573 1196 corpus;

2001 1212 2248 1281 corporis
2276 1227 2407 1266 vero
2435 1213 2768 1267 substratum
2802 1214 3003 1267 anima.
3031 1212 3204 1269 Motus
3234 1212 3429 1269 animae
3453 1229 3578 1270 sen-

2002 1301 2271 1367 sihilitas;
2310 1302 2591 1373 cogitatio,
2633 1303 2878 1372 energia.
2906 1301 3152 1358 Movetur
3174 1305 3354 1359 anima
3384 1304 3439 1359 in
3467 1306 3578 1360 cir-

2000 1391 2202 1456 culum,
2234 1392 2459 1462 spiram,
2494 1402 2723 1447 rectum.
2749 1390 2903 1448 Mens
2927 1393 2979 1446 in
3007 1393 3252 1448 consiliis
3278 1393 3392 1449 suis
3408 1391 3578 1448 offen-

2001 1483 2237 1537 diculum
2266 1483 2499 1554 ignorat,
2547 1484 2611 1540 ad
2642 1485 2873 1554 primam
2910 1499 3094 1541 rerum
3145 1486 3575 1555 propositionem

2002 1572 2288 1626 adhaerens
2339 1583 2394 1627 et
2421 1572 2796 1626 vehementius
2817 1585 2978 1640 quam
3004 1570 3241 1640 postulat
3266 1570 3579 1625 manifesta-

2005 1662 2080 1717 tio
2115 1677 2204 1718 res
2234 1661 2530 1732 abripiens.
2560 1661 2764 1716 Exinde
2814 1660 3164 1716 considerare
3192 1670 3276 1714 est
3308 1675 3438 1729 qua,
3469 1674 3579 1729 quo

1925 1733 1973 1792 Β
2000 1767 2311 1822 pergamus,
2343 1753 2485 1806 viam
2518 1760 2824 1822 quaerentes
2852 1750 3332 1809 manifestationis.
3541 1808 3548 1817 ,

2073 1843 2259 1913 Itaque
2292 1844 2358 1897 de
2392 1842 2570 1896 anima
2615 1841 2929 1912 disputatio,
2962 1855 3066 1896 non
3117 1841 3249 1913 quid
3298 1840 3369 1896 sit
3396 1841 3577 1895 anima
3680 1844 3693 1853 ‘

1999 1932 2172 2000 quoad
2200 1930 2494 1985 essentiam
2530 1931 2723 1995 docet;
2751 1929 2847 1984 sed
2883 1930 3008 1999 quid
3044 1945 3148 1985 non
3204 1930 3277 1987 sit
3307 1931 3580 1986 ostendit."

1997 2020 2243 2091 Namque
2271 2022 2389 2091 ejus
2434 2023 2672 2078 essentia
2705 2022 2832 2091 quid
2881 2021 2975 2089 sit,
3009 2036 3187 2092 neque
3213 2022 3357 2076 scire
3394 2035 3575 2089 neque

1998 2111 2212 2181 assequi
2243 2111 2398 2168 nobis
2421 2110 2568 2168 licet.
2597 2110 2879 2178 Quomodo
2912 2126 3062 2182 ergo,
3096 2110 3234 2167 dicet
3263 2111 3571 2181 quispiam,

2000 2204 2066 2260 de
2093 2205 2275 2260 anima
2307 2204 2442 2259 nihil
2477 2206 2677 2268 sciens,
2710 2205 2776 2259 de
2805 2205 2983 2258 anima
3019 2204 3255 2259 scribis?
3275 2203 3572 2259 absurdum

2000 2297 2165 2363 enim,
2199 2296 2274 2351 rei
2310 2296 2531 2350 notione
2579 2293 2733 2349 ﬁrma
2782 2306 3080 2360 carentem,
3104 2296 3169 2350 de
3220 2309 3286 2349 ea
3333 2292 3575 2349 scribere

2001 2397 2093 2439 aut
2114 2386 2403 2441 disserere.
2444 2383 2682 2440 Nascere
2709 2385 2853 2440 enim
2888 2394 3102 2456 oportet
3146 2386 3323 2456 primo
3376 2385 3572 2440 littere

1998 2480 2041 2531 Α
2076 2476 2329 2542 formam,
2348 2477 2590 2547 posth
2616 2484 2826 2530 tantum
2853 2475 3249 2530 elementorum
3274 2474 3567 2530 scientiam

2002 2569 2126 2624 aliis
2152 2583 2477 2640 proponere.
2512 2566 2611 2622 Cui
2648 2566 2984 2638 respondebo
3014 2582 3029 2619 :
3066 2565 3260 2621 Divina
3292 2566 3571 2623 indeﬁnita

1998 2669 2053 2714 et
2090 2660 2243 2728 juxta
2292 2658 2585 2715 essentiam
2621 2656 3210 2726 incomprehensibilia.
3257 2653 3443 2712 Videri
3476 2663 3565 2712 ta~

1998 2766 2122 2807 men
2162 2752 2329 2805 Deum
2371 2765 2401 2804 a
2430 2750 2591 2806 nobis
2647 2749 2900 2813 dicimus,
2928 2763 3087 2819 quem
3140 2764 3249 2805 non
3300 2751 3567 2817 videmus,

1998 2855 2056 2897 ut
2091 2862 2105 2897 :
2146 2842 2265 2896 Vidi
2295 2838 2463 2896 Deum
2491 2857 2650 2910 super
2683 2842 2926 2895 thronum
2954 2841 3290 2910 excelsum‘;
3312 2852 3368 2899 et
3397 2860 3412 2897 :
3451 2841 3572 2897 Vidi

1996 2933 2164 2988 Deum
2196 2934 2338 3003 faeie
2370 2934 2438 2986 ad
2460 2933 2714 3002 [aciem'.
2747 2933 2819 2987 At
2870 2948 2977 2987 non
3021 2934 3320 2989 secundum
3373 2948 3568 2990 essen-

316 3029 475 3092 Θεὸν,
507 3027 683 3082 ταῦτα
723 3028 1014 3097 εἰρήκασιν
1050 3029 1099 3080 oi
1139 3027 1471 3098 ἑωρακότες,
1513 3027 1629 3080 ἀλλ’
1670 3029 1892 3098 ἐνεργη-

2003 3025 2135 3078 tiatn
2168 3024 2336 3078 Deum
2372 3024 2619 3078 videntes
2660 3023 2788 3076 talia
2813 3023 3067 3079 dixerunt
3098 3024 3211 3089 isti,
3250 3027 3346 3082 sed
3401 3026 3572 3097 inspi-

318 3118 506 3180 θέντες
527 3116 751 3171 τοιιῖισδε
768 3133 783 3147 ·
808 3116 932 3170 ἐπεὶ
958 3116 1106 3170 Θεὸν
1127 3116 1389 3184 ἑώρακεν
1409 3114 1611 3180 οὐδεὶς
1631 3114 1890 3168 πώποτε·

316 3209 443 3263 κατ’
475 3208 666 3262 οὐσίαν
693 3208 916 3280 δηλαδὴ,
944 3209 1044 3261 οὐκ
1078 3209 1143 3261 ἐκ
1172 3209 1280 3261 τῶν
1314 3209 1432 3262 κατ’
1461 3208 1648 3274 αὐτὸν,
1681 3207 1798 3262 ἀλλ’
1830 3209 1896 3262 ἐκ

316 3298 430 3352 τῶν
470 3299 600 3369 περὶ
641 3298 827 3351 αὐτόν.
872 3298 1012 3350 Ἀλλ’
1049 3299 1150 3367 οὐχ
1178 3300 1206 3350 ὁ
1238 3297 1335 3368 τὴν
1365 3298 1557 3352 οὐσίαν
1589 3298 1664 3370 μὴ
1691 3297 1894 3352 εἰδέναι

319 3389 490 3449 εἰπὼν
518 3389 612 3441 τοῦ
642 3386 802 3452 Θεοῦ,
838 3388 916 3457 μὴ
958 3387 1283 3441 ἐπίστασθαι
1312 3388 1404 3439 τὸν
1437 3387 1571 3441 Θεὸν
1608 3387 1894 3457 ὡμολόγη-

322 3498 457 3547 σεν;
512 3480 654 3534 Ἀλλ’
684 3477 794 3533 οἶδε
835 3479 936 3549 μὲν
977 3478 1144 3532 αὐτὸν
1175 3480 1239 3532 ὲκ
1269 3479 1379 3532 τῶν
1413 3479 1725 3550 ὲνεργειῶνο
1757 3475 1890 3545 οἷον,

322 3572 754 3640 παντοδύναμον,
788 3570 1206 3640 παντεπόπτην,
1235 3570 1438 3639 ἀγαθὸν
1469 3572 1562 3623 καὶ
1587 3569 1893 3640 φιλάνθρω-

320 3677 426 3741 πον
476 3660 809 3732 δημιουργὸν
860 3662 954 3713 καὶ
1000 3659 1276 3729 κηδεμόνα
1299 3698 1313 3726 ,
1366 3661 1459 3713 καὶ
1508 3659 1890 3731 προνοητικόν·

316 3755 512 3822 ἀγνοεῖ
543 3752 601 3805 δὲ
636 3753 735 3823 τὴν
767 3752 931 3821 φύσιν
968 3751 1152 3805 ὁποία.
1189 3753 1264 3804 Οὐ
1316 3750 1425 3821 μὴν
1453 3751 1542 3804 διὰ
1574 3751 1639 3807 τὸ
1675 3753 1894 3820 ἀγνοεῖν

316 3845 423 3914 τὴν
448 3843 637 3895 οὐσίαν
663 3843 817 3904 Θεοῦ,
867 3842 1004 3913 μηδὲ
1034 3843 1116 3895 ὅτι
1141 3842 1275 3905 Θεός
1303 3844 1416 3894 ἐστι
1442 3842 1669 3895 δύναται
1693 3842 1889 3910 λέγειν’

315 3935 479 3989 τοῦτο
506 3935 617 4006 γὰρ
644 3935 752 3987 τῶν
782 3935 1037 4006 ἀφρόνων
1057 3949 1071 3964 ⁸
1101 3929 1251 3988 Elaea
1274 3934 1382 4004 γὰρ
1411 3934 1616 4002 ἆρρων
1652 3934 1722 3986 ἐν
1754 3950 1895 4001 καρ-

313 4027 420 4093 δίᾳ
446 4025 634 4080 αὐτοῦ
668 4042 682 4055 ·
717 4027 839 4080 Οὐκ
868 4025 1002 4079 ἔστι
1032 4023 1406 4094 Θεός.Ἥμείς
1438 4024 1496 4078 δὲ
1520 4023 1893 4094 ὁμολογοῦμεν

313 4119 402 4170 ὅτι
441 4116 572 4178 Θεὸς
605 4114 744 4168 ἐστι’
775 4115 869 4168 καὶ
910 4116 975 4168 ὲκ
1003 4114 1111 4168 τῶν
1141 4119 1463 4186 ποιημάτων
1492 4115 1656 4167 αὑτοῦ
1687 4114 1888 4185 γνωρί-

314 4210 432 4272 ζειν
480 4207 644 4260 αὑτὸν
681 4205 934 4275 λέγομεν·
985 4208 1051 4277 τῇ
1089 4205 1146 4259 δὲ
1187 4205 1347 4276 οὐσίᾳ
1381 4204 1546 4259 αὐτοῦ
1593 4206 1892 4278 προσεγγί-

313 4299 432 4362 ζειν
456 4299 554 4367 οὑχ
587 4297 1015 4368 ὑπισχνούμεθα.

2000 3116 2119 3171 rati.
2146 3115 2421 3185 Siquidem
2447 3114 2612 3169 Deum
2633 3129 2783 3168 nemo
2813 3115 2945 3169 uidit
2962 3133 3191 3187 unquam
3208 3117 3250 3182 ³,
3270 3118 3568 3172 secundum

1996 3209 2291 3264 essentiam
2322 3206 2602 3276 nimirum,
2634 3222 2810 3279 neque
2837 3222 2905 3264 ex
2933 3208 3000 3264 iis
3018 3209 3109 3278 qui
3147 3208 3213 3263 ad
3239 3208 3411 3278 ipsius
3436 3209 3566 3262 ima-

1998 3300 2177 3370 ginem
2211 3299 2337 3354 facti
2366 3307 2512 3365 sunt,
2545 3314 2722 3370 neque
2749 3315 2818 3357 es
2858 3300 2925 3355 iis
2955 3300 3048 3371 qui
3090 3300 3142 3354 ei
3178 3308 3379 3354 astant.
3426 3295 3566 3352 Num

1996 3391 2161 3463 igitur
2191 3393 2285 3461 qui
2342 3391 2438 3446 Dei
2491 3392 2786 3447 essentiam
2823 3391 3036 3446 nescire
3061 3404 3122 3445 se
3150 3388 3367 3453 fatetur,
3398 3387 3566 3442 Deum

1996 3484 2250 3554 ignorare
2276 3497 2336 3538 se
2365 3483 2647 3538 confessus
2670 3482 2790 3536 est?
2812 3481 2918 3538 Sed
2942 3496 3063 3535 eum
3086 3481 3303 3550 quidem
3337 3494 3404 3533 ex
3434 3493 3566 3549 ope-

1997 3578 2151 3630 ribus
2170 3577 2337 3641 nevit,
2360 3576 2567 3629 scilicet
2584 3574 3035 3643 omnipotentem,
3062 3573 3244 3625 omnia
3270 3571 3563 3635 videntem,

1996 3667 2222 3733 bonum,
2251 3665 2565 3733 benignum,
2601 3665 2784 3719 mundi
2816 3669 3118 3718 creatorem
3145 3671 3201 3716 et
3236 3663 3566 3732 gubernato-

1997 3773 2112 3812 rem
2143 3768 2197 3811 et
2221 3764 2528 3810 curatorem
2567 3774 2579 3810 :
2613 3755 2791 3824 qualis
2821 3769 2951 3810 vero
2992 3755 3065 3809 sit
3103 3760 3299 3809 natura
3328 3753 3562 3824 ignorat.

1995 3847 2173 3912 Quare
2201 3845 2291 3913 qui
2330 3842 2425 3899 Dei
2476 3845 2837 3899 substantiam
2889 3843 3125 3914 ignorat,
3188 3841 3371 3898 dicere
3419 3842 3564 3913 quod

1996 3939 2135 3993 Dens
2157 3953 2260 3993 non
2290 3939 2518 3992 exsistat
2548 3938 2768 4007 nequit;
2795 3936 3320 4006 insipientiumenim
3337 3937 3439 3992 hoc
3456 3946 3561 3996 est.

1992 4028 2259 4100 Namque,
2282 4029 2428 4083 Dixit
2442 4029 2692 4099 insipiens
2707 4028 2763 4081 in
2781 4029 2937 4082 corde
2957 4043 3052 4082 suo
3073 4042 3095 4082 :
3113 4025 3239 4082 Non
3257 4037 3335 4083 est
3361 4026 3499 4083 Deus
3520 4029 3560 4084 ⁸.

1991 4118 2103 4174 Nos
2130 4128 2309 4172 autem
2336 4116 2655 4172 Deum-esse
2684 4115 3031 4182 conﬁtemur,
3061 4123 3116 4171 et
3143 4130 3209 4170 ex
3241 4116 3364 4186 ejus
3386 4117 3566 4186 operi-

1991 4208 2092 4265 bus
2118 4225 2216 4266 nos
2246 4224 2369 4265 eum
2396 4222 2730 4281 cognoscere
2755 4207 3008 4275 dicimus,
3040 4209 3109 4263 ad
3132 4208 3427 4264 essentiam
3460 4223 3564 4262 au-

1994 4312 2099 4357 tem
2128 4303 2244 4370 ejus
2277 4304 2540 4357 accedere
2574 4315 2685 4355 non
2714 4300 2975 4355 valemus.

400 4391 553 4443 Ἐπεὶ
577 4385 671 4443 οὖν
700 4390 794 4442 καὶ
820 4391 851 4458 ἡ
878 4389 1024 4460 ψυχὴ
1069 4389 1189 4443 κατ’
1219 4389 1404 4443 εἰκόνα
1431 4389 1567 4443 Θεοῦ
1601 4391 1738 4455 ἐστι,
1771 4390 1887 4443 διαὶ

2062 4395 2196 4449 Cum
2254 4394 2416 4462 igitur
2460 4392 2526 4446 ad
2586 4390 2681 4447 Dei
2742 4391 3030 4460 imaginem
3056 4390 3126 4446 sit
3161 4390 3365 4455 anima,
3399 4390 3561 4446 intel-

313 4479 555 4546 πέφευγε
587 4478 689 4547 τὴν
716 4476 996 4547 ἡμετέραν
1025 4477 1351 4547 κατάληψιν·
1381 4479 1474 4530 καὶ
1497 4480 1580 4531 ὅτι
1611 4479 1711 4549 μέν
1737 4480 1887 4532 ἐστιν

310 4572 373 4621 ἐν
394 4568 473 4637 τῷ
503 4565 774 4636 ἀνθρώπῳ
804 4566 973 4637 ψυχὴ,
994 4562 1114 4621 οἴδα
1144 4568 1354 4636 σαφῶς,
1378 4571 1470 4621 καὶ
1495 4570 1561 4621 ὲκ
1580 4569 1690 4622 τῶν
1716 4570 1887 4637 ἁγίων

309 4656 544 4728 Γραφῶν
575 4656 777 4725 ἔμαθον
804 4657 1016 4726 ταύτην
1046 4657 1313 4712 ἀθάνατον
1342 4654 1483 4714 εἶναι
1509 4699 1522 4723 ,
1550 4664 1670 4713 κατ’
1698 4664 1886 4716 εἰκόνα

303 4747 408 4802 τοῦ
437 4748 757 4810 Κτίσαντος·
786 4748 839 4799 τί
868 4747 927 4800 δὲ
953 4749 987 4817 ἡ
1015 4748 1171 4801 οὐσία
1201 4749 1370 4819 αὐτῆς
1408 4751 1578 4815 ἐστιν,
1605 4752 1744 4823 ὑπὲρ
1771 4754 1887 4807 διά·

307 4857 462 4894 νοιαν
493 4839 736 4909 τίθεμαι.
772 4839 883 4893 Καὶ⁵
914 4836 1030 4893 οῖδα
1059 4837 1186 4905 οὖν,
1230 4841 1325 4894 καὶ
1357 4843 1457 4894 οὐκ
1488 4838 1605 4896 οῖδα
1630 4860 1643 4874 ·
1688 4845 1748 4897 οὐ
1779 4847 1888 4915 μὴν

306 4930 455 4982 κατὰ
490 4929 705 4992 ταύτὸν,
740 4929 874 4989 ἀλλά
905 4930 1024 4982 κατ’
1060 4930 1188 4981 ἄλλο
1221 4929 1320 4998 μὲν
1352 4925 1490 4995 οἶδα,
1524 4933 1644 4984 κατ’
1674 4932 1800 4985 ἄλλο
1828 4933 1884 4987 δὲ

1994 4484 2269 4555 ligentiam
2302 4492 2546 4538 nostram
2567 4493 2893 4552 exsuperat;
2919 4492 2976 4537 et
2998 4491 3141 4552 quoa
3167 4483 3219 4537 in
3254 4482 3472 4537 homine
3493 4484 3561 4541 sit

1994 4578 2197 4642 anima,
2235 4576 2366 4630 illud
2400 4576 2643 4644 profecto
2675 4576 2822 4639 novi,
2853 4584 2907 4630 et
2954 4590 3017 4631 ex
3064 4575 3234 4630 sacris
3263 4575 3561 4644 Scripturis

1995 4668 2139 4721 illaut
2179 4666 2537 4721 immortalem
2577 4682 2697 4721 esse
2724 4667 2917 4732 didici,
2954 4669 3020 4719 ad
3064 4666 3340 4720 Creatoris
3371 4665 3563 4733 imagi-

1992 4773 2152 4822 nem;
2181 4756 2309 4825 quid
2343 4770 2475 4810 vero
2503 4757 2572 4810 sit
2606 4757 2723 4825 ejus
2757 4756 3014 4822 essentia,
3050 4755 3100 4808 id
3145 4770 3306 4823 supra
3354 4753 3558 4809 intelli-

1991 4848 2226 4918 gentiam
2250 4845 2449 4903 fateor.
2477 4845 2542 4899 Et
2564 4861 2832 4916 cognosco
2849 4860 2999 4913 ergo,
3031 4852 3085 4900 et
3111 4858 3216 4898 non
3249 4858 3557 4915 cognosco;

1991 4954 2095 4992 non
2140 4938 2387 5006 equidem
2429 4936 2615 4990 eodem
2657 4937 2838 4998 modo,
2868 4937 2962 4990 sed
3012 4936 3169 4991 aliter
3203 4935 3346 4998 novi,
3404 4934 3560 4989 aliter

303 5021 511 5088 ἀγνοῶ·
536 5021 632 5073 καὶ
661 5021 907 5084 εἰκότως.
932 5022 995 5074 El
1024 5023 1121 5090 μὲν
1149 5023 1259 5091 γὰρ
1286 5023 1609 5094 καταληπτὴ
1633 5021 1700 5095 ἦν
1722 5026 1754 5095 ἡ
1777 5026 1876 5095 τῆς

1999 5025 2175 5090 ignoro
2202 5040 2213 5079 :
2236 5033 2290 5077 et
2313 5023 2427 5085 iure
2453 5025 2771 5093 meritoque.
2809 5023 2864 5077 Si
2888 5024 3033 5079 enim
3053 5023 3561 5093 comprehensibilis

304 5113 520 5176 εἰκόνος
546 5114 725 5179 οὐσία,
762 5116 795 5185 ἡ
831 5114 887 5166 δὲ
914 5115 1006 5168 τοῦ
1041 5115 1177 5168 Θεοῦ
1205 5115 1617 5186 ὰκατάληπτος,
1657 5119 1688 5185 ἡ
1726 5119 1879 5170 ὲναν·

303 5201 494 5269 τιότης
534 5202 643 5255 τῶν
676 5202 1162 5273 ὲπιθεωρουμένων
1208 5205 1268 5257 τὸ
1305 5204 1750 5278 διημαρτημένον
1784 5205 1883 5275 τῆς

304 5292 517 5354 εἰκόνος
545 5293 820 5363 διήνεγκε.

382 5469 526 5527 "lsa.
563 5488 639 5539 vt,
681 5474 728 5528 Ι.
805 5475 824 5504 ⁸
853 5472 987 5530 Gen.
1020 5489 1194 5541 xxxtt,
1222 5474 1311 5529 30.
1388 5476 1409 5506 ³
1445 5473 1602 5531 .loan.
1628 5491 1667 5542 ι,
1703 5477 1787 5531 18.

1985 5121 2132 5166 esset
2179 5111 2433 5181 imaginis
2454 5116 2713 5178 essentia,
2766 5114 2860 5171 Dei
2895 5128 3024 5170 vero
3080 5117 3313 5170 essentia
3365 5116 3563 5169 incom-

1993 5202 2397 5272 prehensibilis,
2436 5205 2553 5262 haec
2579 5203 2885 5261 differentia
2918 5206 3170 5278 imaginis
3193 5204 3558 5279 imperfectiu-

1991 5309 2114 5347 netn
2156 5304 2427 5362 argueret.

1867 5477 1885 5505 ι
1914 5473 2055 5530 Psal.
2091 5491 2211 5546 xm,
2234 5478 2288 5532 4.

301 5612 320 5620 ⁶
378 5646 423 5680 ⁸¹
450 5648 817 5719 ἀρχώμεθα...
843 5650 1100 5718 ἐδόξασαν
1131 5651 1264 5723 (col.
1301 5667 1414 5723 seq.
1444 5652 1484 5708 Β
1512 5654 1529 5707 l
1557 5652 1575 5721 )
1622 5665 1730 5708 om.
1756 5649 1814 5706 P.

1999 5651 2046 5704 ic
2070 5653 2132 5705 Α.
2209 5651 2257 5684 ⁵³
2285 5653 2477 5722 ῥητέον
2500 5653 2608 5709 vid.
2635 5653 2739 5724 leg.
