3912 6146
373 310 392 320 ’·
423 297 557 354 1‘29!
1739 285 2027 343 MELETII
2072 285 2381 343 MONACIII
3563 283 3712 343 Im

493 418 642 474 Cum
667 423 846 468 autem
887 408 1316 480 intelligentiam
1369 417 1618 464 nostram
1667 407 1837 480 fugiat
1889 412 2038 479 ejus,

2196 411 2350 466 Ἐπεὶ
2383 413 2439 464 δὲ
2471 409 2664 480 φεύγει
2691 409 2789 480 τὴν
2822 406 3026 478 γνῶσιν
3058 405 3216 479 ἡμῶν
3243 407 3345 478 τῆς
3367 407 3568 472 οὐσίας
3600 412 3705 463 αὐ-

424 509 678 566 essentiae
726 501 1188 571 comprehensio,
1246 499 1852 569 incomprehensibilem
1909 501 1969 555 1)(

2158 508 2210 574 τις
2245 507 2280 576 ὴ
2319 503 2647 574 κατάληψις,
2679 503 2780 574 τὴν
2809 501 3197 572 ἀκατάληπτον
3234 501 3400 569 φύσιν
3434 499 3582 554 θεοῦ
3619 501 3703 572 τῷ

423 609 677 656 naturam
706 608 802 663 per
825 593 889 648 id
904 590 1048 660 quod
1075 592 1318 661 ignotum
1350 599 1436 646 eSt
1463 590 1520 644 in
1548 604 1611 644 ea
1644 589 1968 646 demonstral

2154 597 2230 650 ατ’
2280 595 2452 666 αὐτὴν
2503 592 2768 662 ἀγνώστῳ
2816 593 3235 664 χαρακτηρίζει.
3286 592 3395 645 Καὶ
3442 592 3699 662 ἀκριϐῶς

423 691 491 747 Et
525 695 782 744 accurate
823 682 1108 752 archetypi
1143 680 1558 735 similitudinem
1590 681 1756 735 habet
1781 692 1840 734 ut
1876 696 1968 736 ver

2155 687 2246 758 ρδς
2289 687 2358 740 τὰ
2405 687 2746 757 ὑποκείμενα
2795 685 2898 756 τὴν
2932 684 3227 754 ὁμοιότητα
3260 684 3375 753 ἔχει
3406 683 3481 747 ὼς
3524 684 3700 737 εἰκὼν

423 783 622 849 imago.
669 775 726 830 Si
757 788 890 829 vero
918 787 985 828 eo
1024 771 1171 840 quod
1205 771 1415 840 absque
1471 771 1632 824 initio
1667 780 1754 825 est
1781 771 1922 826 Deus
1953 785 1968 825 ι

2149 778 2339 849 ληθής.
2373 777 2437 830 El
2463 777 2524 830 δὲ
2553 779 2636 831 ὅτι
2662 776 2901 846 ἄναρχός
2932 777 3082 830 ἐστιν
3108 777 3139 829 ὀ
3170 774 3304 838 Θεὸς
3335 776 3432 828 καὶ
3459 775 3694 828 ἀτελεύ-

424 872 692 933 inﬁnitus,
717 868 846 920 dum
875 865 1090 920 initium
1124 863 1318 917 habuit
1353 862 1557 928 anima,
1581 863 1794 916 etiamsi
1843 863 1969 916 ﬁnet

2154 886 2288 939 310;,
2322 868 2524 940 ἤρξατο
2560 866 2616 920 δὲ
2647 867 2679 937 ὴ
2711 867 2881 938 ψυχὴ,
2913 869 2961 918 εί
2988 866 3083 920 καὶ
3106 865 3256 929 τέλος
3281 867 3377 935 οὐχ
3407 866 3545 932 ἕξει,
3576 866 3699 918 δια-

424 980 532 1020 non
591 960 832 1020 habebit,
890 957 1008 1010 haec
1069 970 1174 1008 non
1230 953 1461 1022 amplius
1509 955 1686 1024 imago
1716 967 1844 1007 vera
1885 968 1969 1008 ess

2154 962 2298 1014 ίπτει
2332 959 2430 1012 τοῦ
2467 955 2609 1013 εῖναι
2642 958 2812 1012 εἰκὼν
2841 957 3077 1026 ἁληθής’
3117 959 3178 1010 οὐ
3210 958 3267 1011 δὲ
3297 957 3455 1011 τοῦτο
3480 957 3699 1027 ἄπορον

422 1055 690 1115 videatur,
743 1048 827 1103 vel
897 1045 1132 1114 objectio
1199 1043 1362 1098 facile
1408 1044 1667 1100 solvetur.
1699 1044 1851 1099 Cur?
1881 1044 1967 1113 qui

2151 1058 2185 1114 L;
2216 1050 2538 1118 ἀπολογίαν.
2565 1050 2717 1103 Διατί
2737 1065 2752 1112 ;
2774 1049 2856 1102 ὅτι
2891 1049 3076 1100 είκόνα
3101 1047 3332 1118 λέγομεν
3361 1047 3422 1100 τὸ
3455 1047 3554 1100 τοῦ
3595 1048 3696 1117 βα-

423 1145 715 1215 imaginem
745 1140 979 1194 dicimus
1014 1137 1156 1206 regis
1180 1135 1611 1200 similitudinem,
1636 1138 1730 1191 sed
1776 1151 1911 1204 quae,
1937 1149 1963 1188 a

2158 1143 2302 1206 ,λέως
2329 1141 2583 1212 ὁμοίωμα
2604 1181 2619 1206 ,
2661 1140 2798 1194 ἀλλὰ
2838 1139 2972 1192 πολὺ
3017 1139 3277 1209 διάφορον
3305 1139 3404 1209 τῆς
3431 1138 3703 1192 αἰσθανο-

423 1237 759 1305 intelligente
777 1231 1002 1285 multum
1029 1227 1230 1282 diﬂert.
1258 1227 1416 1281 Etdii
1459 1227 1712 1292 dicimur,
1753 1225 1848 1281 sed
1897 1240 1965 1279 no

2152 1234 2301 1304 ένης·
2332 1234 2428 1287 καὶ
2455 1233 2567 1286 θεοὶ
2595 1231 2890 1302 λεγόμεθα,
2921 1230 3037 1284 ἀλλ’
3063 1231 3163 1301 οὐχ
3182 1232 3259 1292 ὡς
3285 1233 3314 1283 ὁ
3339 1231 3500 1298 φύσει
3533 1230 3697 1292 Θεός·

426 1329 568 1383 sicut
600 1325 694 1394 qui
739 1337 805 1377 ex
842 1331 1032 1374 natura
1063 1320 1318 1383 Deus;et
1360 1317 1456 1372 ﬁlii
1489 1317 1698 1372 Excelsi
1721 1355 1736 1380 ,
1770 1318 1865 1371 sed
1894 1331 1971 1370 n01

2156 1328 2201 1379 ιὶ
2252 1329 2304 1380 oi.
2347 1327 2456 1379 υἱοὶ
2504 1325 2784 1396 Ὑψίστου,
2841 1324 2958 1378 ἀλλ’
2998 1325 3059 1377 οὐ
3095 1325 3240 1377 κατά
3284 1323 3374 1376 τὸν
3419 1323 3701 1393 μονογενῆ

431 1419 574 1473 sicut
626 1412 936 1482 unigenitus
970 1408 1175 1476 Filius;
1209 1418 1265 1463 et
1295 1409 1476 1476 imago
1507 1406 1624 1471 Dei,
1658 1407 1753 1462 sed
1804 1420 1910 1460 non
1945 1421 1976 1459 υ

2151 1420 2259 1473 ’ἱόν·
2297 1419 2394 1473 καὶ
2425 1418 2591 1472 είκὼν
2625 1417 2784 1480 Θεοῦ,
2820 1415 2937 1470 ἀλλ’
2963 1417 3063 1488 οὐχ
3090 1417 3168 1480 ὡς
3196 1416 3257 1469 τὸ
3294 1417 3696 1487 πρωτότυπον·

429 1511 808 1577 prototypum;
873 1506 1100 1567 propter
1153 1510 1348 1552 causas
1385 1494 1614 1559 multas,
1647 1508 1784 1564 quas
1838 1507 1974 1548 nove

2161 1513 2195 1566 ἁ
2228 1511 2430 1572 πολλὰς
2472 1510 2675 1575 αἰτίας,
2718 1511 2784 1574 ἃς
2803 1510 2849 1542 ⁸⁸
2877 1509 3052 1563 οἴδασι
3103 1509 3254 1580 μόνοι
3292 1510 3342 1562 oi
3391 1509 3604 1576 γνῶσιν
3637 1510 3702 1561 ἐν

429 1601 560 1646 runt
591 1590 762 1646 solum
791 1587 986 1656 quibus
1020 1587 1264 1640 scientia:
1291 1587 1469 1640 lumen
1508 1584 1732 1640 aﬁ‘ulsit.

1234 1601 1264 1640 Β
1291 1587 1469 1640 lumen
1508 1584 1732 1640 amllsn-
2113 1602 2322 1654 συνέσει
2347 1601 2779 1671 κατορθωκότες.

500 1681 608 1734 Res
633 1692 765 1748 ergo
797 1691 919 1731 cum
948 1675 1022 1729 ita
1057 1689 1117 1730 se
1137 1674 1362 1739 habeat,
1397 1672 1642 1728 dicemus
1682 1671 1749 1726 dc
1777 1685 1842 1725 ea
1885 1684 2005 1740 quae

2193 1693 2348 1745 Ἐπεὶ
2395 1687 2496 1746 οὖν
2515 1693 2663 1745 τοῦθ’
2693 1693 2865 1754 οὕτως
2900 1692 3035 1762 ἔχει,
3078 1692 3322 1761 εἴπωμεν
3356 1693 3488 1762 περὶ
3520 1693 3705 1762 αὐτῆς

428 1781 642 1826 veteres
667 1769 941 1837 sapientes
973 1766 1178 1835 opinati
1206 1773 1351 1819 sunt.
1384 1762 1630 1834 Namque
1655 1761 1973 1831 philosopho

2155 1803 2208 1838 ra
2246 1786 2295 1837 oi
2325 1784 2494 1838 πάλαι
2523 1785 2676 1854 σοφοὶ
2704 1761 2983 1850 ἐδόξασαν.
3013 1787 3076 1839 Oi
3111 1785 3212 1854 μὲν
3244 1785 3352 1854 γὰρ
3385 1785 3496 1836 τῶν
3541 1761 3700 1852 φιλο-

432 1877 550 1919 rum
597 1861 688 1916 alii
739 1859 984 1928 corporis
1013 1861 1220 1919 instar,
1275 1856 1521 1926 corporis
1579 1862 1858 1924 expertem
1913 1853 1977 1906 ali

2157 1877 2289 1946 Βφων
2317 1876 2478 1946 σῶμα
2511 1853 2608 1946 τὴν
2634 1876 2816 1946 ψυχὴν
2845 1853 3276 1944 ἀποφαίνονται,
3303 1853 3353 1927 οἱ
3372 1875 3431 1927 δὲ
3462 1875 3702 1943 ἀσώμα-

431 1951 678 2008 arbitrati
703 1958 831 2006 sunt
859 1949 1120 2003 animam.
1165 1945 1283 2000 Uno
1316 1945 1488 1999 verbo
1535 1944 1602 1999 de
1631 1943 1886 1999 omnibus
1912 1958 1976 2012 qu

2157 1986 2218 2022 iV.
2248 1967 2419 2038 Κοινὴ
2446 1967 2545 2038 μὲν
2565 1963 2659 2021 οὖν
2688 1967 2825 2038 πρὸς
2848 1968 3059 2030 πάντας
3083 1966 3210 2028 τοὺς
3235 1966 3500 2034 λέγοντας
3531 1965 3702 2035 σῶμα

429 2040 677 2111 corporis
700 2041 876 2095 instar
910 2039 1151 2092 animam
1198 2036 1458 2088 dixerunt
1495 2033 1611 2089 sive
1646 2043 1905 2100 mentem,
1933 2032 1974 2088 si

2154 2069 2205 2127 ην
2235 2032 2458 2128 ψυχὴν,
2484 2052 2596 2111 οἷον
2629 2032 2791 2124 νοῦν,
2839 2057 2871 2126 ἢ
2922 2057 3055 2127 πῦρ,
3089 2057 3121 2128 ἢ
3154 2032 3334 2124 ὕδωρ,
3365 2055 3401 2126 ἢ
3443 2032 3633 2124 αἷμα,
3663 2055 3699 2124 ἢ

430 2135 590 2205 ignis,
613 2139 706 2186 aut
731 2133 1008 2200 aqua,faut
1035 2127 1280 2198 sanguis,
1301 2133 1392 2178 aut
1410 2140 1526 2194 aer,
1550 2135 1643 2178 aut
1661 2125 1805 2178 aliud
1837 2125 1975 2194 quod

2157 2125 2264 2217 ίρα,
2309 2125 2430 2218 iis!
2465 2165 2518 2200 τι
2549 2146 2700 2212 ἄλλο,
2740 2125 2968 2218 ἀρκέσει
3004 2125 3084 2201 -τὰ
3111 2125 3292 2217 Ἵπαρά
3342 2125 3622 2216 ’Ᾱμωνίου
3653 2147 3702 2178 ⁸⁸

429 2227 582 2290 libet,
611 2221 805 2278 aﬁ'erre
837 2220 1071 2276 suﬁlciat
1112 2215 1386 2272 Ammonii
1435 2214 1783 2286 Pythagorici
1818 2215 1974 2268 verba

2154 2214 2199 2294 iii
2246 2214 2630 2312 Πυθαγορικοῦ
2691 2214 2997 2311 εἰρημένα⁹
3036 2240 3144 2293 είσὶ
3189 2214 3246 2292 δέ
3301 2214 3511 2292 ταῦτα’
3553 2259 3575 2292 ι
3612 2240 3699 2293 Τά

431 2328 624 2383 nempe
657 2331 671 2367 :
707 2331 726 2364 ι
765 2310 1007 2380 Corpora
1044 2310 1262 2378 propria
1289 2317 1482 2360 natura
1509 2306 1715 2360 caduca
1747 2320 1870 2359 cum
1898 2305 1976 2358 sin

2154 2331 2336 2404 ὓματα
2387 2305 2687 2403 ’τῇ-οἰκείᾳ
2971 2331 3185 2403 τρεπτὰ
3235 2330 3366 2384 ὄντα
3415 2330 3518 2384 καὶ
3567 2349 3699 2385 σκε-

431 2417 486 2463 et
502 2407 644 2461 ﬂuxa
665 2414 718 2461 et
739 2407 805 2458 ad
827 2401 1097 2457 inﬁnitum
1115 2399 1338 2452 omnino
1353 2397 1596 2464 dividua,
1615 2413 1843 2467 quorum
1863 2395 1976 2451 nuli

2158 2395 2309 2490 ιστὰ,
2341 2395 2769 2485 καίδιόλουέίς
2816 2395 3048 2494 ἄπειρον
3085 2421 3304 2493 τμητὰ,
3341 2423 3587 2493 μηδενὸς
3638 2424 3703 2475 ἐν

431 2515 561 2568 pars
597 2493 953 2552 immutabilis
982 2498 1257 2556 remanet;
1291 2491 1425 2559 ipsis
1445 2491 1762 2544 continente
1793 2497 1848 2543 et
1877 2503 1976 2542 con

2153 2515 2291 2577 ὐτοῖς
2358 2511 2738 2583 ἀμεταϐλήτου
2814 2491 3284 2582 ὑπολειπομένου,
3347 2491 3532 2566 δείται
3597 2512 3698 2566 τοῦ

432 2592 664 2646 ducente
690 2594 745 2642 et
765 2585 917 2655 quasi
935 2582 1258 2652 coagulante
1279 2583 1705 2650 dominanteque
1733 2594 1872 2650 Opus
1892 2588 1974 2634 est

2154 2602 2426 2672 Jvéxov'ro;
2456 2603 2550 2656 καὶ
2573 2601 2920 2670 συνάγοντος,
2954 2603 3046 2656 καὶ
3069 2602 3258 2674 ὥσπερ
3291 2603 3699 2671 συσφίγγοντος

433 2681 578 2750 quod
593 2677 828 2731 animam
841 2674 1093 2740 dicimus;
1103 2675 1212 2742 jam
1226 2671 1471 2727 si-anima
1487 2680 1570 2726 est
1583 2686 1800 2739 corpus,
1820 2685 1978 2740 quam

2158 2695 2202 2746 ιὶ
2236 2671 2669 2766 συγκρατοῦντος
2685 2694 2843 2746 αὑτά·
2870 2694 3007 2764 ὅπερ
3031 2694 3210 2765 ψυχὴν
3230 2671 3493 2765 λέγομεν.
3525 2694 3703 2748 Eia-at

432 2771 514 2825 vis
531 2767 969 2831 subtilissimum,
985 2775 1069 2821 est
1098 2767 1262 2820 etiam
1282 2763 1506 2834 aliquid,
1526 2763 1664 2833 quod
1681 2762 1852 2833 ipsam
1877 2775 1975 2817 con

2158 2783 2202 2835 iv
2235 2762 2395 2851 σῶμά
2423 2784 2570 2835 ἐστιν
2600 2785 2632 2852 ή
2662 2782 2810 2852 ψυχὴ
2829 2821 2846 2847 ,
2875 2762 2989 2835 οἷον
3019 2762 3242 2854 δήποτε,
3280 2786 3328 2836 εἰ
3363 2762 3460 2836 καὶ
3490 2784 3703 2837 lar-.16-

437 2862 643 2930 tineatj;
675 2860 1076 2916 demontratum
1104 2864 1191 2912 est
1217 2857 1363 2912 enim
1396 2869 1595 2925 corpus
1635 2869 1797 2910 omne
1830 2853 1978 2909 conti

2156 2873 2446 2944 ερέστατόν
2466 2889 2540 2936 τι,
2555 2872 2719 2926 πάλιν
2741 2872 2858 2924 ἐστὶ
2882 2873 2944 2926 τὸ
2965 2853 3188 2942 συνέχον
3214 2874 3455 2944 ἐκείνην·
3473 2874 3701 2946 ἐδείχθη

435 2963 597 3009 nente
620 2950 852 3022 quodam
890 2949 1172 3018 indigere;
1200 2956 1256 3002 et
1285 2947 1364 3002 sic
1390 2947 1444 3001 in
1474 2946 1779 3002 inﬁnitum:
1810 2946 1977 3001 absur

2160 2961 2215 3030 ip
2245 2963 2352 3012 πᾶν
2377 2959 2536 3030 σῶμα
2555 2959 2762 3013 δεῖσθαι
2790 2960 2887 3013 τοῦ
2917 2961 3251 3031 συνέχοντος
3280 2964 3377 3015 καὶ
3401 2963 3586 3027 οὕτως
3617 2969 3705 3028 εἰς

435 3043 563 3099 dum
586 3051 761 3096 autem
787 3039 1008 3095 omnino
1025 3039 1301 3107 principia
1319 3037 1710 3108 principiorum
1730 3049 1975 3106 quaerere

2160 3069 2356 3121 πειρον.
2394 3050 2622 3119 Ἀλογον
2646 3051 2703 3104 δὲ
2732 3051 3014 3115 παντελῶς
3051 3052 3118 3105 τὸ
3145 3052 3331 3123 ζητεῖν
3356 3055 3543 3125 ἀρχὴν
3573 3056 3705 3108 κατ’

435 3149 568 3206 ergo
600 3132 782 3186 anima
817 3144 924 3183 non
955 3138 1040 3184 est
1073 3143 1290 3199 corpus.

2032 3106 2076 3165 ο
2109 3106 2282 3211 ἀρχήν
2302 3155 2317 3171 ·
2351 3140 2492 3193 ὥστε
2523 3106 2584 3194 οὐ
2617 3140 2772 3211 σῶμα
2801 3143 2833 3212 ἡ
2863 3106 3034 3214 ψυχη.
3077 3163 3094 3195 ι

484 3223 687 3279 Contra
709 3234 804 3275 eos
824 3227 1003 3273 autem
1023 3219 1116 3287 qui
1137 3219 1511 3287 incorpoream
1535 3218 1721 3273 dicunt
1746 3219 2005 3285 animam,

2181 3231 2324 3301 Πρὸς
2349 3231 2406 3284 δέ
2433 3231 2557 3295 τοὺς
2587 3232 2845 3300 λέγοντας
2867 3233 3040 3304 αὐτὴν
3065 3233 3376 3304 ἀσώματον,
3406 3235 3483 3305 μὴ
3516 3237 3710 3300 καλῶς

435 3330 537 3371 nec
566 3314 702 3370 bene
738 3313 1200 3376 demonstrarunt,
1225 3309 1446 3379 prodeat
1469 3308 1667 3364 Plato:
1706 3329 1725 3361 ι
1761 3308 1980 3379 Oportet

2163 3323 2549 3392 ιεπτομένους,
2618 3325 2647 3376 ὁ
2716 3323 2945 3376 Πλάτων
3006 3324 3423 3392 ἀπολογείσθω,
3492 3342 3514 3376 ι
3585 3329 3708 3388 Δεῖ,

437 3403 636 3476 inquit,
677 3417 801 3457 eum
849 3399 943 3470 qui
992 3407 1138 3454 recte
1173 3397 1539 3470 philosophari
1580 3398 1714 3464 vult,
1767 3400 1982 3468 appriml

2164 3429 2314 3480 ;γιι›ν,
2343 3412 2438 3466 τὸν
2496 3411 2756 3482 μέλλοντα
2814 3413 3167 3483 βουλεύεσθαι
3225 3414 3431 3480 καλῶς,
3495 3416 3709 3472 εἰδέναι

436 3497 579 3551 scire
605 3495 672 3549 de
703 3506 808 3562 qua
834 3505 895 3546 re
922 3497 1198 3561 quaeratur
1228 3507 1243 3545 :
1274 3489 1411 3545 alias
1427 3489 1574 3544 enim
1605 3491 1828 3546 omnino
1854 3505 1976 3546 erra

2163 3502 2292 3566 ιλῶς
2335 3503 2467 3572 περὶ
2502 3504 2625 3556 ὅτου
2684 3504 2963 3575 ὴσκέψις,
3016 3504 3050 3576 ἢ
3099 3505 3193 3558 τοῦ
3247 3507 3452 3568 παντὸς
3511 3510 3708 3580 ἀμαρ-

439 3591 537 3644 bit.
590 3606 610 3640 ι
651 3586 762 3641 Vos
809 3595 986 3641 autem
1043 3584 1396 3639 vehementer
1433 3585 1848 3652 contendentes,
1879 3586 1984 3654 quit

2166 3595 2290 3646 ivstv
2322 3594 2555 3664 ἀνάγκη.
2597 3613 2616 3646 ι
2662 3593 2850 3664 Ὑμεῖς
2909 3595 2967 3648 δέ
3003 3595 3480 3665 προσκρούοντες,
3516 3598 3575 3650 τί
3622 3598 3711 3650 δι-

439 3677 710 3734 dcﬁnitis?
739 3675 1024 3743 Quomodo
1055 3677 1204 3730 enim
1232 3689 1322 3730 res
1351 3674 1574 3745 singulae
1618 3677 1730 3730 sint
1763 3676 1984 3731 conside

2166 3684 2380 3750 ιιεῖσθες
2415 3678 2459 3753 ᾧ
2483 3685 2596 3755 γὰρ
2623 3685 2692 3738 τὰ
2723 3684 2845 3737 καθ’
2879 3685 3089 3738 ἕκαστα
3114 3687 3308 3756 ὁρᾶται
3347 3686 3511 3756 ἔχετε
3533 3704 3549 3717 ο
3573 3682 3622 3754 ᾧ
3649 3690 3711 3742 δὲ

439 3770 620 3824 τοιιιιω
649 3769 854 3832 nostis;
887 3767 1154 3836 quomodo
1185 3775 1375 3831 totum,
1423 3781 1786 3838 nequaquam.
1822 3765 1929 3823 Sed
1959 3781 1984 3822 e

2163 3792 2178 3826 ι
2212 3773 2442 3829 καθόλου
2475 3773 2618 3844 οὐχί.
2662 3773 2825 3827 Ἀλλά
2861 3775 2958 3827 καὶ
2989 3776 3017 3826 ὁ
3056 3774 3321 3842 Θεολὸγος
3361 3776 3401 3827 Γ
3410 3779 3708 3846 ρηγόριος,

439 3859 746 3927 Theologus
799 3856 1092 3926 Gregorius
1143 3858 1210 3912 ad
1261 3857 1403 3912 hanc
1439 3857 1570 3913 dicit
1593 3860 1944 3927 qumStionem

2168 3865 2248 3934 οὺς
2276 3866 2466 3919 τοῦτόν
2499 3883 2635 3936 φησι
2664 3865 2756 3918 τὸν
2793 3865 2998 3918 σκοπόν
3019 3882 3033 3895 ο
3072 3883 3090 3916 ι
3133 3865 3376 3935 Οὐδεμία
3407 3867 3580 3935 φύσις
3619 3871 3713 3922 ὅτι

445 3970 466 4003 ι
491 3949 644 4005 Nulla
677 3958 870 4004 natura
904 3958 989 4005 est
1015 3949 1144 4020 quia
1175 3965 1280 4003 non
1312 3958 1397 4006 est
1426 3950 1551 4015 hoc,
1586 3953 1679 4006 sed
1711 3953 1836 4020 quia
1859 3951 1990 4006 hoc:

2169 3955 2334 4026 ητόδε
2369 3957 2539 4021 ἐστὶν,
2572 3955 2686 4009 ἀλλ’
2715 3957 2796 4009 ὄτι
2821 3956 2964 4022 τόδε,
2994 3959 3028 4027 ἡ
3057 3957 3152 4010 τοῦ
3191 3957 3343 4020 ὄντος
3381 3958 3566 4023 θέσις,
3602 3962 3714 4032 οὐχ

437 4044 557 4114 ejus
587 4043 730 4111 quod
763 4042 1082 4111 est,positlo
1117 4057 1223 4097 non
1256 4041 1375 4112 ejus
1399 4042 1543 4109 quod
1574 4056 1679 4097 non
1709 4051 1795 4096 est
1848 4056 1982 4110 nega

2178 4045 2272 4098 τοῦ
2313 4045 2388 4117 μὴ
2415 4046 2568 4109 ὄντος
2609 4047 2913 4117 ἀναίρεσις·
2947 4047 3007 4100 τὸ
3038 4049 3148 4118 γάρ
3177 4047 3362 4115 λέγειν
3397 4051 3716 4121 ἀσώματον

443 4140 540 4194 ιὶο.
575 4135 828 4206 Namque
874 4135 1248 4204 incorpoream
1284 4133 1328 4189 si
1363 4131 1563 4188 dixeris
1595 4132 1856 4198 animam,
1903 4147 1988 4188 non

2171 4156 2208 4209 ιν
2233 4136 2425 4209 ψυχὴν,
2448 4137 2546 4208 οὑχ
2574 4137 2653 4191 ὅτι
2678 4137 2794 4192 ἐστι
2821 4139 3040 4209 δηλοῖ...
3063 4139 3169 4192 εἴτι
3191 4139 3238 4173 ⁸⁵
3259 4139 3361 4194 οὐκ
3385 4139 3508 4195 ἐστι
3537 4144 3716 4214 τυχὸν

440 4231 582 4301 quod
643 4238 727 4284 est
779 4225 1099 4292 ostendisti,
1144 4225 1244 4281 nisi
1303 4224 1537 4280 fortasse
1597 4222 1740 4293 quod
1786 4238 1893 4277 non
1927 4238 1985 4278 es

1201 4225 1244 4280 si
1303 4224 1537 4280 fortasse
1597 4222 1740 4293 quod
1786 4238 1893 4277 non
1927 4232 2014 4278 est
2109 4225 2191 4285 ὅτι
2221 4227 2381 4298 σῶμα
2405 4229 2506 4282 οὐκ
2538 4227 2675 4281 ἔστι.
2709 4243 2745 4279 ι·

440 4337 536 4379 cor
576 4335 654 4376 us.
705 4339 724 4371 ι

480 4427 488 4455 ς
511 4337 815 4461 ὧηονοιιυε
844 4403 1181 4458 harmoniam
1212 4402 1448 4455 animam
1489 4413 1610 4457 esse
1657 4399 1924 4467 deﬁnivit,
1955 4415 1985 4456 e

2181 4401 2473 4474 Δείναρχος
2502 4402 2560 4456 δὲ
2591 4401 2855 4474 ἁρμονίαν
2888 4401 3130 4471 ὡρίσατο
3158 4402 3263 4470 τὴν
3299 4403 3506 4473 ψυχὴν·
3535 4401 3712 4470 εἶναι,

409 4534 412 4536 ~
440 4513 637 4569 corpus
663 4498 872 4567 lyram;
902 4495 993 4548 sed
1015 4494 1135 4562 plus
1163 4502 1215 4546 et
1240 4494 1418 4546 minus
1447 4492 1725 4546 harmonia
1751 4492 1954 4547 admitti

2171 4494 2204 4546 Li.
2245 4493 2415 4563 λύραν
2445 4495 2507 4546 τὸ
2543 4494 2722 4563 σῶμω
2765 4492 2882 4544 ἀλλ’
2921 4494 2955 4561 ή
2997 4493 3234 4563 ἁρμονία
3269 4494 3599 4564 ἐπιδέχεται
3651 4499 3716 4550 τὸ

404 4637 406 4639 .
442 4591 690 4646 tensione
725 4597 780 4642 et
804 4585 1140 4640 relaxatione
1173 4585 1392 4638 :anima
1422 4597 1552 4639 vero
1583 4599 1687 4640 non
1721 4593 1804 4638 εει
1831 4585 1949 4638 auia

2165 4583 2316 4637 Ξλλον
2367 4584 2464 4638 καὶ
2490 4579 2672 4654 ἦττον,
2711 4581 2790 4653 τῷ
2841 4583 3109 4653 χαλᾶσθαι
3141 4585 3237 4636 καὶ
3275 4585 3710 4641 ἐπιτείνεσθαι·

439 4683 560 4753 plus
605 4690 658 4734 et
706 4679 908 4739 minus,
952 4673 1049 4729 sed
1099 4689 1199 4728 nec
1259 4675 1374 4744 ipsa
1418 4674 1602 4744 seipsa
1644 4675 1766 4761 phis
1805 4685 1860 4730 et
1911 4674 1981 4728 mi

2172 4675 2254 4747 ιχὴ
2277 4676 2333 4728 δέ
2354 4675 2530 4746 ψυχῆς
2548 4676 2648 4728 οὐκ
2673 4673 2789 4728 ἐστι
2825 4674 3031 4744 μᾶλλον
3052 4674 3148 4728 καὶ
3183 4668 3352 4743 ἦττον
3380 4692 3396 4707 ο
3425 4677 3550 4731 ἀλλ’
3586 4681 3717 4734 οὐδὲ

442 4788 567 4839 nus,
615 4785 722 4824 non
772 4783 900 4838 ergo
945 4765 1228 4820 harmonia
1275 4764 1476 4818 anima.
1526 4763 1798 4818 Prteterea
1830 4763 1987 4817 anim:

2170 4767 2249 4838 ιτὴ
2278 4767 2496 4834 ἑαυτῆς·
2527 4765 2627 4819 οὐκ
2657 4765 2766 4836 ἄρα
2800 4765 3037 4837 ἁρμονία
3062 4769 3096 4837 ὴ
3122 4767 3294 4838 ψυχή.
3333 4765 3459 4821 Ἔτι
3490 4771 3526 4840 ἡ
3556 4771 3715 4841 ψυχὴ

441 4867 696 4919 virtutem
747 4869 802 4914 et
860 4857 1119 4912 malitiam
1183 4855 1419 4910 admittit
1455 4864 1512 4910 et
1557 4855 1840 4908 harmonia
1880 4867 1982 4908 con

2170 4859 2310 4923 ›ετὴν
2341 4857 2438 4910 καὶ
2473 4857 2676 4910 κακίαν
2715 4857 3064 4927 ἐπιδέχεται,
3107 4859 3201 4911 καὶ
3241 4859 3492 4929 ἁρμονία
3545 4864 3715 4934 εὐαρ-

423 4953 748 5011 sonantiam
775 4958 829 5004 et
858 4948 1249 5004 dissonantiam
1299 4960 1407 5001 non
1461 4944 1722 4999 admittit.
1753 4943 1872 4998 Non
1907 4945 1968 5012 igi

2170 4947 2343 5001 ›στίαν
2370 4948 2465 5000 καὶ
2492 4949 2869 5018 ἀναρμοστίαν
2891 4950 2991 5002 οὐκ
3015 4949 3364 5018 ἐπιδέχεται,
3394 4951 3504 5004 οὐκ
3536 4953 3652 5023 ἄρα
3680 4955 3715 5023 ἡ

443 5056 532 5100 tur
563 5043 743 5097 anima
777 5040 1084 5095 harmonia.
1113 5037 1356 5108 Denique
1385 5037 1564 5091 anima
1593 5036 1646 5089 in
1673 5036 1988 5090 admittendt

2171 5038 2258 5110 ›χὴ
2291 5039 2548 5109 ἁρμονία.
2589 5039 2711 5092 Ἔτι
2731 5040 2764 5110 ἡ
2787 5038 2935 5110 ψυχὴ
2965 5039 3043 5110 τῷ
3067 5041 3419 5110 ἐπιδέχεσθαι
3448 5045 3523 5098 τὰ
3559 5047 3716 5098 ἐναν-

417 5125 717 5192 contraria
747 5133 968 5202 partim,
999 5131 1232 5186 essentia
1263 5137 1347 5185 est
1391 5137 1448 5183 et
1492 5125 1828 5195 subjectum;
1883 5127 1962 5180 han

2174 5144 2207 5184 α
2236 5129 2388 5200 παρά
2419 5130 2617 5202 μέρος,
2645 5129 2803 5184 οὐσία
2835 5132 2952 5183 ἐστὶ
2988 5129 3084 5184 καὶ
3126 5131 3545 5202 ὑποκείμενον
3579 5140 3616 5206 η
3661 5135 3719 5187 ἃ

445 5228 625 5283 monia
655 5234 829 5278 autem
855 5222 1089 5292 qualitas
1126 5229 1180 5276 et
1206 5223 1258 5276 in
1285 5219 1529 5288 subjecto
1555 5237 1568 5272 :
1597 5233 1700 5272 non
1728 5232 1859 5287 ergo
1881 5219 1990 5272 har

2170 5221 2351 5291 ομονία
2381 5222 2624 5292 ποιότης,
2655 5221 2747 5275 καὶ
2775 5223 2833 5275 ἐν
2859 5222 3225 5293 ὑποκειμένῳ⁹
3251 5224 3354 5276 οὐκ
3387 5227 3505 5296 ἄρα
3535 5229 3715 5297 άρμοε

443 5316 623 5372 tnonia
663 5313 863 5366 anima.

2117 5311 2441 5383 νωήψῄ
3195 5333 3197 5336 ‘

512 5403 754 5461 Galenus
787 5399 918 5454 nihil
948 5399 1016 5454 de
1051 5399 1230 5453 anima
1291 5398 1637 5467 pronuntiat;
1688 5413 1755 5453 ex
1805 5398 2010 5467 Hippo-

2187 5401 2424 5472 Γαληνὸς
2453 5401 2511 5454 δὲ
2539 5401 2896 5470 ἀποφαίνεται
2930 5404 3030 5474 μὲν
3057 5403 3212 5459 οὐδὲν
3245 5406 3382 5477 περὶ
3409 5405 3622 5478 ψυχῆς·
3654 5409 3718 5460 ἐκ

437 5493 610 5548 cratis
647 5503 774 5543 vero
794 5489 1134 5542 sermonibus
1173 5488 1452 5543 misturam
1490 5487 1635 5542 illam
1662 5503 1782 5544 esse
1807 5488 1982 5544 cousti

2210 5491 2319 5547 τῶν
2381 5493 2779 5564 Ἱπποκράτους
2822 5493 2998 5563 λόγων
3036 5497 3468 5564 κατασκευάζει
3517 5501 3719 5569 κρᾶσιν

505 5651 637 5707 ’δαί
665 5650 730 5704 A.
807 5649 852 5682 "
881 5649 959 5704 sic
1002 5655 1123 5710 cod.
1197 5653 1413 5725 ⁸⁶δηλοϊ
1458 5652 1699 5707 ἀλλ’ὅτι.
