3944 6152
344 330 483 386 1295

1582 335 1680 391 DE-
1706 334 1993 391 NATURA
2034 335 2342 392 HOMINIS.

3453 342 3601 404 4294
3611 349 3622 358 ’

341 444 484 503 εἶναι
513 447 682 519 αὐτήν
700 487 714 500 .
745 447 807 501 Εἰ
833 447 892 501 δὲ
917 448 1095 515 τοῦτο,
1120 440 1368 522 δηλονότι
1398 447 1496 504 καὶ
1521 450 1723 524 θνητὴν
1749 454 1922 508 οῐεται

2036 455 2128 509 Luit
2148 453 2238 527 ;_si
2267 467 2396 509 vero
2427 453 2501 509 ita
2525 461 2631 518 est,
2667 469 2797 510 sane
2823 453 3602 511 etntortalem-illlam-‘arbitr'a-

341 538 535 610 αὐτήν·
569 538 652 590 ὃτι
685 538 744 591 δὲ
771 538 832 592 οὐ
867 538 1088 594 δύναται
1116 540 1212 595 τοῦ
1246 538 1505 609 σώματος
1537 546 1570 614 ή
1612 548 1809 617 κρᾶσις
1842 542 1920 600 εί-

343 646 432 682 ναι
460 628 631 701 ψυχὴ,
651 629 812 701 δῆλον
833 631 1100 688 ἐντεῦθεν·
1127 635 1238 688 πᾶν
1259 631 1442 704 σῶμα,
1471 635 1714 707 ἔμψυχόν
1735 654 1796 690 τε
1826 638 1922 691 καὶ

344 720 573 790 ἄψυχον,
626 723 690 774 ὲκ
734 721 844 775 τῶν
889 725 1174 796 τεσσάρων
1225 725 1507 795 στοιχείων
1545 728 1812 799 κέκραται
1839 744 1851 756 ·
1886 729 1920 799 ἡ

345 811 455 883 γὰρ
483 813 691 866 τούτων
718 814 915 882 κρᾶσις
943 814 1010 868 τά
1039 814 1270 886 σώματα
1297 816 1688 888 ἀπεργάζεται.
1721 819 1782 871 Εἰ
1812 817 1924 871 τοί-

345 921 440 958 νυν
471 907 504 975 ή
539 905 736 974 κρᾶσις
761 905 854 958 τοῦ
890 905 1140 976 σώματός
1165 907 1311 959 ἐστιν
1339 909 1371 977 ὴ
1400 907 1567 980 ψυχὴ,
1607 909 1758 962 οὐδὲν
1787 908 1923 978 ἄψυ-

345 1012 439 1066 χον
460 995 637 1062 ἔσται,
659 997 754 1053 καὶ
783 997 1076 1064 συνάγεται
1104 999 1133 1050 ὁ
1157 997 1316 1066 λόγος
1336 996 1534 1062 οὕτως.
1564 999 1625 1052 Εἰ
1654 999 1687 1068 ἠ
1721 999 1922 1067 κρᾶσις

345 1086 440 1140 τοῦ
470 1086 722 1157 σώματος
759 1087 904 1158 ψυχή
933 1090 1068 1152 ἐστι,
1110 1089 1218 1143 πᾶν
1244 1088 1300 1142 δὲ
1339 1089 1500 1159 σῶμα
1545 1091 1744 1156 κρᾶσιν
1783 1089 1918 1159 ἔχει·

345 1179 444 1233 καὶ
476 1181 584 1234 πᾶν
620 1179 782 1250 σῶμα
811 1180 1056 1247 δηλονότι
1083 1179 1261 1252 ψυχὴν
1294 1183 1424 1252 ἔχει·
1454 1183 1502 1234 εί
1534 1181 1592 1235 δὲ
1622 1184 1731 1235 πᾶν
1762 1182 1924 1250 σῶμα

345 1271 526 1342 ψυχὴν
550 1271 688 1342 ,ἔχε-τι,
721 1272 851 1330 οὐδὲ
877 1272 934 1325 ἓν
970 1271 1136 1343 σῶμά
1167 1274 1315 1325 ἐστιν
1349 1272 1574 1341 ἄψυχον,
1609 1271 1735 1324 οὔτε
1777 1271 1925 1335 λίθος

349 1357 478 1428 ἄρα,
513 1356 637 1411 οὔτε
666 1360 843 1426 ξύλον,
877 1359 1004 1413 οὒτε
1035 1360 1276 1430 σίδηρος,
1313 1359 1438 1414 οὔτε
1463 1361 1594 1415 ἀλλο
1626 1378 1680 1415 τι
1719 1361 1925 1431 ἄψυχον

347 1451 524 1509 ἔσται.
559 1454 680 1506 Ἔτι
709 1455 758 1507 εί
794 1455 827 1524 ἠ
870 1454 1016 1525 ψυχὴ
1053 1455 1250 1524 κρᾶσίς
1278 1455 1460 1518 ἐστιν,
1499 1457 1554 1508 αἱ
1596 1455 1652 1509 δὲ
1697 1456 1926 1526 κράσεις

345 1545 794 1613 ἐναλλάσσονται,
835 1547 976 1602 κατά
1009 1563 1070 1600 τε
1103 1547 1200 1610 τὰς
1233 1546 1471 1618 ἡλικίας,
1505 1547 1601 1600 καὶ
1631 1547 1730 1611 τὰς
1755 1547 1924 1618 ὥρας,

351 1638 447 1690 καὶ
470 1637 566 1698 τὰς
588 1636 817 1704 διαίτας,
836 1641 868 1709 ἠ
898 1638 1044 1711 ψυχὴ
1063 1639 1172 1709 ἄρα
1192 1639 1598 1694 ὲναλλάσσεται·
1621 1639 1748 1692 εἰδὲ
1769 1639 1926 1693 ὲναλ⁹

349 1729 630 1794 λάσσεται,
652 1731 713 1784 οὐ
740 1731 840 1800 τὴν
865 1732 1036 1803 αὐτὴν
1063 1730 1258 1803 ἔχομεν
1287 1731 1485 1803 ψυχήν·
1512 1731 1647 1786 ἀλλὰ
1669 1731 1801 1784 ποτὲ
1828 1731 1926 1801 μὲν

2028 555 2144 612 ιυι·;
2169 546 2314 614 quod
2339 560 2466 601 vero
2489 560 2594 600 non
2616 546 2791 616 possit
2806 547 3055 616 corporis
3074 547 3311 602 misturav
3330 562 3452 604 esse
3483 549 3603 602 ani-

2024 651 2133 702 ma,
2165 637 2290 691 inde
2313 644 2495 706 patet:
2521 651 2682 691 omne
2698 652 2896 707 corpus
2921 647 2976 692 et
3003 637 3376 694 animatnmet
3417 641 3598 694 anima

3659 723 3725 747 ‘13.

3705 852 3714 868 Ι

3707 878 3712 886 4

2025 739 2215 779 carens
2251 739 2283 779 e
2325 734 2558 792 quatuor
2591 726 2874 780 elementis
2918 736 3377 796 coagmentatnr;
3407 729 3598 782 horum

2023 817 2167 872 enim
2224 816 2468 871 mistura:
2525 831 2754 882 corpora
2779 818 3018 872 coniicit.
3082 817 3141 872 Si
3185 833 3314 888 ergo
3355 821 3603 888 corporis
3703 816 3712 890 ξ

2027 910 2251 963 mistnra
2271 909 2573 974 est-anima,
2608 907 2744 962 nihil
2771 909 2890 962 sine
2917 909 3097 963 anima
3123 910 3250 972 erit,
3283 919 3337 964 et
3366 911 3621 966 siccati--

2027 1000 2264 1057 cluditur
2297 1015 2478 1057 sermo
2503 1019 2522 1058 :
2573 1002 2617 1055 si
2648 1002 2898 1072 corporis
2930 1003 3159 1056 mistura
3193 1012 3278 1059 est
3313 1005 3514 1070 anima,
3547 1015 3604 1060 et
3642 1026 3646 1029 ·
3709 1010 3717 1033 '

2024 1106 2186 1147 omne
2198 1106 2394 1161 corpus
2417 1093 2700 1147 misturam
2721 1092 2905 1157 habet,
2924 1103 2979 1148 et
2999 1108 3162 1150 omne
3182 1110 3380 1164 corpus
3405 1097 3602 1150 exinde

2027 1184 2263 1238 animam
2290 1184 2480 1238 habet.
2513 1184 2570 1239 Si
2594 1199 2722 1238 vero
2754 1197 2916 1238 omne
2938 1199 3135 1252 corpus
3172 1186 3410 1241 animam
3439 1187 3602 1241 habet
3660 1205 3662 1207 ·

2027 1291 2126 1331 nec
2167 1290 2331 1330 unum
2369 1290 2566 1344 corpus
2595 1285 2676 1330 est
2705 1277 2913 1345 absque
2937 1276 3140 1343 anima,
3160 1291 3260 1333 nec
3292 1293 3421 1348 ergo
3441 1279 3601 1347 lapis;

2028 1367 2364 1436 necliguum,
2386 1382 2486 1422 nec
2503 1366 2729 1433 ferrum,
2755 1382 2853 1422 nec
2870 1368 3015 1423 aliud
3045 1369 3174 1438 quid
3195 1370 3398 1438 absque
3417 1369 3644 1423 anima--

2025 1467 2137 1524 est;
2170 1471 2334 1527 porro
2361 1458 2405 1512 si
2428 1458 2610 1513 anima
2637 1459 2864 1514 mistura
2887 1469 2993 1524 est,
3029 1469 3082 1514 et
3110 1460 3350 1515 mistttraa
3381 1468 3599 1515 mutan-

2030 1558 2118 1603 tur
2153 1547 2454 1602 secundum
2486 1555 2694 1611 aetates,
2736 1559 2790 1600 et
2819 1549 2981 1603 horas
3009 1558 3062 1602 et
3093 1548 3269 1603 victus
3309 1549 3602 1613 rationem,

2026 1641 2208 1695 anima
2229 1654 2360 1708 ergo
2389 1639 2799 1706 immutahitur;
2825 1641 2870 1694 si
2894 1649 3076 1694 autem
3112 1641 3456 1703 immutatur,
3493 1656 3599 1693 non

2027 1732 2274 1788 eamdem
2326 1731 2586 1786 habemus
2616 1732 2873 1794 animam,
2933 1732 3027 1786 sed
3059 1747 3205 1786 nunc
3233 1731 3428 1796 leonis,
3460 1747 3604 1786 nunc

349 1820 565 1884 λέοντος
584 1860 597 1882 ,
629 1821 761 1874 ποτὲ
793 1821 850 1875 δὲ
882 1823 1186 1892 προϐάτου,
1218 1823 1250 1893 ἦ
1284 1823 1446 1876 ἄλλου
1487 1825 1630 1886 τινος
1661 1823 1802 1887 ζώου
1845 1823 1926 1877 ἔτι

2036 1824 2166 1888 ovis,
2192 1838 2335 1878 nunc
2357 1823 2492 1878 alius
2513 1823 2790 1890 cujusdam
2829 1825 3014 1879 bestiae
3047 1844 3061 1879 :
3091 1835 3202 1878 tum
3238 1824 3460 1878 mismra
3493 1838 3605 1877 non

349 1907 384 1976 ἡ
419 1908 617 1976 κρᾶσις
639 1909 739 1962 οὐκ
763 1909 1100 1963 ἐναντιοῦται
1121 1914 1239 1975 ταῖς
1263 1911 1581 1983 ἐπιθυμίαις
1609 1912 1704 1966 τοῦ
1737 1912 1927 1982 σώμα-

345 2015 462 2062 τος,
493 1999 632 2054 ἀλλά
659 2001 754 2056 καὶ
790 2005 1062 2071 συνεργεῖ·
1097 2001 1237 2073 αὕτη
1265 2001 1374 2074 γάρ
1408 2004 1558 2057 ἔστιν
1592 2006 1626 2074 ἡ
1672 2002 1924 2057 κινοῦσα·

343 2091 382 2158 ἡ
417 2089 476 2142 δὲ
521 2090 668 2161 ψυχὴ
711 2093 836 2154 ταῖς
884 2092 1206 2162 ἐπιθυμίαις
1250 2093 1616 2147 ἐναντιοῦται.
1667 2093 1784 2146 Οὐκ
1820 2093 1930 2163 ἄρα

349 2180 547 2248 κρᾶσις
572 2183 605 2251 ή
640 2181 807 2253 ψυχή.
845 2183 966 2236 Ἔτι
1001 2187 1050 2237 εί
1083 2184 1280 2256 κρᾶσίς
1323 2185 1473 2237 ἐστιν
1502 2186 1534 2254 ἡ
1576 2185 1746 2255 ψυχὴ,
1791 2185 1826 2254 ή
1871 2184 1930 2237 δὲ

348 2273 550 2341 κρᾶσις
587 2274 841 2344 ποιότης·
892 2277 1115 2346 ποιότης
1165 2277 1223 2329 δὲ
1256 2277 1351 2330 καὶ
1387 2275 1630 2345 γίνεται,
1661 2276 1754 2330 καὶ
1793 2277 1929 2328 ἀπο-

337 2367 584 2434 γίνεται,
617 2369 788 2438 χωρὶς
818 2370 919 2438 τῆς
959 2370 1054 2423 τοῦ
1089 2370 1456 2441 ὑποκειμένου
1501 2369 1734 2441 φθορᾶς,
1771 2371 1867 2423 καὶ
1896 2373 1929 2441 ἡ

347 2459 496 2529 ψυχὴ
518 2459 626 2529 ἄρα
654 2462 1076 2533 χωρισθήσεται,
1097 2463 1263 2516 καὶού
1289 2463 1637 2534 φθαρήσεται
1658 2461 1721 2515 τδ
1744 2461 1927 2532 σῶμα·

344 2551 510 2608 τοῦτο
538 2552 595 2606 δὲ
628 2553 728 2606 οὐκ
759 2553 991 2623 ἀληθές·
1019 2556 1120 2608 οὐκ
1152 2556 1262 2627 ἄρα
1291 2557 1512 2625 κρᾶσις,
1549 2555 1674 2608 οὐδὲ
1707 2554 1932 2624 ποιότης

346 2641 385 2711 ἡ
414 2640 584 2712 ψυχή.
613 2643 735 2697 Ἔτι
760 2644 964 2708 παντὸς
990 2645 1243 2715 σώματος
1273 2649 1329 2700 αι
1363 2647 1649 2717 ποιότητες
1677 2645 1931 2715 αἰσθηταί

349 2735 511 2799 εἰσιν,
541 2737 574 2804 ἡ
603 2735 661 2789 δὲ
687 2736 833 2808 ψυχὴ
867 2739 966 2791 οὐκ
998 2739 1258 2808 αἰσθητὴ,
1289 2739 1426 2794 ἀλλὰ
1461 2739 1650 2809 νοητή·
1682 2739 1786 2792 οὐκ
1823 2737 1932 2809 ἄρα

350 2825 579 2895 ποιότης
608 2826 902 2898 ἀσώματος
932 2832 964 2900 ἡ
993 2829 1164 2901 ψυχή.

424 2937 570 3008 Πρὸς
599 2939 657 2992 δὲ
693 2941 821 3002 τοὺς
856 2941 1140 3009 λέγοντας,
1171 2942 1440 3012 ἁρμονίαν
1469 2941 1568 3010 τῆς
1594 2941 1804 3009 ὑγείας,
1835 2943 1932 2995 καὶ

349 3031 455 3099 τῆς
477 3031 680 3101 ἰσχύος,
724 3034 820 3086 καὶ
855 3033 948 3086 τοῦ
980 3034 1212 3099 κάλλους
1248 3031 1388 3088 εῖναι
1421 3037 1520 3103 τὴν
1553 3035 1751 3104 ψυχὴν,
1788 3033 1932 3086 οὕτω

2031 1916 2586 1986 desideriiscorporis
2613 1918 2952 1976 adversatur.
3010 1915 3122 1969 imo
3165 1915 3463 1979 concurrit,
3516 1924 3605 1969 ut-

2031 2019 2155 2078 pote
2183 2023 2304 2078 quae
2331 2023 2393 2063 ea
2430 2016 2808 2073 commoveat;
2850 2008 2944 2062 sed
2979 2007 3160 2062 anima
3193 2007 3480 2063 desideriis
3508 2008 3606 2063 ad-

2032 2110 2296 2156 versatur.
2337 2097 2449 2153 Non
2479 2113 2610 2170 ergo
2644 2100 2870 2154 tnistura
2904 2099 3108 2154 anima.
3138 2099 3342 2153 Deinde
3370 2101 3415 2152 si
3455 2100 3604 2153 mis-

2032 2199 2149 2243 tura
2174 2200 2258 2243 est
2279 2191 2485 2252 anima,
2509 2199 2562 2242 et
2583 2189 2808 2243 mistura
2836 2188 3072 2258 qualitas
3096 2206 3110 2256 ;
3137 2189 3373 2258 qualitas
3404 2204 3529 2244 vero
3550 2199 3606 2242 ct

2033 2281 2091 2335 lit
2120 2291 2176 2335 et
2198 2281 2370 2345 abest,
2399 2281 2604 2349 absque
2628 2281 2857 2350 subjecti
2895 2280 3284 2345 destructione,
3314 2291 3368 2334 et
3424 2282 3604 2334 anima

2033 2387 2162 2442 ergo
2199 2373 2488 2436 dividetur,
2522 2382 2577 2426 et
2607 2386 2709 2425 non
2739 2381 3118 2441 corrumpetur
3141 2387 3358 2442 corpus,
3389 2375 3490 2427 hoc
3525 2383 3606 2426 ta-

2033 2479 2155 2518 men
2185 2478 2291 2519 non
2317 2473 2400 2518 est
2429 2479 2639 2518 verum.
2672 2461 2791 2516 Non
2827 2477 2958 2532 ergo
2989 2463 3240 2528 mistura,
3289 2477 3391 2517 nec
3420 2463 3603 2532 quali-

2035 2566 2115 2610 tas
2141 2556 2343 2609 anitna.
2377 2555 2618 2624 Denique
2656 2554 2901 2622 corporis
2931 2568 3121 2608 omnes
3149 2553 3443 2622 qualitates
3475 2567 3606 2607 sen-

2031 2648 2158 2702 siles
2177 2657 2323 2712 sunt,
2350 2651 2530 2700 anima
2556 2657 2737 2700 autem
2776 2662 2883 2701 non
2904 2645 3124 2700 sensilis
3148 2648 3241 2699 secl
3272 2645 3606 2700 intellectua-

2033 2740 2130 2807 lis;
2163 2753 2268 2793 non
2295 2754 2424 2810 ergo
2455 2739 2701 2807 corporis
2731 2738 2968 2808 qualitas
2993 2737 3197 2791 anima.

2102 2940 2304 2995 Contra
2347 2940 2590 2995 dicentes
2645 2952 2772 2992 vero
2814 2939 3050 2991 animam
3105 2949 3229 2991 esse
3260 2933 3608 2990 harmoniam

2036 3033 2304 3098 sanitatis,
2335 3041 2390 3087 ct
2425 3033 2620 3086 virium
2647 3041 2701 3085 et
2731 3027 3173 3100 pulchritudinis,
3199 3027 3280 3082 sic
3314 3041 3606 3095 argumen-

352 3121 807 3190 συλλογιζόμεθα·
845 3123 908 3175 Εἰ
948 3124 980 3192 ὴ
1026 3124 1265 3194 ἁρμονία
1304 3125 1404 3194 τῆς
1443 3123 1648 3194 ἰσχύος,
1688 3121 1783 3176 καὶ
1831 3123 1929 3190 τῆς

2037 3123 2275 3178 labimur
2312 3141 2325 3177 :
2355 3122 2412 3177 Si
2446 3123 2624 3176 anima
2658 3130 2746 3176 est
2798 3121 3020 3187 virium,
3060 3119 3338 3181 sanitatis,
3372 3117 3609 3188 pulchri-

351 3213 567 3281 ὑγείας,
608 3214 704 3267 καὶ
732 3213 825 3267 τοῦ
851 3214 1084 3279 κάλλους
1115 3215 1261 3286 ψυχή
1293 3217 1462 3279 ἐστιν,
1494 3216 1711 3284 ἀνάγκη
1741 3210 1810 3285 ἦν
1831 3214 1926 3267 τὸν
1961 3236 1970 3247 ·

350 3305 643 3376 ἄνθρωπον
667 3307 806 3374 μήτε
831 3308 1028 3370 νοσεῖν,
1062 3306 1200 3377 μήτε
1223 3305 1490 3370 ἀσθενεῖν,
1519 3308 1656 3377 μήτε
1680 3306 1928 3376 ἄμορφον

352 3391 527 3448 εἶναι·
570 3395 858 3464 συμϐαίνει
891 3396 948 3449 δὲ
984 3397 1279 3462 πολλάκις,
1305 3399 1368 3451 οὑ
1422 3397 1553 3468 μίαν
1591 3397 1778 3467 μόνην,
1812 3395 1928 3448 ἀλλ’

351 3485 490 3556 ὁμοῦ
521 3486 620 3549 τὰς
649 3489 800 3557 τρεῖς
832 3485 1038 3552 ταύτας
1083 3488 1383 3558 εὐκρασίας
1429 3487 1795 3548 ἀπόλλυσθαι,
1835 3487 1930 3539 καὶ

353 3577 456 3647 ζῇν
497 3577 589 3630 τὸν
619 3576 942 3647 ἄνθρωπον·
981 3579 1270 3648 συμϐαίνει
1311 3580 1422 3648 γάρ
1465 3580 1554 3632 τὸν
1597 3578 1758 3631 αὑτὸν
1791 3575 1927 3645 ὁμοῦ

352 3668 724 3738 καὶ-ἄμορφον
743 3663 906 3733 εἶναι,
930 3669 1024 3723 καὶ
1051 3669 1320 3733 ἀσθενεῖν,
1353 3671 1447 3722 καὶ
1469 3671 1663 3722 νοσεῖν·
1691 3668 1790 3721 οὐκ
1822 3667 1928 3738 ἄρα

353 3758 625 3831 εὐκρασία
652 3758 747 3812 τοῦ
781 3758 1030 3830 σώματος
1058 3760 1206 3814 ἔστιν
1233 3763 1268 3832 ἡ
1300 3760 1466 3831 ψυχή.

427 3949 552 4014 Πῶς
582 3950 703 4018 οὖν,
735 3953 890 4022 φασὶ,
928 3955 1156 4022 φυσικαί
1195 3973 1338 4020 τινες
1373 3955 1562 4010 κακίαι
1608 3955 1702 4010 καὶ
1738 3957 1930 4026 ἀρεταὶ

349 4044 468 4106 τοῖς
506 4044 813 4112 ἀνθρώποις
838 4046 1091 4116 ἓπονται;
1131 4048 1300 4102 Τοῦτο
1327 4051 1392 4103 ὲκ
1418 4050 1521 4120 τῆς
1547 4050 1642 4102 τοῦ
1679 4048 1930 4119 σώματος

352 4135 727 4207 ἀληθεστέρας
789 4139 1038 4208 κράσεως
1099 4140 1345 4208 γίνεται·
1393 4140 1469 4204 ὡς
1523 4141 1632 4210 γὰρ
1688 4141 1932 4209 φυσικῶς

352 4231 586 4294 ὑγιεινοὶ
613 4231 707 4284 καὶ
737 4231 989 4296 νοσώδεις
1015 4233 1121 4285 είσί
1145 4250 1289 4297 τινες
1321 4236 1384 4286 ἐκ
1410 4233 1511 4302 τῆς
1542 4234 1814 4304 κράσεως,
1843 4232 1933 4286 οὖ-

348 4338 467 4384 τως
497 4322 645 4385 τινὲς
687 4323 935 4390 φυσικῶς
968 4324 1291 4395 πικρόχυλοι
1315 4326 1358 4357 "
1407 4325 1560 4387 ὄντες
1599 4325 1808 4394 ὀργίλοι
1857 4327 1935 4377 εί-

356 4413 467 4478 σὶν,
502 4413 651 4468 ἄλλοι
695 4415 753 4467 δὲ
803 4415 992 4480 δειλοὶ,
1043 4415 1192 4469 ἄλλοι
1237 4419 1584 4485 καταφερεῖς·
1640 4417 1754 4469 ἀλλ’
1802 4415 1932 4468 ἔνιοι

355 4507 624 4576 κρατοῦσι
649 4507 744 4560 καὶ
769 4507 1158 4577 περιγίνονται·
1187 4509 1343 4577 δῆλον
1362 4509 1417 4560 δὲ
1439 4509 1523 4560 ὃτι
1550 4511 1648 4577 τῆς
1683 4509 1933 4578 κράσεως

351 4598 679 4667 κρατοῦσιν·
721 4598 851 4651 ἄλλο
898 4598 954 4651 δέ
988 4600 1102 4652 ἐστι
1153 4600 1212 4652 τὸ
1244 4601 1516 4667 κρατοῦν,
1558 4599 1651 4652 καὶ
1699 4599 1827 4652 ἄλλο
1872 4600 1932 4651 τὸ

353 4690 732 4759 κρατούμενον
750 4706 764 4720 ·
795 4689 921 4742 ἄλλο
946 4691 1056 4760 ἄρα
1079 4691 1294 4759 κρᾶσις,
1320 4691 1412 4741 καὶ
1440 4689 1567 4744 ἄλλο
1599 4689 1766 4758 ψυχή.
1801 4691 1931 4759 Ὄρ-

351 4796 523 4846 γανον
551 4779 659 4849 γάρ
686 4779 746 4832 ὃν
779 4779 841 4832 τὸ
875 4779 1035 4848 σῶμα
1074 4782 1173 4849 τῆς
1217 4779 1426 4848 ψυχῆς,
1457 4779 1552 4831 ἐὰν
1596 4779 1694 4846 μὲν
1737 4779 1934 4846 ἐπιτη-

351 4867 514 4928 δείως
543 4868 966 4938 κατασκευασθῇ
991 4910 1004 4932 ,
1035 4869 1289 4938 συνεργεῖ
1313 4871 1378 4937 τῇ
1415 4866 1562 4936 ψυχῇ
1585 4882 1598 4894 ·
1628 4867 1692 4920 ἂν
1745 4866 1802 4919 δὲ
1836 4869 1930 4920 ἀν-

355 4959 700 5027 επιτηδείως,
720 4959 1031 5029 ἐμποδίζει·
1061 4961 1154 5012 καὶ
1182 4959 1303 5011 τότε
1330 4957 1490 5028 χρεία
1519 4960 1583 5028 τῇ
1615 4957 1758 5028 ψυχῇ
1791 4976 1932 5026 πρα-

352 5049 588 5118 γμάτων
615 5052 1014 5122 ἀπομαχομένῃ
1039 5051 1174 5122 πρὸς
1202 5052 1299 5123 τὴν
1324 5052 1809 5121 ἀνεπιτηδειότητα
1839 5053 1934 5105 τοῦ

351 5139 614 5208 ὀργάνου,
650 5143 744 5194 καὶ
772 5142 866 5194 ὲὰν
913 5141 987 5210 μὴ
1024 5141 1231 5211 σφόδρα
1266 5141 1414 5212 νήφῃ
1455 5142 1550 5194 καὶ
1586 5141 1935 5212 συνδιαστρέ-

351 5247 527 5299 φηται
559 5229 739 5302 αὐτῷ,
777 5231 1032 5302 καθάπερ
1075 5232 1327 5301 μουσικὸς
1364 5231 1832 5303 συνεξαμαρτάνει
1870 5237 1933 5302 τῇ

351 5323 459 5392 τῆς
484 5320 653 5390 λύρας
683 5322 1004 5394 διαστροφῇ,
1035 5324 1130 5376 ἐὰν
1167 5324 1240 5393 μὴ
1279 5324 1544 5394 πρότερον
1571 5327 1741 5396 αὐτὴν
1771 5343 1935 5379 καταο

357 5415 533 5483 στήσῃ
559 5413 760 5475 καλῶς.
793 5415 882 5467 Διὸ
911 5417 1002 5468 καλ⁹
1031 5417 1189 5485 χρεία
1217 5419 1282 5486 τῇ
1312 5416 1455 5486 ψυχῇ
1486 5417 1582 5485 τῆς
1614 5418 1936 5487 ἐπιμελείας

353 5504 454 5556 τοῦ
492 5503 777 5573 σώματος,
818 5507 905 5560 ἵνα
937 5507 1243 5580 καταρτίσῃ
1288 5507 1421 5562 αὐτὸ
1465 5507 1697 5578 ὄργανον
1744 5509 1935 5580 ἐπιτή-

433 5701 478 5734 ³⁷
509 5701 830 5770 πικρὸχυλοι
853 5703 998 5760 ABG.

2033 3217 2236 3272 tudinis
2274 3215 2559 3280 harmonia
2584 3253 2598 3276 ,
2631 3228 2857 3268 necesse
2887 3221 2971 3267 est
3019 3211 3290 3266 hominem
3313 3225 3412 3265 nec.
3436 3225 3612 3278 aegro-

2032 3317 2170 3373 tare,
2205 3321 2304 3362 nec
2331 3307 2639 3369 debilitare,
2676 3321 2774 3360 nec
2809 3303 2982 3359 [arma
3018 3302 3292 3357 immutari
3318 3321 3333 3370 ;
3362 3312 3419 3357 at
3471 3316 3612 3368 saepe

2031 3398 2232 3452 accidit
2263 3406 2322 3450 ut
2351 3411 2458 3449 non
2492 3411 2600 3449 una
2628 3403 2858 3456 tantum,
2894 3394 2987 3446 sed
3021 3403 3130 3445 tres
3167 3391 3271 3445 illae
3323 3389 3612 3458 qualitates

2031 3487 2190 3542 simul
2217 3488 2537 3540 amittantur
2555 3496 2607 3538 et
2639 3485 2801 3539 homo
2820 3485 3005 3543 vivat;
3033 3495 3420 3548 nonnunquam
3465 3481 3611 3534 enim

2031 3577 2278 3633 eumdem
2303 3577 2464 3631 simul
2482 3576 2802 3638 deformem,
2832 3584 2885 3628 et
2908 3572 3159 3634 debilem,
3182 3581 3235 3624 et
3260 3579 3610 3641 aegrotantem

2031 3684 2150 3725 esse
2168 3668 2444 3732 videmus;
2467 3681 2572 3721 non
2596 3665 2759 3735 igitur
2778 3663 3022 3732 corporis
3039 3661 3288 3716 valetudo
3309 3662 3488 3715 anima
3508 3675 3611 3715 est.

2103 3959 2384 4028 Quomodo
2417 3973 2567 4028 ergo,
2594 3959 2768 4022 aiunt,
2798 3956 3072 4012 naturales
3119 3957 3365 4025 quadam
3397 3953 3618 4008 malitiae

2033 4059 2087 4105 et
2113 4050 2342 4105 virtutes
2391 4049 2444 4103 in
2475 4047 2786 4102 hominibus
2841 4045 3238 4100 inveniuntur?
3277 4044 3411 4099 illud
3440 4059 3471 4098 e
3516 4057 3612 4096 ve-

2037 4143 2164 4197 riori
2191 4141 2437 4211 corporis
2468 4139 2696 4194 mistura
2734 4137 2794 4191 lit
2837 4156 2852 4192 :
2886 4151 3076 4206 nempe
3108 4138 3245 4193 sicut
3296 4135 3616 4191 naturaliter

2036 4235 2154 4288 sani
2182 4243 2234 4287 et
2255 4233 2441 4301 aegroti
2471 4240 2598 4285 sunt
2620 4229 2840 4298 quidam
2872 4229 3169 4284 secundum
3205 4227 3512 4293 misturam,
3533 4227 3614 4280 sic

2036 4325 2259 4394 quidam
2309 4323 2486 4377 biliosi
2532 4323 2586 4376 in
2637 4322 2773 4376 iram
2836 4321 3144 4391 praecipites
3189 4325 3336 4382 sunt,
3363 4317 3452 4371 alii
3487 4333 3615 4373 vero

2042 4416 2253 4479 timidi,
2291 4415 2380 4468 alii
2419 4413 2687 4468 libidinosi
2718 4430 2732 4480 ;
2761 4427 2950 4467 rursus
2994 4411 3084 4464 alii
3132 4418 3388 4478 superant
3413 4417 3466 4463 et
3498 4409 3614 4461 vin-

2041 4517 2193 4561 cunt.
2239 4506 2495 4560 Videlicet
2545 4505 2826 4559 misturam
2873 4505 3138 4566 vincunt;
3171 4501 3262 4555 sed
3308 4501 3451 4553 aliud
3530 4508 3615 4552 est

2041 4599 2181 4666 quod
2211 4598 2396 4660 vincit,
2422 4597 2566 4650 aliud
2587 4597 2728 4665 quod
2744 4596 2978 4650 vincitur
3003 4612 3018 4647 :
3048 4593 3189 4647 aliud
3210 4607 3339 4661 ergo
3361 4591 3608 4652 mistura,

2037 4700 2091 4744 et
2126 4689 2268 4742 aliud
2303 4687 2502 4740 anima.
2536 4687 2670 4742 Cum
2702 4687 2847 4742 enim
2877 4701 3074 4756 corpus
3107 4685 3179 4740 sit
3231 4682 3427 4737 animae
3465 4695 3616 4751 orga-

2038 4797 2186 4845 num,
2214 4780 2258 4834 si
2305 4781 2440 4834 bene
2481 4779 2832 4833 constitutum
2868 4787 2972 4845 est,
3005 4777 3238 4832 animam
3268 4774 3529 4842 adjuvat;
3563 4771 3609 4826 si

2037 4875 2214 4927 minus
2252 4874 2408 4936 bene,
2445 4871 2688 4940 impedit,
2722 4879 2777 4924 et
2815 4880 2942 4923 tunc
2993 4869 3187 4922 animae
3238 4881 3375 4935 Opus
3430 4874 3512 4919 est
3557 4867 3610 4918 in

2036 4963 2293 5031 operibus
2339 4961 2478 5014 bello
2537 4967 2725 5014 contra
2761 4959 2951 5028 organi
3007 4957 3390 5025 incongruum,
3417 4963 3472 5008 et
3506 4953 3610 5007 nisi

2037 5063 2294 5107 accurate
2323 5052 2529 5121 vigilet,
2562 5051 2669 5104 imo
2697 5065 2819 5104 cum
2849 5064 2910 5102 ea
2943 5057 3350 5114 corrumpatur,
3382 5045 3607 5100 errabit.

2039 5145 2192 5199 Sicut
2247 5145 2487 5196 musicus
2546 5157 2666 5196 cum
2715 5140 2846 5211 lyrae
2903 5137 3236 5192 dissonantia
3295 5131 3615 5196 errat,nisi

2037 5237 2185 5306 prius
2221 5235 2349 5305 lyra:
2398 5234 2532 5287 ﬁdes
2569 5241 2716 5286 recte
2751 5229 3061 5285 contendat.
3097 5225 3389 5293 Propterea
3429 5221 3610 5273 anima

2037 5328 2195 5382 debet
2242 5341 2437 5393 corpus
2481 5338 2677 5377 curare
2728 5331 2785 5375 ut
2829 5321 2928 5374 sibi
2968 5315 3298 5372 conveniens
3346 5325 3608 5381 organum

2038 5425 2277 5486 coaptct.
2323 5413 2479 5479 Quod
2525 5422 2578 5466 et
2634 5427 2727 5482 per
2766 5410 2930 5465 verba
2981 5416 3035 5461 et
3080 5421 3178 5476 per
3231 5417 3411 5458 mores
3450 5398 3614 5453 ellicit

2040 5511 2180 5567 sicut
2213 5509 2266 5564 in
2289 5504 2571 5562 harmonia
2599 5521 2614 5562 :
2649 5517 2793 5560 nunc
2812 5502 3082 5559 relaxans.
3116 5513 3256 5552 nunc
3279 5492 3614 5550 contendens
