3944 6152
482 325 625 389 1295

1795 331 2079 388 MELETII
2117 332 2438 392 MONACHI’

3604 328 3723 387 i296

479 455 538 502 ut
569 445 825 502 idoneum
854 446 954 517 ipsi
993 445 1126 503 illud
1161 445 1412 522 perﬁciat
1443 448 1903 519 convenientiqne
1943 460 2060 505 uta-

2167 452 2308 506 δειον
2341 454 2547 522 ἑαυτῇ·
2584 449 2744 503 τοῦτο
2814 445 2872 503 δὲ
2896 446 3047 501 ποιεῖ
3073 447 3171 501 διά
3203 463 3263 499 τε
3309 445 3420 499 τῶν
3458 444 3619 511 λόγων
3643 449 3719 501 καὶ

479 544 574 592 tur
603 552 828 608 organo.

556 802 882 859 Aristoteles
915 818 1043 858 vero
1064 803 1437 859 eudelechiam
1469 802 1749 873 appellans
1796 802 2059 870 animam,

488 911 596 953 non
630 896 809 952 minus
834 911 957 951 cum
981 896 1062 950 eis
1088 897 1177 966 qui
1204 910 1325 951 eam
1351 896 1559 962 dicunt,
1581 895 1896 965 qualitatem
1934 909 2065 950 con-

482 990 651 1044 venit.
700 987 1060 1060 Pythagoras,
1114 1004 1398 1044 numerum
1432 989 1671 1058 seipsmu
1709 996 2058 1055 moventem;

480 1078 841 1148 Xenocrates,
875 1089 931 1135 et
970 1095 1255 1136 numerum
1280 1081 1597 1136 continuum
1621 1090 1677 1135 et
1704 1078 1943 1135 universi
1971 1095 2064 1135 ex-

480 1172 834 1229 halationem.
881 1172 1165 1228 Maniclmi
1192 1174 1553 1227 immortalem
1593 1171 1737 1225 illam
1767 1180 1824 1226 et
1872 1173 2058 1229 incor-

479 1280 702 1334 poream
742 1266 954 1331 dicunt,
993 1280 1153 1320 unam
1205 1274 1390 1320 autem
1421 1263 1593 1320 solam
1626 1277 1749 1318 esse
1813 1262 2055 1317 universi

480 1357 743 1422 animam,
786 1356 1092 1411 minutatim
1123 1357 1398 1412 redactam
1423 1365 1479 1409 et
1507 1355 1741 1423 divisam
1763 1353 1818 1407 in
1842 1353 2055 1423 singula

480 1465 716 1520 corpora
758 1451 1085 1506 animataet
1126 1465 1231 1504 non
1292 1450 1556 1504 animata.
1602 1446 1758 1501 Plato
1794 1458 1850 1503 et
1894 1462 2056 1501 uuam

480 1555 603 1596 esse
637 1550 688 1596 et
724 1541 922 1597 tuultas
946 1541 1159 1597 animas
1197 1542 1498 1606 contendit,
1531 1539 1805 1596 Chronius
1846 1549 1899 1593 et
1927 1538 2061 1594 Por-

481 1633 709 1705 phyrius
739 1648 927 1689 omnes
977 1633 1181 1689 formas
1237 1633 1397 1688 unius
1438 1633 1632 1687 animae
1679 1646 1802 1687 esse
1849 1632 2057 1686 dicunt.

479 1724 815 1779 Jatnhlichus
850 1725 1073 1779 tandem
1105 1724 1172 1778 ad
1199 1724 1503 1793 oppositam
1532 1722 1858 1778 sententiam
1901 1721 2058 1777 incli-

2165 546 2273 599 τῶν
2295 545 2463 614 ἠθῶν,
2495 543 2572 607 ὡς
2600 546 2658 597 ἐν
2679 541 2937 613 ἁρμονίᾳ·
2964 541 3033 594 τὰ
3059 541 3156 609 μὲν
3194 538 3438 610 χαλῶσα,
3468 539 3533 591 τὰ
3550 538 3599 591 δὲ
3626 540 3720 591 ἐπι.

2166 638 2434 699 τείνουσα,
2457 637 2545 690 ἵνα
2566 635 2828 707 ἁρμόδιον
2856 634 2988 687 αὐτὸ
3017 634 3184 703 ἑαυτῇ
3213 632 3620 704 κατασκευάσῃ,
3644 630 3719 683 καὶ

2168 727 2438 797 χρήσηται
2469 724 2758 795 ἐπιτηδείῳ
2790 723 3010 793 ὀργάνῳ
3039 722 3104 777 ⁸⁸,
3746 760 3749 761 ν

2248 816 2629 888 Ἀριστοτέλης
2656 816 2713 870 δὲ
2741 815 3077 883 ἐνδελέχειαν
3098 814 3275 881 λέγων
3295 813 3396 884 τὴν
3418 812 3610 883 ψυχὴν,
3640 810 3718 863 ati-

2162 906 2253 961 δέν
2274 902 2435 977 ἦττον
2466 906 2809 977 συμφέρεται
2834 908 2950 968 τοῖς
2983 905 3244 975 ποιότητα
3268 905 3521 972 λέγουσιν
3548 903 3715 972 αὑτήν’

2164 997 2494 1067 Πυθαγόρας
2514 997 2597 1064 δὲ,
2618 995 2851 1069 ἀριθμὸν
2874 995 3068 1049 ἐαυτὸν
3096 994 3377 1049 κινοῦνταυ
3405 996 3721 1069 Ξενοκράτης

2159 1089 2254 1156 δὲ,
2286 1090 2380 1142 καὶ
2410 1090 2646 1159 ἀριθμὸν
2674 1091 2908 1160 συνεχῆ,
2941 1089 3036 1142 καὶ
3068 1088 3441 1159 ἀναθυμίασιν
3476 1089 3569 1142 τοῦ
3600 1108 3718 1144 παν-

2162 1179 2283 1244 τός’
2316 1181 2367 1233 οἱ
2390 1180 2448 1233 δέ
2487 1180 2779 1251 Μανιχαῖοι
2827 1180 3096 1234 ἀθάνατον
3130 1180 3303 1251 αὐτὴν
3334 1181 3431 1233 καὶ
3462 1180 3719 1250 ἀσώματον

2163 1270 2403 1338 λέγουσι·
2431 1270 2561 1341 μίαν
2588 1271 2647 1325 δὲ
2672 1270 2844 1341 μόνην
2866 1265 3010 1323 εἶναι
3045 1269 3146 1339 τὴν
3178 1268 3289 1323 τῶν
3318 1270 3537 1324 πάντων
3564 1271 3719 1341 ψυχὴν

2163 1362 2786 1434 κατακερματιζομένην
2808 1365 2904 1416 καὶ
2920 1379 3123 1416 κατατε
3132 1362 3413 1434 μνομένην
3435 1363 3515 1426 είς
3535 1364 3597 1417 τὰ
3616 1363 3718 1416 καθ’

2161 1451 2369 1506 ἕκαστα
2400 1450 2634 1522 σώματα
2660 1451 2883 1523 ἔμψυχα
2908 1452 3003 1505 καὶ
3030 1451 3236 1522 ἄψυχα·
3265 1452 3295 1503 ό
3321 1451 3381 1504 δέ
3405 1451 3623 1505 Πλάτων
3640 1452 3720 1505 καὶ

2164 1542 2297 1613 μίαν
2331 1540 2473 1597 εἶναι
2497 1543 2593 1595 καὶ
2629 1542 2836 1607 πολλὰς
2873 1542 3054 1613 ψυχὰς
3086 1542 3454 1612 ἀποφαίνεται
3476 1559 3490 1573 ο
3524 1543 3719 1613 Κρόνιος

2160 1636 2218 1689 δὲ
2254 1636 2348 1690 καὶ
2382 1635 2694 1707 Πορφύριος
2715 1637 2896 1689 πάντα
2919 1634 2985 1689 τὰ
3019 1635 3135 1704 είδη
3161 1634 3384 1701 λέγουσι
3411 1635 3543 1704 μιᾶς
3564 1632 3719 1703 ψυχῆς

2162 1728 2370 1782 πέλειν·
2409 1727 2717 1798 ’ῐάμσλιχος
2748 1727 2809 1781 δέ
2837 1727 2938 1797 τὴν
2963 1724 3225 1780 ἐναντίαν·
3245 1726 3467 1789 τούτοις
3502 1723 3717 1797 δραμὼν,

480 1831 622 1871 naus
650 1816 884 1887 singulis
919 1817 1281 1871 animantium
1332 1815 1619 1886 speciebus
1662 1817 1859 1871 anima:
1927 1828 2054 1883 spe-

2167 1820 2285 1876 καθ’
2303 1820 2362 1875 ἐν
2383 1815 2522 1884 εἶδος
2547 1818 2690 1885 ζώου
2717 1819 2896 1890 ψυχῆς
2922 1814 3063 1882 εἶδος
3093 1812 3234 1871 εἶναι
3262 1816 3438 1886 λέγει.

477 1906 618 1960 ciem
644 1906 825 1960 inesse
849 1906 1007 1960 dicit.
1712 1960 1727 1973 _

553 1988 659 2046 Sed
688 1993 844 2047 nobis
881 1993 1014 2049 istos
1051 1995 1142 2063 qui
1186 1994 1399 2065 seipsos
1444 1994 1701 2049 refellunt
1722 1988 2063 2065 praetermit-

482 2083 1229 2149 tentibus,immortalitatem
1253 2086 1372 2156 ejus
1403 2100 1435 2141 e
1468 2085 1751 2155 Scriptura
1780 2101 1939 2142 sacra
1961 2086 2058 2141 de—

479 2185 787 2230 monstrare
815 2174 1071 2240 sufﬁciat,
1104 2190 1224 2246 quae
1242 2186 1448 2232 certam
1486 2192 1552 2233 ex
1583 2191 1643 2232 se
1676 2177 1835 2231 (idem
1870 2176 2056 2241 habet,

477 2268 753 2347 quoniam
775 2267 979 2325 Christi
1013 2270 1240 2339 ejusque
1277 2269 1673 2340 discipulorum
1700 2266 1861 2323 ell‘ata
1881 2269 2055 2324 centi-

478 2368 601 2415 net.
628 2358 684 2413 Si
703 2360 846 2414 enim
878 2376 985 2415 non
1009 2370 1145 2416 este
1170 2360 1334 2415 rebus
1358 2376 1478 2427 qua:
1520 2369 1771 2428 pereunt,
1812 2359 2058 2414 incorru-

477 2449 686 2521 ptibilis
710 2460 767 2505 et
809 2449 1133 2505 immortalis
1160 2458 1266 2505 est.
1293 2449 1495 2505 Dicunt
1523 2458 1702 2503 autem
1736 2447 1954 2517 quidam
1990 2448 2057 2501 de

478 2540 596 2609 ejus
622 2543 1015 2599 uuioneomnia
1045 2544 1193 2598 unita
1235 2543 1287 2597 in
1331 2542 1492 2597 unius
1546 2540 1865 2596 substantiae
1911 2539 2058 2595 exsi-

479 2634 733 2690 Steutiani
752 2635 967 2703 penitus
992 2622 1133 2689 uniri
1162 2641 1395 2689 :cuncta
1425 2647 1552 2688 vero
1574 2633 1722 2686 unita
1755 2630 2056 2697 immutari,

478 2740 583 2781 nec
606 2738 828 2780 manere
848 2741 969 2796 qua:
998 2727 1147 2793 prius
1173 2724 1401 2790 fuerint,
1431 2727 1576 2780 sicut
1599 2726 1650 2778 in
1685 2739 1823 2793 aqua
1853 2732 1908 2779 et
1929 2724 2058 2778 vino

481 2817 560 2871 lit.
592 2812 713 2870 lam
745 2816 1020 2887 quomodo
1054 2817 1171 2873 sive
1205 2830 1404 2886 corpus
1431 2815 1626 2869 auiuue
1669 2813 1904 2879 unitum,
1935 2829 2059 2868 cor-

476 2923 581 2978 pus
607 2908 785 2964 adhuc
834 2916 1038 2970 manet,
1087 2909 1203 2963 sive
1246 2908 1425 2961 anima
1462 2922 1581 2975 qua:
1610 2907 1930 2979 incorporea
1973 2912 2058 2959 est

477 3009 536 3054 et
577 3000 629 3052 in
683 3014 742 3055 se
787 2999 903 3070 ipsa
959 2997 1637 3067 substantiata,quomodo
1664 2996 1882 3066 corpori
1929 2995 2053 3049 uni-

482 3099 572 3145 tur
611 3098 669 3145 et
711 3091 1006 3145 animantis
1046 3090 1108 3143 lit
1136 3104 1282 3159 pars,
1337 3089 1483 3144 salva
1550 3088 1765 3157 propria
1819 3087 2055 3142 essentia

2208 2002 2384 2056 ’Ἀλλ’
2416 2004 2581 2073 ἡμεῖς
2622 2001 2847 2064 τούτους
2895 1999 3157 2062 ἐάσαντες
3200 1998 3294 2052 ὑπ’
3344 1995 3588 2068 ἀλλήλων
3610 1995 3719 2047 ἀνα-

2158 2093 2482 2165 τρέπεσθαι,
2525 2093 2889 2164 ἀρκεσθῶμεν
2920 2091 3059 2162 πρὸς
3090 2087 3367 2154 ἀπόδειξιν
3398 2088 3506 2158 τῆς
3544 2085 3718 2140 ἀθανα-

2160 2184 2284 2247 σίας
2309 2184 2483 2252 αὐτῆς
2514 2185 2580 2236 ἐκ
2606 2185 2706 2253 τῆς
2751 2181 3124 2237 θεοπνεύστου
3168 2180 3398 2251 Γραφῆς
3425 2194 3442 2209 ο
3469 2177 3531 2230 τὸ
3556 2175 3717 2230 πιστὸν

2160 2276 2253 2329 καὶ
2277 2274 2497 2346 βέϐαιον
2515 2274 2574 2339 ἐξ
2593 2275 2795 2344 ἑαυτῆς
2822 2272 3075 2343 ἐχούσης,
3104 2270 3194 2325 διὰ
3215 2273 3278 2324 τὸ
3308 2269 3563 2340 εἰρῆσθαι
3591 2266 3716 2336 παρὰ

2158 2365 2398 2438 Χριστοῦ
2456 2367 2552 2420 καὶ
2597 2366 2709 2419 τῶν
2764 2364 2931 2418 αὐτοῦ
2994 2362 3279 2433 μαθητῶν.
3333 2362 3397 2415 Ei
3439 2361 3547 2431 γὰρ
3574 2355 3714 2429 μηδέν

2159 2462 2279 2513 ἐστι
2308 2458 2419 2513 τῶν
2448 2458 2849 2529 φθειρομένων,
2909 2456 3028 2509 ἐστι
3061 2454 3121 2508 δὲ
3154 2453 3464 2525 ἄφθαρτος,
3510 2447 3717 2505 ἐστικαὶ

2158 2550 2448 2613 ἀθάνατος.
2482 2549 2718 2618 Λέγουσι
2737 2548 2795 2602 δέ
2809 2564 2953 2611 τινες
2983 2548 3116 2617 περὶ
3143 2547 3243 2617 τῆς
3272 2545 3526 2607 ἐνώσεως
3547 2541 3715 2610 αὐτῆς.

2157 2644 2241 2697 ὅτι
2272 2644 2449 2697 πάντα
2477 2640 2548 2694 τὰ
2602 2641 2855 2695 συνιόντα
2884 2641 2965 2701 εἰς
3005 2640 3136 2710 μιᾶς
3190 2637 3380 2701 οὐσίας
3424 2637 3718 2698 ὑπόστασιν,

2157 2733 2453 2797 διαπαντὸς
2480 2731 2697 2786 ἑνοῦται
2728 2747 2743 2761 ·
2777 2732 2956 2785 πάντα
2984 2730 3042 2783 δέ
3083 2729 3156 2783 τὰ
3198 2728 3474 2798 ἐνούμενα
3501 2722 3720 2781 ἀλλοιοῦ-

2158 2843 2273 2891 ται,
2305 2824 2401 2878 καὶ
2429 2824 2490 2878 οὐ
2526 2822 2741 2893 μένειᾶ
2787 2821 3061 2893 πρότερον
3079 2816 3171 2893 ἦν,
3206 2820 3284 2883 ὡς
3314 2820 3408 2872 ἐπὶ
3463 2819 3603 2872 οίνου
3637 2815 3721 2868 καὶ

2160 2914 2376 2978 ὓδατος.
2402 2912 2526 2977 Πῶς
2552 2913 2586 2983 ἢ
2610 2911 2673 2966 τὸ
2696 2912 2855 2982 σῶμα
2884 2910 3167 2982 ἡνωμένον
3194 2912 3261 2981 τῇ
3287 2909 3463 2979 ψυχῇ,
3486 2907 3565 2960 ἔτι
3589 2904 3722 2975 μένει

2160 3006 2389 3079 σῶμα,ἣ
2407 3006 2610 3076 πάλινή
2633 3005 2780 3076 ψυχὴ
2802 3004 3095 3074 ἀσώματος
3117 2996 3253 3056 οὖσα
3279 3001 3375 3053 καὶ
3406 2996 3664 3066 οὔσιώὸης
3681 2994 3720 3026 ⁸⁸

2160 3100 2284 3153 καθ’
2317 3099 2538 3170 ἑαυτὴν,
2570 3097 2686 3160 πῶς
2720 3094 2936 3150 ἑνοῦται
2969 3093 3209 3163 σώματι,
3252 3093 3349 3144 καὶ
3382 3090 3554 3161 μέρος
3593 3085 3722 3154 γίνε-

485 3182 759 3237 mistionis
783 3189 1008 3249 experte
1033 3180 1510 3249 etcorruptionis?
1539 3178 1775 3235 Necesse
1797 3188 1880 3234 est
1907 3181 2053 3247 enim

2167 3209 2250 3245 ται
2278 3190 2443 3255 ζώου,
2503 3189 2753 3255 σώζουσα
2779 3187 2880 3257 τὴν
2913 3185 3055 3239 ίδίαν
3090 3183 3281 3237 οὐσίαν
3309 3180 3620 3250 ἁσύγχυτον
3642 3175 3725 3228 καὶ

486 3284 581 3330 aut
607 3273 753 3330 uniri
802 3274 1040 3328 animam
1092 3280 1148 3326 et
1197 3278 1492 3339 corpus,et
1518 3271 1674 3325 simul
1706 3270 2055 3335 commutari,

480 3376 576 3423 aut
604 3379 813 3429 coesse,
844 3366 984 3420 sicut
1023 3364 1076 3419 in
1094 3363 1385 3419 saltatioue
1418 3361 1724 3428 saltatores,
1749 3361 1829 3417 vel
1870 3362 1924 3416 in
1955 3361 2063 3416 suf-

480 3458 672 3530 fragiis
701 3455 1042 3526 suﬂ'ragium.
1070 3455 1178 3508 Aut
1222 3456 1266 3509 si
1298 3453 1615 3522 incorporea
1647 3462 1757 3517 est,
1790 3452 2061 3523 quomodo

481 3565 513 3605 a
542 3562 777 3620 corpore
830 3545 1151 3616 separatur?
1186 3544 1332 3599 Nihil
1386 3545 1532 3599 enim
1578 3542 1959 3613 incorporeum
2029 3558 2059 3597 a

481 3654 709 3711 corpore
741 3648 1027 3710 separatur
1063 3655 1085 3693 ι
1112 3652 1217 3693 non
1245 3637 1485 3692 cohteret
1521 3635 1668 3691 enim
1714 3636 1937 3704 corpori
1976 3635 2063 3691 in-

483 3746 803 3802 corporeum
836 3749 849 3785 :
885 3730 1067 3785 anima
1096 3740 1277 3785 autem
1325 3728 1565 3784 cohaeret
1588 3728 1800 3798 corpori
1824 3737 1878 3783 et
1902 3727 1970 3784 ab
1996 3743 2060 3784 eo

482 3834 785 3895 separatur.

555 3915 795 3969 Dicimus
826 3929 956 3984 ergo
976 3914 1118 3985 quod
1157 3930 1187 3968 a
1224 3912 1450 3981 corpore
1472 3911 1527 3967 in
1581 3920 1757 3967 morte
1782 3920 2059 3980 separetur

484 4009 686 4073 anima,
713 4007 947 4076 illudque
972 4022 1158 4062 verum
1200 4007 1273 4061 sit
1296 4004 1472 4076 ;quod
1504 4018 1632 4060 vero
1660 4019 1768 4059 non
1792 4004 2066 4058 adhaereat

485 4100 863 4167 incorporeum
892 4099 1131 4169 corpori,
1165 4097 1357 4153 falsum
1381 4096 1599 4167 quidem
1629 4104 1716 4152 est
1738 4095 2066 4164 generaliter

486 4191 713 4254 dictum,
741 4190 807 4245 de
838 4188 1017 4243 anima
1052 4199 1233 4242 autem
1264 4202 1452 4244 verum
1486 4204 1501 4241 :
1532 4200 1639 4242 non
1666 4185 1812 4241 enim
1847 4184 2062 4254 corpori

486 4283 773 4352 colligatur
808 4282 1015 4337 anima.
1035 4280 1256 4336 Falsum
1289 4280 1558 4352 siquidem
1616 4278 1759 4332 linea
1806 4291 1927 4346 quae
1982 4283 2064 4329 est

486 4375 805 4443 incorporea
839 4371 1051 4441 corpori
1081 4371 1319 4424 adhaeret
1347 4378 1403 4424 et
1440 4368 1781 4434 secernitur;
1813 4365 2067 4420 similiter

2166 3283 2533 3355 ἀδιάφθορονς
2583 3282 2824 3350 Ἀνάγκη
2882 3279 3014 3349 γὰρ,
3055 3276 3091 3345 ἢ
3136 3273 3379 3347 ἡνῶσθαι
3435 3274 3535 3343 τὴν
3569 3266 3725 3339 ψυχὴν

2164 3377 2259 3430 καὶ
2301 3376 2360 3430 τὸ
2392 3375 2573 3445 σῶμα,
2605 3374 2699 3427 καὶ
2744 3369 3179 3444 συνηλλοιῶσθαι
3211 3369 3528 3439 ἀμφότερα,
3570 3365 3603 3435 ἢ
3637 3377 3727 3416 πα·

2166 3463 2481 3541 ρακεῖσθαι,
2516 3464 2592 3527 ὡς
2615 3462 2883 3535 χορευτὰς
2918 3462 2977 3515 ἐν
2999 3458 3225 3531 χορῷ,ἢ
3257 3458 3444 3529 ψῆφον
3471 3458 3535 3509 ἐν
3548 3455 3726 3525 ψήφῳ·

2164 3553 2197 3623 ἢ
2229 3555 2278 3606 εἰ
2311 3552 2602 3622 ἀσώματός
2630 3554 2770 3618 ἐστι,
2808 3551 2925 3614 πῶς
2959 3549 3260 3621 χωρίζεται
3294 3548 3404 3601 ἀπὸ
3434 3546 3534 3601 τοῦ
3566 3544 3730 3613 σώμα-

2164 3658 2293 3704 cog;
2321 3641 2488 3694 Οὐδὲν
2515 3641 2625 3709 γὰρ
2656 3640 2953 3711 ἀσώματον
2987 3639 3097 3692 ἀπὸ
3133 3637 3386 3705 σώματος
3413 3637 3728 3709 χωρίζεται·

2164 3732 2285 3785 οὐδὲ
2320 3733 2428 3803 γὰρ
2454 3732 2759 3800 ἐφάπτεται
2793 3729 3046 3802 σώματος
3086 3729 3382 3799 ἀσώματον
3413 3746 3431 3762 ο
3463 3731 3500 3800 ή
3528 3727 3584 3781 δέ

2164 3824 2261 3877 καὶ
2292 3824 2594 3891 ἐφάπτεται
2633 3823 2727 3877 καὶ
2753 3821 3050 3893 χωρίζεται
3070 3820 3162 3874 τοῦ
3189 3819 3470 3891 σώματος.

2236 3913 2486 3983 Δέγομεν
2519 3913 2643 3981 οὖν,
2687 3915 2771 3967 ὅτι
2821 3912 2883 3966 τὸ
2933 3912 3033 3982 μὲν
3079 3909 3421 3982 χωρίζεσθαι
3444 3910 3549 3981 τὴν
3574 3905 3731 3977 ψυχὴν

2166 4005 2278 4058 ἀπὸ
2310 4005 2405 4058 τοῦ
2432 4004 2686 4076 σώματος
2711 4007 2770 4059 ἐν
2801 4004 2880 4076 τῷ
2914 4003 3156 4074 θανάτῳ,
3182 4001 3386 4072 ἀληθές
3420 4006 3539 4056 ἐστι
3572 4018 3586 4032 ·
3607 4001 3662 4052 τὸ
3684 3997 3730 4050 δὲ

2170 4097 2246 4166 μὴ
2282 4097 2626 4165 ἐφάπτεσθαι
2651 4096 2942 4167 ἀσώματον
2974 4095 3247 4166 σώματος,
3278 4093 3483 4164 ψεῦδος
3512 4093 3606 4164 μέν
3634 4092 3732 4144 ἐστι

2168 4188 2398 4242 καθόλου
2433 4189 2750 4260 λεγόμενον,
2785 4189 2879 4242 ἐπὶ
2910 4188 2967 4243 δὲ
2999 4188 3099 4257 τῆς
3123 4187 3306 4258 ψυχῆς
3355 4186 3563 4254 ἀληθές
3584 4203 3598 4216 ·
3630 4181 3733 4236 οὖδέ

2167 4279 2275 4351 γὰρ
2304 4280 2605 4347 ἐφάπτεται
2657 4281 2755 4334 τοῦ
2805 4280 3117 4351 σώματοςή
3166 4279 3334 4349 ψυχή.
3367 4277 3587 4339 ιιἰεῦδος
3628 4274 3732 4345 μὲν,

2170 4370 2361 4441 ἐπειδὴ
2415 4370 2512 4423 καὶ
2568 4370 2866 4441 ήγραμμὴ
2921 4367 3213 4438 ἀσώματος
3266 4362 3402 4419 οὖσα
3454 4366 3733 4433 ἐφάπτεται

485 4475 540 4519 et
559 4463 822 4520 albitud‘o.
854 4461 931 4517 De
975 4461 1155 4516 anima
1181 4470 1358 4515 autem
1399 4473 1589 4512 verum
1630 4469 1751 4525 est;
1785 4472 1891 4512 non
1918 4456 2060 4510 enim

2171 4461 2266 4513 τοῦ
2301 4458 2552 4528 σώματος
2587 4459 2681 4512 καὶ
2703 4457 3023 4529 χωρίζεται,
3052 4455 3256 4525 ὁμοίως
3288 4455 3383 4508 καὶ
3415 4452 3729 4525 ἡλευκότηςο

486 4555 701 4627 corpori
734 4553 1023 4621 colligatur
1051 4551 1230 4607 anima
1262 4568 1275 4604 :
1320 4553 1365 4605 si
1396 4551 1541 4605 enim
1603 4549 1915 4619 colligatur,
1949 4563 2060 4602 ma-

2183 4554 2304 4606 Ἐπὶ
2330 4524 2396 4605 δὲ.⁷
2417 4552 2514 4621 τῆς
2538 4524 2943 4621 ψυχῆςγὰληθές
2964 4566 2977 4580 ο
3012 4547 3132 4602 οὐδὲ
3173 4546 3283 4617 γὰρ
3323 4547 3630 4613 ἐφάπτεται
3654 4537 3731 4593 τοῦ

489 4646 685 4703 uil‘este
707 4647 761 4702 ei
783 4646 1059 4711 adhaeret;
1093 4642 1425 4713 impossibile
1448 4650 1628 4696 autem
1684 4641 2062 4711 incorporeum

488 4739 704 4811 corpori
753 4737 976 4792 otimino
1029 4735 1328 4792 adhaerere.
1389 4734 1547 4791 Unde
1610 4747 1713 4788 nec
1763 4734 2061 4787 animalum

493 4832 601 4888 erit
657 4840 825 4886 totum
878 4827 1113 4895 animal;
1148 4827 1192 4882 si
1225 4841 1353 4881 vero
1382 4834 1469 4881 est
1530 4832 1701 4879 totum
1741 4823 2065 4887 animatum,

436 4982 441 4989 ,
499 4936 600 4978 nec
633 4920 948 4984 adhaerebit,
985 4932 1085 4974 nec
1122 4924 1459 4982 secernetur,
1495 4913 1760 4984 siquidem
1818 4912 2069 4981 incorpo~

495 5027 649 5068 I'OIHII
675 5022 778 5064 est.

560 5104 617 5159 Si
651 5117 778 5158 vero
807 5118 914 5156 non
946 5101 1241 5162 adimatur,
1274 5097 1550 5167 inquiunt,
1572 5107 1673 5150 nec
1701 5093 1939 5164 adjacet,
1972 5107 2071 5148 nec

429 5230 445 5270 ρ
491 5196 773 5260 miscetur,
800 5210 898 5247 cur
930 5191 1129 5245 animal
1156 5191 1352 5245 dicitur
1388 5204 1552 5243 unum
1579 5203 1701 5243 cum
1733 5186 1787 5241 iu
1826 5187 2071 5255 corpori-

492 5289 593 5346 bus
650 5286 912 5341 adnnatio
988 5285 1355 5338 adunatorum
1414 5282 1654 5337 omnium
1709 5281 2066 5335 mutationem

490 5390 770 5448 operetur,
796 5377 995 5447 quippe
1023 5391 1141 5445 qua:
1171 5374 1224 5428 in
1268 5373 1369 5428 alia
1403 5386 1631 5442 corpora
1684 5370 2065 5436 immutantur,

494 5468 947 5537 quemadmodum
983 5466 1248 5521 elementa
1308 5465 1361 5520 in
1421 5462 1826 5534 permistiones,
1868 5468 1923 5516 et
1965 5460 2067 5516 ali-

564 5642 609 5710 ‘f
634 5642 726 5694 ἐᾶν
764 5640 836 5710 μὴ
869 5642 960 5694 καὶ
991 5641 1127 5708 αὐτὴ
1160 5639 1564 5710 συνδιαστραφῆ
1585 5637 1765 5707 αὐτῷ·
1802 5637 2060 5706 συμϐαίνε

2167 5638 2228 5710 ip
2258 5638 2349 5710 καὶ
2381 5635 2538 5710 τοῦτο
2569 5633 2698 5710 ad]:
2720 5632 2926 5710 [Ἶροι]
2958 5630 3366 5710 διῖιιριλίιιϐῑυικ

2175 4646 2426 4715 σώματος
2458 4647 2490 4715 ἠ
2515 4644 2661 4713 ψυχή
2682 4658 2695 4671 ·
2725 4642 2774 4695 εἰ
2813 4642 2923 4710 γὰρ
2954 4640 3282 4709 ἐφάπτεται,
3302 4638 3554 4708 δηλονότι
3576 4629 3730 4703 παρὰ·

2173 4754 2353 4790 κειται
2379 4736 2561 4806 αὐτῷ·
2604 4732 2864 4788 ἀδύνατον
2913 4732 2971 4785 δὲ
3013 4729 3308 4800 ἀσώματον
3366 4728 3603 4800 σώματι,
3632 4725 3730 4777 510v

2173 4827 2285 4896 ὅλῳ
2320 4823 2715 4895 παρακεῖσθαι’
2749 4820 2889 4875 ὥστε
2913 4820 3035 4874 οὐδέ
3075 4819 3323 4891 ἔμψυχον
3364 4819 3524 4873 ἐσται
3555 4817 3663 4870 ὅλον
3683 4810 3730 4862 τὸ

2175 4916 2351 4981 ζῶον*
2385 4902 2459 4968 εἶ’
2489 4914 2548 4967 δέ
2591 4915 2741 4967 ἐστιν
2783 4912 2905 4966 ὅλον
2963 4910 3232 4992 ἔμψυχον,
3273 4909 3407 4963 οὔτε
3458 4909 3729 4980 ἐφάπτεται

2178 5011 2271 5060 καὶ
2299 5005 2617 5077 χωρίζεται,
2654 5003 2945 5075 ἀσώματος
2982 4999 3138 5056 οὖσα.

2251 5097 2398 5150 Εἰδέ
2439 5095 2513 5166 μὴ
2550 5096 2779 5166 ἥνωται,
2827 5094 2985 5164 φησὶ,
3035 5094 3173 5165 μήτε
3225 5092 3586 5163 παράκειται,
3618 5090 3727 5161 μήτε

2179 5189 2468 5261 κέκραται,
2499 5188 2583 5250 τίς
2613 5188 2641 5239 ό
2671 5185 2830 5254 λόγος
2859 5183 2955 5238 τοῦ
2986 5183 3127 5249 ζώου
3160 5183 3219 5237 ἓν
3246 5183 3529 5252 λέγεσθαι,
3560 5184 3636 5236 δτι
3656 5176 3729 5231 ἐπὶ

2183 5281 2281 5352 μὲν
2334 5278 2442 5331 τῶν
2478 5279 2770 5347 σωμάτων,
2804 5278 2845 5346 ἡ
2871 5274 3068 5337 ’ἐνωσις
3092 5274 3385 5328 ἀλλοίωσιν
3404 5275 3519 5327 τῶν
3548 5270 3730 5326 συνιόν⁴

2176 5388 2285 5424 των
2326 5371 2544 5423 πάντων
2570 5365 2886 5439 ἐργάζεται,
2917 5363 3219 5435 ἐπειδήπερ
3239 5365 3283 5396 ⁸⁸
3315 5364 3395 5428 είς
3416 5362 3552 5419 ἄλλα
3575 5361 3727 5427 σώμα-

2177 5480 2245 5515 τα
2294 5459 2693 5532 μεταϐάλλεται
2719 5475 2733 5488 ⁸
2771 5458 2845 5521 ὡς
2884 5456 2954 5511 τὰ
3005 5457 3246 5527 στοιχεῖα
3298 5453 3377 5517 εἰς
3415 5452 3492 5506 τὰ
3531 5442 3726 5517 συγκιρὶ-

3453 5628 3498 5662 '3
3536 5622 3622 5681 καί
3644 5615 3715 5672 ρῦ-

498 5700 777 5781 οιώδτ,ς...’
805 5700 937 5766 οὖσα
966 5700 1131 5780 (mni
1160 5710 1202 5763 (5
1233 5709 1315 5780 ιι)
1341 5700 1448 5766 oui.
1489 5700 1564 5764 1".-
1624 5710 1667 5740 °°
1700 5700 2060 5779 ἐπειδήπερμ

2167 5700 2224 5771 ῦς
2254 5706 2367 5760 ἀλλ.
2403 5705 2525 5776 (col.
2570 5703 2702 5759 1500
2736 5702 2777 5755 Β
2808 5702 2864 5774 ‘2.)
2898 5716 3007 5758 om.
3048 5700 3110 5754 P.
