3912 6146
310 295 446 350 19.97

1548 308 1636 364 DE
1676 306 1968 366 NATURA
2005 310 2314 369 HOMINIS.

3415 317 3554 374 1298

309 413 596 504 ματίῃ-καὶ
629 415 692 504 αἱ.
715 418 910 486 τροφσύ¹
943 418 1020 483 είς
1055 411 1222 490 αἷμα,
1247 425 1309 477 τὸ
1334 425 1390 478 δὲ
1426 422 1565 496 αἷμα
1599 430 1677 490 εἰς
1704 432 1865 499 σάρκε

1986 442 2164 488 menta
2197 435 2248 488 in
2281 435 2618 504 sanguinem,
2648 443 2703 488 et
2731 435 2951 504 sanguis
2982 436 3033 491 in
3069 451 3286 495 carnem
3335 449 3390 495 et
3422 441 3550 494 reli-

307 499 506 552 καὶτὰ
547 501 710 555 λοιπά
769 506 936 577 μόρια
985 506 1084 562 τοῦ
1147 511 1446 584 σώματος;
1501 515 1625 570 ‘Erri.
1683 519 1739 571 δὲ
1771 520 1880 574 τῶν

304 589 512 658 νοητῶν
584 592 780 658 ἓνωσις
845 598 945 666 μὲν
1003 599 1238 668 γίνεται,
1318 605 1603 671 ἀλλοίωσις
1678 611 1734 663 δὲ
1816 613 1878 664 οὐ

305 682 736 749 παρακολουθείο
790 688 851 740 οὐ
903 691 1012 763 γὰρ
1043 692 1257 762 πέφυκε
1306 699 1496 767 νοητὸν
1533 701 1654 754 κατ’
1691 704 1880 758 οὐσίαν

302 772 672 868 ἀλλοιοῦσθαι.
704 779 816 831 Καὶ
840 781 1037 854 ἡψυχὴ
1061 784 1175 856 ζωὴ
1196 783 1350 853 οὖσα,
1380 792 1428 843 εί
1449 793 1505 844 ὲν
1530 795 1595 863 τῇ
1620 796 1815 864 κράσει
1845 797 1877 868 ἦ

305 861 494 957 ὲνώσει
518 868 898 957 μετεϐάλλετο,
937 875 1207 948 ἠλλοιώθη
1244 879 1310 933 ἂν
1350 883 1444 934 καὶ
1494 861 1593 936 οὐκ
1631 861 1699 955 ἦν
1725 861 1876 957 ζωήί

302 951 356 1002 τί
386 952 462 1048 es
482 956 840 1013 συνεϐάλλετο
865 962 943 1032 τῷ
979 965 1214 1035 σώματι,
1247 970 1296 1021 εἰ
1327 971 1401 1041 μὴ
1434 951 1700 1043 παρεῖχεν
1730 951 1879 1048 αὐτῷ

303 1042 402 1112 τὴν
430 1042 608 1136 ζωηκ
642 1049 752 1101 Καὶ
788 1051 998 1120 ἥνωται·
1027 1056 1265 1130 τοίνυνή
1303 1061 1451 1131 ψυχὴ
1490 1042 1548 1114 ἐν
1580 1066 1657 1135 τῷ
1694 1042 1879 1136 σώμαλ

303 1145 379 1192 τι,
408 1131 850 1204 καὶ-ἀσυγχύτως
880 1140 1105 1210 ἥνωται.

377 1220 498 1314 Ὀτι
524 1223 625 1291 μὲν
667 1225 778 1296 γάρ
804 1229 1007 1299 ἥνωται
1039 1234 1314 1292 δείκνυσιν
1344 1241 1376 1311 ή
1403 1245 1718 1314 συμπάθεια
1736 1265 1749 1278 ·
1795 1251 1877 1303 ὅτι

301 1309 359 1361 δὲ
393 1313 827 1412 καλά-σύγχυτος
882 1322 1054 1412 μένει,
1089 1327 1189 1380 οὐκ
1227 1309 1524 1396 ἀγνοεῖται.
1565 1336 1733 1391 Ὅταν
1769 1341 1876 1412 γάρ

302 1417 354 1452 τι
386 1403 508 1498 καθ’
541 1407 712 1460 ἑαυτά
733 1409 842 1462 τῶν
869 1411 1040 1466 ὄντων
1070 1418 1462 1478 ἐπισκέπτεται
1484 1425 1576 1479 τοῦ
1601 1403 1873 1498 σώματος,

301 1489 378 1588 ὡς
400 1486 509 1588 οἷόν
529 1510 587 1546 τε
612 1495 814 1566 ἑαυτὴν
840 1503 1149 1571 χωρίζουσα
1171 1509 1332 1564 τοῦτο
1372 1517 1518 1567 ποιεῖ
1539 1533 1552 1547 ⁸
1586 1486 1875 1588 ἀσώματος

302 1581 412 1678 γὰρ
435 1578 591 1678 οὖσα,
619 1586 685 1639 δι’
706 1589 829 1678 ὅλου
855 1593 1177 1665 κεχώρηκεν
1207 1601 1286 1660 εἰς
1319 1601 1389 1654 τά
1413 1578 1832 1678 συνεφθαρμένα
1855 1578 1870 1642 ί

303 1669 400 1768 καλ
431 1671 637 1768 ἀφεῖσα,
660 1677 832 1732 ταῦτα
871 1681 1020 1749 μένει
1053 1684 1380 1758 ἀδιάφθορος
1403 1694 1495 1745 καὶ
1526 1669 1834 1768 ἀσύγχυτος
1855 1716 1869 1731 ο

302 1762 396 1850 καὶ
420 1763 480 1814 τὸ
517 1765 640 1818 καθ’
682 1768 883 1840 ἑαυτὴν
929 1772 1171 1846 καθαρὸν
1211 1759 1784 1850 ὲνδιασώζουσαξᾨαὶ
1813 1759 1871 1844 εν
1901 1759 1950 1820 Β

300 1844 394 1948 οἷς.
415 1851 642 1948 γένηται
693 1860 970 1926 τρέπουσα
999 1844 1142 1920 κατὰ
1186 1869 1284 1939 τὴν
1315 1844 1519 1944 ἑαυτῆς
1569 1844 1734 1948 ζωὴν,
1777 1883 1871 1934 καὶ

301 1941 395 1994 ὑπ’
422 1945 754 2042 εκείνωνμὴ
785 1955 1118 2027 τρεπομένη;
1172 1959 1259 2023 Ὡς
1289 1963 1398 2034 γὰρ
1429 1967 1456 2018 6
1476 1941 1632 2037 iptio;
1655 1941 1729 2042 «Ea
1764 1981 1892 2025 ’πα-⁸

301 2033 496 2104 ρουσίᾳ
522 2037 615 2089 τὸν
643 2040 783 2108 ἀέρα
823 2044 902 2106 είς
938 2046 1052 2112 φῶς
1101 2033 1450 2118 μεταϐάλλει.
1503 2033 1870 2117 στοῶν-αὐτὸν

299 2126 590 2220 φευκτοειδεῖ]3
624 2130 718 2220 καί.
771 2132 987 2188 ἑνοῦται
1011 2137 1090 2208 τῷ
1119 2139 1242 2210 ἀέρι
1281 2143 1342 2195 τὸ
1376 2146 1512 2214 φῶς,
1547 2150 1870 2220 ἀσυγχύτως

298 2211 415 2316 άμα
443 2215 594 2286 αὐτῷ
627 2219 722 2272 καὶ
751 2226 1066 2294 κεχυμένως
1092 2245 1107 2260 ο
1137 2230 1229 2284 τὸν
1263 2235 1425 2288 αὐτὸν
1455 2240 1656 2308 τρόπον
1710 2246 1803 2297 καὶ
1832 2247 1865 2316 ὴ

295 2303 442 2403 ψυχῇ
505 2309 770 2403 ἑνουμένη
833 2315 1065 2386 σώματι,
1121 2324 1273 2392 μένει
1332 2303 1500 2384 πάλιν
1527 2303 1864 2403 dicunt”:qu

297 2396 437 2496 κατά
468 2399 625 2496 τρῦτο
686 2405 850 2472 μόνον
900 2409 1313 2479 διαλλάττουσα,
1378 2420 1459 2473 ὅτι
1505 2424 1532 2474 ὁ
1569 2396 1868 2496 μὲν-ἥλιος

297 2486 457 2556 σῶμα
487 2489 580 2554 ὢν,
614 2496 707 2548 καὶ
744 2497 895 2568 τόπῳ
920 2507 1413 2576 περιγραφόμενος,
1443 2515 1543 2566 οὐκ
1570 2486 1687 2570 εστι
1725 2486 1866 2572 trav;

293 2582 460 2652 ταχοῦ
488 2583 616 2637 ἔνθα
645 2587 740 2640 καὶ
767 2590 828 2643 τὸ
853 2593 970 2658 φῶς
990 2595 1176 2660 αὐτοῦ,
1209 2599 1284 2661 ώς
1312 2601 1432 2655 οὐδὲ
1460 2606 1518 2657 τὸ
1535 2606 1647 2677 πῦρ
1670 2625 1684 2641 ο
1714 2611 1867 2679 μένει

295 2674 400 2766 γάρ
428 2677 520 2734 καὶ
540 2678 672 2731 αὐτὸ
704 2682 762 2733 ἐν
800 2685 915 2746 τοῖς
945 2683 1141 2753 ξύλοις,
1177 2690 1207 2759 ἢ
1245 2692 1302 2744 ὲν
1330 2697 1399 2765 τῇ
1433 2674 1680 2766 θρυαλίδι
1715 2674 1866 2755 ϐεδε-

297 2764 477 2855 μένον,
510 2767 586 2831 ὡς
624 2772 682 2822 ἐν
712 2772 889 2843 τόπῳ·
917 2777 949 2845 ἡ
979 2777 1128 2849 ψυχὴ
1156 2780 1212 2832 δὲ
1247 2764 1541 2854 ἀσώματος
1571 2785 1728 2855 οὖσα,
1773 2793 1868 2846 καὶ

298 2853 384 2952 μη
404 2863 852 2934 περιγραφομένη
883 2867 939 2918 ὲν
968 2869 1140 2937 τόπῳ,
1168 2872 1264 2943 ὅλη
1285 2874 1352 2927 δι’
1372 2853 1499 2930 Ῠὸλου
1536 2853 1868 2952 χωρεῖγμετά

290 2947 385 3000 τοῦ
440 2953 617 3018 φωτὸς
650 2955 840 3026 αὐτῆς,
899 2962 995 3014 καὶ
1040 2964 1315 3035 γράφεται
1364 2971 1466 3032 τὰς
1525 2947 1740 3037 οθσψίας
1770 2976 1866 3028 τοῦ

1983 539 2088 592 qua
2151 525 2388 578 membra
2441 526 2722 593 corporis?
2767 526 2822 580 In
2874 521 3322 584 intellectualibus
3372 540 3551 586 autem

1982 613 2239 668 adunatio
2274 617 2488 685 quidem
2527 617 2604 681 lit,
2642 617 2949 672 immutatio
2985 630 3169 673 autem
3212 635 3319 674 non
3372 625 3522 691 sequi

1985 709 2071 754 tur
2093 719 2107 768 ;
2129 702 2488 758 intellectuale
2510 705 2652 758 enim
2684 708 2859 774 quoad
2888 709 3181 761 essentiam
3216 725 3322 762 non
3379 719 3554 763 muta-

1984 799 2088 845 tur.
2119 793 2181 846 Et
2227 794 2406 848 anima
2435 811 2554 864 quae
2582 796 2692 850 vita
2723 809 2826 860 est,
2858 798 2902 852 si
2945 799 2998 852 in
3052 800 3435 869 coagulatione
3461 810 3553 852 aut

1982 881 2304 937 adunatione
2330 885 2581 945 variaret.
2613 897 2916 941 mutaretur
2959 895 3015 944 et
3066 904 3170 942 non
3219 897 3364 944 esset
3417 891 3547 944 vita.

1980 969 2090 1025 Cur
2123 982 2300 1026 tamen
2337 975 2552 1043 corpori"
2584 971 3025 1046 coniungeretur,
3061 979 3148 1032 cui
3187 994 3292 1033 non
3332 978 3551 1034 aﬂ'errct

1979 1063 2144 1116 vitam
2170 1064 2400 1133 ?'ltaque
2427 1066 2613 1120 unitur
2654 1068 2829 1122 anima
2858 1070 3069 1137 corpori
3108 1078 3164 1124 et
3217 1071 3422 1140 absque
3469 1069 3551 1123 fu-

1979 1155 2130 1207 sione
2168 1156 2374 1208 unitur.

2049 1240 2200 1307 Quod
2228 1242 2370 1295 enim
2403 1245 2642 1309 uniatur,
2678 1246 2837 1301 docet
2867 1248 3208 1317 sympathia;
3247 1250 3388 1318 quod
3418 1265 3546 1304 vero

1977 1331 2180 1399 absque
2222 1334 2446 1387 mistura
2479 1344 2715 1399 maneat,
2776 1337 3122 1391 notissimum
3165 1347 3271 1391 est.
3305 1337 3546 1406 Namque

1976 1420 2067 1474 ubi
2099 1421 2298 1490 aliquid
2320 1423 2460 1491 quod
2492 1439 2586 1492 per
2608 1439 2668 1480 se
2689 1426 2754 1479 ad
2777 1441 2974 1494 corpus
3005 1427 3262 1495 pertinet,
3297 1429 3547 1482 conside-

1978 1521 2081 1574 rat,
2111 1523 2364 1580 quantmu
2401 1518 2828 1582 potestseipsam
2852 1533 3132 1573 removens
3156 1520 3259 1573 hoc
3278 1519 3405 1572 facit
3445 1538 3457 1572 :
3493 1530 3548 1572 at

1976 1602 2293 1671 incorporea
2322 1605 2465 1658 enim
2501 1607 2716 1675 penitus
2756 1608 2896 1662 intra
2928 1619 3184 1677 corrupta
3220 1610 3547 1678 penetravit,

1975 1707 2094 1760 quae
2149 1696 2567 1762 prtetermittens
2617 1698 2929 1765 incorrupta
2994 1700 3176 1752 manet
3231 1709 3286 1754 et
3322 1699 3548 1753 mistura

1974 1781 2138 1837 libera
2166 1800 2180 1848 ;
2212 1792 2266 1837 et
2287 1784 2456 1852 ipsius
2479 1789 2766 1852 puritatem
2807 1799 3052 1851 servans,
3080 1796 3136 1841 et
3168 1801 3228 1840 ea
3270 1787 3321 1840 in
3354 1789 3549 1856 quibus

1971 1881 2053 1926 est
2079 1873 2145 1926 ad
2163 1888 2315 1927 suam
2342 1875 2502 1928 vitam
2527 1885 2869 1942 convertens,
2893 1877 2961 1932 ab
2997 1878 3102 1933 illis
3129 1894 3235 1933 non
3261 1893 3542 1934 conversa.

1972 1964 2433 2030 Quemadmodum
2461 1965 2606 2020 enim
2656 1967 2737 2022 sol
2771 1983 3036 2037 apparens
3068 1985 3250 2024 aerem
3291 1971 3343 2023 in
3371 1970 3546 2025 lucem

1972 2061 2315 2118 transmutat,
2342 2063 2398 2108 et
2435 2053 2670 2108 lucidum
2708 2056 2861 2120 facit,
2889 2066 2943 2110 et
2980 2059 3091 2111 acri
3126 2057 3220 2112 lux
3258 2059 3546 2122 adunatur,

1971 2142 2089 2198 sine
2122 2142 2347 2196 mistura
2381 2159 2502 2198 cum
2546 2144 2662 2214 ipso
2687 2145 2848 2199 simul
2880 2155 2933 2201 et
2964 2162 3084 2200 cum
3118 2147 3351 2213 fusione,
3382 2149 3544 2202 simili

1969 2235 2130 2288 modo
2156 2243 2212 2288 et
2231 2235 2408 2288 anima
2437 2236 2650 2304 corpori
2674 2240 2931 2303 adunata,
2951 2238 3068 2293 sine
3087 2238 3337 2294 mistioue
3366 2253 3546 2292 rema-

1969 2333 2062 2379 net
2093 2342 2108 2391 ;
2139 2323 2193 2378 in
2220 2325 2322 2380 hoc
2347 2333 2551 2380 tantum
2584 2325 2860 2393 dilferuut,
2896 2329 3036 2397 quod
3070 2327 3149 2384 sol
3199 2328 3414 2398 quidem
3450 2317 3544 2397 qui

1969 2430 2166 2485 corpus
2179 2427 2262 2471 est
2278 2417 2465 2472 etloco
2488 2417 2932 2487 circumscriptus
2951 2433 3055 2472 non
3077 2418 3275 2487 ubique
3291 2419 3473 2473 estubi
3491 2427 3546 2473 et

1968 2505 2208 2574 ejuslux,
2224 2506 2300 2559 uti
2328 2521 2425 2561 nec
2441 2508 2601 2560 etiam
2622 2507 2798 2576 ignis;
2825 2516 3004 2561 manet
3031 2507 3173 2561 enim
3194 2507 3247 2560 in
3268 2507 3432 2576 lignis
3451 2517 3544 2561 aut

1969 2599 2022 2653 in
2045 2598 2312 2668 ellychnio
2334 2597 2544 2652 haerens
2567 2597 2706 2652 sicut
2729 2597 2780 2651 iu
2801 2597 2921 2652 loco
2945 2615 2957 2650 :
2979 2598 3158 2652 anima
3180 2613 3328 2665 vero,
3357 2607 3544 2669 utpote

1969 2690 2308 2759 incorporea,
2328 2704 2430 2744 nec
2455 2689 2507 2743 in
2533 2690 2650 2744 loco
2673 2689 3106 2758 circumscripta,
3128 2699 3241 2746 tota
3259 2705 3480 2760 prorsus
3503 2691 3544 2744 it

1968 2797 2091 2838 cum
2131 2781 2251 2836 luce
2282 2795 2378 2836 sua
2417 2789 2473 2835 et
2513 2781 2664 2852 bona
2686 2781 2930 2851 corporis
2977 2782 3414 2846 circumscribit;
3441 2795 3542 2836 nec

1967 2887 2097 2943 pars
2127 2881 2211 2928 est
2231 2870 2299 2924 ab
2319 2886 2382 2926 ea
2407 2871 2731 2935 illuminata,
2759 2873 2813 2926 in
2840 2886 2946 2941 qua
2982 2879 3091 2926 tota
3117 2886 3223 2926 non
3255 2873 3414 2937 adsit,
3435 2885 3540 2926 non

1969 2965 2112 3020 enim
2143 2963 2386 3032 corporis
2431 2962 2853 3017 dominationem
2888 2963 3116 3034 patitur,
3154 2963 3246 3018 sed
3275 2962 3388 3032 ipsa
3419 2977 3541 3016 cor—

292 3037 576 3140 σώματος·
617 3047 728 3140 ’καὶ
782 3051 882 3103 οὐκ
940 3052 1053 3107 ἔστι
1110 3058 1276 3127 μέρος
1328 3060 1704 3132 φωτιζόμενον
1767 3067 1862 3121 ὑπ’

1971 3069 2068 3124 pus
2100 3054 2433 3118 dominatur,
2456 3053 2720 3122 siquidem
2760 3053 2810 3106 in
2848 3067 3075 3123 corpore
3111 3054 3285 3117 adest,
3313 3053 3542 3108 nonsic-

291 3133 486 3202 αὐτῆς,
523 3137 581 3189 ἐν
611 3130 654 3204 ᾧ
686 3139 760 3209 μὴ
816 3142 911 3212 ὅλη
971 3146 1234 3215 πάρεστιν
1265 3164 1279 3178 ·
1306 3151 1369 3203 οὐ
1414 3130 1553 3222 γάρ-
1579 3158 1863 3223 κρατεῖται

291 3223 397 3276 ὑπὸ
423 3224 518 3278 τοῦ
559 3226 828 3298 σώματος,
872 3235 988 3287 ἀλλ’
1017 3239 1157 3308 αὐτὴ
1191 3244 1385 3312 κρατεῖ
1423 3243 1484 3296 τὸ
1515 3244 1677 3314 σῶμα
1699 3264 1710 3276 ’
1738 3249 1861 3303 ἐπεὶ

288 3314 410 3368 οὐδὲ
437 3319 495 3369 ὲν
548 3319 624 3388 τῷ
660 3321 875 3392 σώματί
923 3327 1092 3392 ἐστιν,
1147 3333 1223 3394 ὡς
1279 3335 1336 3386 ἐν
1367 3334 1637 3406 ἀγγείῳῆ
1681 3339 1858 3411 ἀσκῷ.

289 3407 657 3503 ἀλλά-μᾶλλον
682 3414 742 3468 τὸ
770 3416 929 3486 σῶμα
960 3421 1016 3474 ὲν
1043 3423 1204 3494 αὐτῇ.
1244 3426 1304 3479 Ei
1327 3428 1434 3497 γὰρ
1466 3429 1560 3482 καὶ
1588 3431 1616 3482 6
1647 3407 1862 3503 προφη-

285 3513 384 3566 της
437 3501 728 3571 ἐξαγαγεῖν
784 3508 954 3580 αὐτὴν
1013 3513 1077 3565 ὲκ
1141 3515 1392 3587 φυλακῆς
1446 3519 1540 3573 τὸν
1575 3520 1710 3574 Θεὸν
1766 3501 1860 3574 ει-

286 3605 463 3682 χεται,
495 3593 611 3646 ἀλλ’
641 3596 738 3666 οὐχ
768 3597 845 3662 ὡς
886 3601 944 3653 τὸ
991 3603 1149 3673 σῶμα
1191 3606 1348 3670 εἰδὼς
1389 3608 1660 3682 φυλακὴν,
1697 3613 1773 3676 ὡς
1802 3614 1861 3667 ἐν

288 3679 536 3776 saepe?"
564 3685 622 3738 δὲ
653 3689 747 3741 καὶ
793 3690 1009 3764 φυλακῇ
1056 3696 1115 3747 ἐν
1158 3698 1236 3768 τῷ
1272 3697 1373 3768 βίῳ
1435 3679 1698 3772 ὑπάρχων
1732 3719 1745 3734 ·
1783 3705 1858 3776 μὴ

287 3771 608 3841 κωλυόμενα
640 3777 749 3849 γὰρ
781 3780 886 3834 ὑπὸ
928 3785 1037 3838 τῶν
1076 3789 1347 3858 σωμάτων
1381 3792 1449 3844 τὰ
1476 3771 1662 3861 νοητὰ,
1721 3771 1858 3849 ἀλλά

285 3864 383 3915 καὶ
416 3864 504 3919 διά
544 3871 744 3936 παντὸς
780 3876 875 3929 τοῦ
909 3877 1160 3948 σώματος
1195 3885 1500 3956 χωροῦντα,
1528 3889 1622 3941 καὶ
1649 3889 1858 3958 διαφοι-

284 3955 486 4020 τῶντα,
517 3960 610 4013 καὶ
637 3961 922 4031 διεξιόντα,
976 3969 1074 4042 οὐχ
1101 3969 1190 4028 οἷά
1215 3955 1451 4030 τέὲστιν
1496 3980 1603 4033 ἀπὸ
1635 3981 1731 4033 τοῦ
1766 3981 1858 4034 τό·

284 4063 386 4143 πρυ
421 4055 746 4120 σωματικῶς
789 4060 1138 4131 κατέχεσθαι.
1181 4067 1417 4140 Τοιαύτη
1450 4071 1559 4142 γὰρ
1584 4073 1691 4125 τῶν
1725 4091 1852 4143 νοη-

281 4135 389 4229 τῶν
423 4139 582 4206 φύσις
623 4143 914 4214 ἀσώματος
945 4153 1039 4203 καὶ
1095 4135 1417 4224 ἀμέριστος,
1455 4135 1549 4210 καλ
1578 4135 1853 4229 ἀλλήλοις,

280 4227 375 4316 καὶ
406 4229 621 4299 σώματι
652 4235 963 4303 μίγνυσθαι.
1005 4242 1096 4294 Ἐκ
1121 4245 1314 4296 τούτου
1332 4246 1440 4316 γὰρ
1457 4243 1612 4316 οἶμαι
1635 4227 1727 4300 καλ
1755 4249 1855 4315 τὴν

1965 3157 2026 3203 ut
2077 3146 2132 3202 in
2171 3161 2298 3202 vase
2331 3156 2422 3200 aut
2449 3146 2502 3200 in
2548 3154 2687 3212 utre,
2725 3146 2818 3201 sed
2856 3146 3034 3214 potius
3071 3160 3271 3215 corpus
3300 3145 3351 3198 in
3401 3144 3536 3211 ipsa.

1963 3238 2116 3294 Licet
2150 3239 2294 3293 enim
2354 3235 2622 3307 Propheta
2679 3245 2735 3290 ut
2775 3238 2970 3293 educat
3018 3236 3164 3290 illam
3198 3237 3263 3290 de
3293 3234 3554 3292 custodia.

1964 3331 2129 3396 Deus,
2151 3341 2420 3399 precetur,
2452 3343 2560 3384 non
2585 3337 2764 3384 tamen
2786 3328 2842 3382 id
2874 3327 3173 3397 dicitquasi
3219 3341 3414 3396 corpus
3444 3339 3540 3394 pro

1963 3423 2452 3490 custodiaJIabens,
2481 3420 2574 3476 sed
2592 3427 2649 3474 ut
2667 3419 2721 3472 in
2741 3417 2933 3473 exsilio
2957 3418 3076 3472 etin
3092 3417 3334 3471 custodia
3363 3415 3413 3468 in
3428 3415 3540 3468 vita

1965 3514 2255 3569 exsistens.
2297 3511 2545 3580 Namque
2595 3508 2980 3564 iutellectualia
3024 3522 3130 3560 nou
3173 3505 3542 3574 impediuntur

1962 3619 2062 3674 per
2077 3616 2330 3670 corpora,
2355 3602 2447 3656 sed
2468 3611 2524 3653 et
2544 3613 2639 3667 per
2661 3607 2832 3652 totum
2858 3610 3052 3664 corpus
3078 3595 3248 3652 divisa
3272 3593 3538 3649 ordill‘usa
3562 3637 3582 3645 .,

1961 3703 2016 3749 et
2029 3693 2284 3759 errantia,
2299 3691 2795 3762 corporaliterJoco
2808 3687 3055 3744 concludi
3076 3695 3370 3756 nequeunt.
3392 3685 3538 3740 Talis

1963 3795 2046 3842 est
2073 3786 2218 3842 enim
2248 3782 2695 3840 intellectualium
2731 3789 2924 3836 natura
2958 3781 3277 3850 incorporea
3319 3787 3374 3834 et
3404 3779 3540 3833 iudi-

1965 3878 2104 3940 visa,
2159 3882 2220 3928 ut
2270 3874 2372 3929 sibi
2425 3873 2654 3926 invicem
2707 3879 2761 3927 et
2817 3870 3137 3940 corporibus
3181 3871 3534 3925 misceantur.

1964 3965 2172 4021 Exinde
2201 3965 2342 4019 enim
2371 3963 2563 4032 opinor
2582 3972 2637 4016 et
2657 3961 2890 4015 animam
2917 3977 2948 4014 a
2973 3961 3303 4038 daemonibus
3326 3961 3533 4022 vexari,

1964 4074 1993 4113 a
2029 4057 2336 4113 ratiociniis
2363 4055 2516 4110 malis
2558 4053 3020 4124 blasphemiisque
3049 4063 3104 4109 et
3133 4056 3200 4113 ab
3248 4054 3366 4109 istis
3415 4070 3536 4123 quae

1928 4154 1930 4156 ’
1962 4152 2114 4207 nefas
2151 4159 2232 4204 est
2265 4149 2446 4204 dicere
2494 4155 2588 4202 aut
2619 4147 2878 4216 cogitare,
2901 4147 3201 4216 praesertim
3232 4163 3352 4201 cum
3413 4149 3533 4215 quis

1959 4243 2305 4301 Christianus
2324 4248 2440 4294 est.

279 4315 458 4410 ψυχὴν
489 4321 595 4375 ὑπὸ
616 4325 727 4378 τῶν
758 4327 1028 4396 δαιμόνων
1061 4315 1417 4405 πλήττεσθαι,
1451 4315 1555 4392 ὐττδ
1574 4340 1851 4410 λογισμῶν
1889 4337 2145 4410 πονηρῶν
2177 4337 2272 4389 καὶ
2333 4330 2729 4404 βλασφημιῶν,
2749 4331 2843 4384 καὶ
2902 4323 2976 4383 ὧν
3003 4328 3124 4382 οὐδὲ
3151 4328 3310 4398 Θέμις
3333 4329 3528 4390 εἰπεῖν,

277 4409 310 4478 ἦ
342 4412 621 4481 ἐκνοῆσαι,
651 4416 745 4468 καὶ
791 4419 1026 4488 μάλιστα
1080 4425 1409 4495 Χριστιανὸν
1441 4430 1594 4484 ὅντα.
1741 4409 1745 4410 ν
2020 4409 2046 4410 ἡ
3178 4472 3181 4476 -

348 4499 458 4571 Τὴν
493 4503 675 4573 μέντοι
715 4507 1014 4566 ἀθανασίαν
1045 4516 1216 4586 αὐτῆς
1243 4518 1339 4571 καλ⁸
1367 4521 1595 4576 Πλάτων
1647 4527 1710 4577 ὲκ
1754 4523 1849 4577 τοῦ

2029 4517 2197 4572 Porro
2255 4513 2712 4567 inmortalitatem
2761 4509 2913 4564 Plato
2962 4524 3028 4564 ex
3064 4507 3178 4578 ejus
3232 4509 3529 4564 mobilitate

277 4590 592 4664 ἀεικινήτου
645 4597 816 4667 αὐτῆς
861 4602 1239 4672 συλλογίζεται
1269 4608 1440 4674 οὕτως
1466 4627 1478 4639 ·
1523 4631 1540 4662 ι
1587 4613 1650 4664 Ἦ
1680 4614 1848 4684 ψυχὴ,

1971 4607 2204 4661 :ontinua
2228 4603 2443 4657 deducit
2467 4602 2580 4656 sic:
2612 4621 2630 4652 ι
2659 4601 2877 4663 Anima,
2907 4600 3105 4669 inquit,
3136 4599 3390 4654 continue
3415 4615 3528 4653 mo-

278 4681 445 4747 φησὶν
474 4720 489 4744 ,
545 4686 857 4758 ὰεικίνητός
887 4694 1003 4746 ἐστι
1035 4709 1049 4722 ⁸
1092 4696 1152 4748 τὸ
1186 4697 1498 4768 ἀεικίνητον
1541 4681 1848 4756 ἀθάνατον-ο

1971 4699 2074 4753 iilis
2137 4703 2264 4761 est;
2317 4694 2471 4766 quod
2503 4693 2760 4748 continue
2805 4691 3018 4754 mobile,
3061 4700 3144 4744 est
3179 4689 3524 4753 immortale;

277 4773 311 4839 ἡ
342 4771 490 4842 ψυχὴ
522 4775 630 4844 ἄρα
668 4779 958 4847 ἀθάνατος.
1007 4785 1118 4839 Καὶ
1163 4788 1348 4859 ἐπειδὴ
1384 4790 1650 4854 ἀθάνατός
1703 4796 1851 4848 ἐστιν

1971 4802 2080 4856 ιι·ςο
2096 4786 2276 4841 anima
2316 4784 2658 4838 immortalis.
2683 4783 2750 4836 Et
2775 4783 2822 4836 si
2856 4781 3182 4835 immortalis
3208 4790 3294 4835 est
3317 4781 3524 4843 anima,

278 4866 312 4933 ἡ
367 4867 552 4936 ψυχὴ,
597 4870 735 4924 εἰσὶν
791 4875 1018 4943 ἀμοιϐαὶ
1064 4877 1172 4930 τῶν
1225 4879 1442 4948 φαύλων
1491 4883 1586 4937 καὶ
1632 4886 1853 4953 ἀγαθῶν

1971 4887 2075 4933 ιυιιι
2098 4876 2482 4938 retributiones
2507 4889 2796 4943 pravarum
2826 4882 2880 4926 et
2917 4873 3181 4926 bonarum
3211 4873 3520 4935 actionum;

272 4955 529 5025 πράξεων
559 4974 570 4985 ·
600 4963 650 5012 εί
694 4961 751 5014 δὲ
799 4965 936 5017 εἰσὶν
965 4967 1214 5035 ἀμοιϐαὶ,
1249 4969 1366 5024 ἔστι
1403 4975 1462 5027 τὸ
1489 4975 1845 5046 δικαζόμενον

1971 4970 1995 5024 si
2021 4977 2148 5024 sunt
2171 4966 2576 5032 retributiones,
2615 4973 2696 5018 est
2723 4963 3022 5032 judicatum
3051 4972 3104 5015 et
3158 4963 3442 5034 judicans;
3477 4964 3528 5018 si

269 5047 369 5099 καὶ
398 5048 636 5113 δικάζον⁸
669 5055 718 5104 εί
745 5053 802 5105 δὲ
849 5055 1047 5110 ἔστιτὸ
1071 5059 1432 5130 δικαζόμενον
1471 5069 1563 5119 καὶ
1597 5068 1842 5133 δικάζον,

1971 5070 2035 5116 :st
2069 5059 2366 5129 judicatum
2390 5066 2445 5111 et
2485 5056 2756 5124 judicans,
2792 5063 2873 5108 est
2904 5053 3177 5123 provisum
3234 5065 3285 5109 et
3339 5057 3487 5124 provi

271 5134 386 5188 ἔστι
436 5144 738 5210 προνοητὸν
765 5144 862 5196 καὶ
900 5147 1123 5217 πρόνοια
1143 5166 1156 5180 ’
1182 5151 1228 5201 εί
1260 5151 1317 5204 δὲ
1347 5155 1540 5221 ταῦτα,
1574 5159 1843 5225 ἀθάνατος

1971 5150 2117 5214 lens;
2157 5163 2276 5218 quze
2307 5149 2350 5202 si
2387 5155 2531 5214 sunt,
2565 5145 2882 5199 immortalis
2902 5160 3032 5214 ergo
3057 5145 3257 5201 anima.
3295 5166 3312 5196 ι

268 5226 378 5296 ἄρα
408 5231 439 5298 ἡ
473 5231 642 5304 ψυχή.
682 5253 700 5284 ›

353 5321 412 5373 Ὀ
442 5323 499 5376 δὲ
527 5326 700 5394 μέγας
721 5328 1000 5394 Βασίλειος
1026 5335 1192 5402 φησιν
1210 5349 1222 5365 ⁸
1253 5355 1271 5386 ι
1296 5337 1718 5409 Ἀόρατονέἶναι
1744 5346 1835 5402 τὸν

247 5410 403 5465 σθεδν
434 5415 679 5478 πίστευε,
709 5421 830 5472 ἐπεὶ
857 5422 952 5474 καὶ
981 5424 1012 5493 ἡ
1041 5423 1187 5496 ψυχὴ
1223 5429 1452 5499 ἀόρατός
1487 5434 1636 5488 ἐστιν
1672 5453 1684 5466 ·
1713 5424 1869 5490 οὔτε

266 5503 376 5599 γὰρ
399 5505 732 5576 κέχρωσται,
767 5509 891 5564 οὗτε
909 5514 1333 5584 ἐσχημάτισται,
1366 5521 1489 5574 οὔτε
1522 5526 1631 5578 τινί
1663 5546 1838 5599 χαρα-

269 5593 431 5663 κτῆρι
484 5599 784 5670 σωματικῷ
837 5604 1218 5674 περιείληπται
1249 5625 1262 5639 ·
1296 5609 1412 5664 ἀλλ’
1453 5616 1514 5668 ἐκ
1546 5616 1653 5671 τῶν
1683 5621 1835 5690 ἐνερ-

342 5702 382 5735 οι
408 5704 594 5776 όξνδρία
627 5707 760 5764 Cod.
797 5711 861 5763 A.

2023 5345 2244 5415 illagnus
2301 5359 2429 5398 vero
2485 5343 2715 5397 Basilius
2770 5343 2945 5410 inquit
3008 5362 3022 5398 :
3093 5362 3120 5395 ι.
3190 5344 3520 5400 luvisibilem

1948 5437 2107 5492 crede
2128 5437 2316 5499 Deum,
2345 5450 2466 5488 cum
2502 5445 2556 5488 et
2581 5434 2756 5486 anima
2787 5433 3069 5487 invisibilis
3097 5437 3195 5489 sit:
3231 5453 3326 5490 nec
3373 5438 3516 5491 enim

1947 5527 2125 5582 colore
2157 5542 2255 5581 nec
2295 5527 2630 5596 paramentis
2651 5535 2898 5589 ornatur,
2934 5541 3031 5579 nec
3072 5530 3261 5596 quovis
3319 5529 3514 5582 chara-

1941 5630 2089 5675 ctere
2111 5633 2372 5689 corporeo
2398 5617 2710 5682 includitur,
2740 5615 2832 5671 sed
2858 5631 2922 5673 ex
2949 5618 3168 5688 euergia
3198 5629 3402 5675 tantum
3434 5621 3514 5676 di-
