3944 6152
311 315 443 375 1501

1550 313 1639 369 DE
1674 313 1964 374 NATURA
2002 320 2242 380 HOMINi
2256 326 2316 381 S.

3435 286 3578 376 1302

314 424 606 501 ύερηγήτὴς
637 425 732 481 καὶ
779 425 1094 488 διδάσκαλος
1137 421 1257 477 καθ’
1293 411 1540 494 ἑκάστην
1576 425 1653 491 ὠς
1672 426 1895 481 ἐπαινέ-

2035 441 2159 488 ator
2189 434 2357 491 silens
2388 446 2708 503 magnorum
2736 445 2965 502 operum
2996 438 3053 485 et
3080 442 3273 501 magna
3306 440 3445 484 ποτε
3465 428 3580 483 cla-

314 542 417 596 της
438 521 605 593 σιγῶν
633 521 734 583 τὰς
754 519 1166 590 μεγαλουργίας
1195 515 1293 573 καὶ
1320 511 1651 587 διαπρύσιος
1679 520 1857 591 κήρυξ
1879 536 1893 550 ο

318 615 460 673 ἀλλὰ
507 612 834 684 ἀτιμότερος
888 610 984 664 τοῦ
1019 609 1216 681 μικροῦ
1278 606 1376 661 καὶ
1433 609 1697 679 αἰσθητοῦ
1756 611 1898 667 κατὰ

320 707 458 762 πολῦ
483 706 721 777 ὑπάρχει
738 720 753 735 ο
780 702 857 766 ὡς
877 704 907 757 6
933 702 1033 773 μὲν
1062 698 1402 770 αἱσθητικὸς,
1448 702 1477 753 6
1511 700 1570 754 δὲ
1598 701 1856 772 αἰσθητός
1881 719 1896 734 ο

320 797 413 863 καὶ
447 798 476 852 6
506 796 605 866 μὲν
633 793 823 859 ἀκτὸς,
848 794 879 846 6
898 792 958 845 δὲ
984 790 1365 858 αὑτεξούσιος⁹
1426 791 1520 845 καὶ
1543 793 1572 851 6
1622 793 1722 861 μὲν
1751 792 1902 859 ξένος

318 887 480 954 Θεοῦ,
515 886 592 950 ὡς
612 886 719 939 ὑπὸ
751 884 851 956 τὴν
897 883 1176 953 αἴσθησιν,
1211 884 1240 936 6
1271 882 1331 936 δὲ
1378 883 1585 946 οἰκεῖος
1629 883 1750 954 Θεῷ
1804 885 1902 941 καὶ

325 982 520 1053 νοερᾶς
541 977 759 1049 φύσεως
783 993 798 1008 ⁶
840 976 938 1035 καὶ
977 976 1052 1039 ὼς
1086 977 1279 1047 κρᾶμα
1308 973 1369 1039 ἐξ
1409 975 1747 1046 ἀμφοτέρου,
1797 976 1898 1031 καὶ

324 1074 521 1143 σοφίας
556 1070 806 1142 μείζονος
832 1066 1149 1137 γνώρισμα,
1175 1067 1272 1121 καὶ
1297 1067 1398 1137 τῆς
1428 1067 1559 1137 περὶ
1575 1066 1676 1130 τὰς
1709 1067 1903 1135 φύσεις

324 1162 700 1230 πολυτελείας.
728 1160 845 1220 Καὶ
863 1159 939 1223 ὡς
957 1159 987 1210 6
1020 1157 1120 1228 μὲν
1150 1158 1355 1228 κόσμος
1384 1158 1550 1210 ἕνεκα
1571 1157 1669 1209 τοῦ
1687 1156 1785 1211 ἀνθ
1797 1156 1905 1227 ρώ-

326 1272 433 1309 που
456 1270 471 1285 ’
505 1256 534 1308 6
560 1253 846 1323 ἄνθρωπος
878 1250 959 1315 δὲ,
1000 1250 1089 1303 ἵνα
1115 1250 1253 1321 μένῃ
1271 1249 1367 1310 καὶ
1396 1247 1600 1322 δοξάζῃ
1623 1248 1716 1301 τὸν
1743 1249 1902 1319 εύερ-

326 1347 513 1416 γέτην.
543 1346 606 1398 Ei
635 1345 692 1407 δὲ
716 1342 829 1411 ἐγὼ
871 1341 971 1411 μὲν
1021 1343 1102 1404 είς
1138 1340 1300 1407 δόξαν
1334 1340 1494 1404 Θεοῦ,
1537 1344 1566 1395 6
1604 1341 1811 1411 κόσμος
1846 1340 1905 1394 δὲ

325 1434 394 1487 δι’
422 1434 544 1503 εμὲ,
563 1433 642 1495 ὡς
669 1434 702 1503 ἠ
733 1430 1051 1503 ιτιυράιτρα⁸11⁵
1072 1430 1163 1483 διὰ
1189 1430 1287 1500 τὴν
1323 1428 1567 1500 ἄμαξαν,
1614 1430 1646 1501 ἢ
1678 1432 1709 1484 6
1734 1430 1910 1501 πρίων

325 1521 418 1575 διὰ
449 1521 550 1590 τὴν
590 1519 782 1590 Θύραν,
838 1521 867 1572 6
896 1518 1169 1587 Θεολόγος
1212 1520 1372 1587 φησι,
1412 1518 1551 1577 νικῶ
1603 1520 1671 1590 τῇ
1721 1516 1909 1588 αἰτίαι

328 1611 458 1662 ὅσον
483 1608 594 1679 γὰρ
631 1608 951 1677 κτισμάτων
985 1607 1117 1669 Θεὸς
1139 1605 1494 1676 ὑψηλότερος,
1525 1605 1783 1660 τοσοῦτον
1814 1604 1911 1659 τοῦ

327 1699 421 1753 διὰ
446 1697 580 1751 Θεὸν
628 1697 974 1758 ὑποστάντος
1028 1695 1192 1765 ἐμοῦ,
1225 1695 1284 1748 τὸ
1322 1694 1388 1748 δι’
1441 1696 1546 1766 ἐμὲ
1612 1696 1912 1763 γενόμενον

2000 539 2154 581 mons
2210 540 2419 595 prisco,
2484 524 2653 581 multo
2696 522 2874 591 magis
2939 521 3204 592 inglorius
3244 529 3339 575 est
3410 532 3578 588 quam

2001 631 2200 685 parvus
2230 626 2292 671 et
2322 617 2570 672 sentiens
2596 615 2834 670 mundus
2871 631 2886 669 :
2922 613 3013 675 ille
3045 612 3272 682 quidem
3300 613 3404 665 sub
3444 625 3576 665 sen-

2001 722 2097 763 sus
2142 707 2310 772 cadit,
2362 707 2453 762 hic
2503 706 2771 763 sentiendi
2814 720 3020 776 capax;
3078 703 3168 757 ille
3216 702 3576 773 gubernatus,

2003 799 2092 856 hic
2116 799 2346 854 liberam
2376 797 2660 854 arbitrium
2703 797 2946 860 habens;
2974 794 3180 851 alienus
3209 791 3298 846 ille
3327 807 3357 846 a
3386 791 3494 847 Deo
3520 799 3583 846 ut

2005 893 2106 948 sub
2138 905 2337 947 sensus
2359 892 2580 954 cadens,
2613 888 2702 942 hic
2728 885 2840 941 Deo
2868 895 3130 957 cognatus
3153 883 3583 939 etintellectua-

2000 983 2074 1039 lis
2100 992 2341 1051 naturae;
2370 993 2425 1038 et
2454 980 2611 1050 quasi
2666 979 2950 1047 utriusque
2983 983 3471 1046 temperamentum
3524 983 3584 1029 et
3629 1008 3647 1017 -

2007 1074 2290 1146 sapientiae
2348 1071 2597 1128 melioris
2655 1084 2722 1127 ac
2768 1082 3091 1124 naturarum
3165 1064 3585 1135 magniﬁcentiae

2010 1174 2411 1236 argumentum.
2441 1164 2515 1218 Et
2532 1165 2618 1218 sic
2644 1161 2881 1216 mundus
2906 1157 3144 1214 hominis
3191 1170 3378 1222 causa,
3420 1157 3585 1211 homo

2010 1271 2141 1311 vero
2189 1265 2248 1310 ut
2299 1256 2575 1310 adbzereat
2623 1251 2958 1308 benefactori
2999 1263 3234 1318 eumque
3293 1246 3585 1318 gloriﬁcet.

2011 1348 2069 1404 Si
2098 1356 2275 1403 autem
2302 1362 2408 1417 ego
2427 1348 2494 1401 ad
2521 1346 2614 1401 Dei
2642 1346 2870 1414 gloriam
2895 1350 2950 1399 et
2972 1341 3205 1398 mundus
3230 1347 3452 1409 propter
3477 1350 3583 1403 me,

2013 1440 2153 1495 sicut
2208 1439 2428 1508 forceps
2475 1448 2696 1507 propter
2731 1450 2976 1498 currum,
3031 1440 3123 1487 aut
3162 1446 3313 1488 serra
3362 1437 3589 1499 propter

2015 1541 2248 1600 portam,
2273 1529 2348 1587 sit
2375 1528 2714 1599 'l'beologus;
2742 1541 2841 1596 ego
2864 1540 3086 1580 causam
3111 1522 3362 1588 obtineo;
3387 1525 3590 1589 quanto

2012 1622 2160 1675 enim
2179 1619 2445 1677 creaturis
2468 1618 2815 1684 praestantior
2838 1625 2924 1671 est
2950 1613 3111 1678 Deus,
3152 1619 3312 1667 tanto
3353 1610 3442 1664 illa
3471 1622 3593 1679 qua

2016 1721 2354 1783 prepterme
2384 1709 2532 1763 iac-ta
2571 1716 2717 1773 sunt,
2752 1706 2944 1762 viliora
2974 1712 3107 1759 sunt
3154 1717 3318 1771 quam
3362 1714 3463 1770 ego
3494 1697 3588 1768 qui
3642 1756 3645 1759 _

330 1791 683 1860 ἀτιμότερον
720 1789 782 1843 τὸ
825 1789 936 1859 γὰρ
991 1782 1054 1842 οὗ
1096 1786 1264 1841 ἕνεκα
1306 1786 1402 1840 τοῦ
1462 1787 1629 1841 ἕνεκα
1665 1786 1784 1851 τοῦ,
1821 1786 1916 1841 καὶ

2035 1812 2236 1871 iropter
2264 1802 2428 1855 Deum
2452 1800 2660 1854 etsisto
2689 1817 2702 1853 :
2730 1812 2966 1866 namque
2996 1794 3188 1849 melius
3211 1802 3295 1848 est
3325 1800 3381 1848 et
3413 1791 3591 1845 hono-

333 1879 525 1953 μεῖζον
550 1880 645 1935 καὶ
669 1878 1023 1949 τιμιώτερον.
1069 1897 1088 1930 ι

405 2057 746 2129 Σημαντιᾏὸς
771 2056 829 2111 δέ
858 2057 1012 2109 ἐστιν
1032 2057 1059 2109 6
1086 2054 1374 2126 ἄνθρωπος
1404 2054 1514 2107 τῶν
1543 2054 1638 2108 δύο
1670 2053 1915 2125 κόσμων,

330 2152 431 2208 τοῦ
468 2150 668 2224 ὁρατοῦ
701 2150 796 2205 καὶ
824 2149 919 2203 τοῦ
948 2148 1207 2221 ἀοράτου,
1249 2150 1360 2211 τοῖς
1380 2150 1525 2202 νοεῖν
1551 2148 1877 2218 δυναμένοις
1900 2164 1914 2179 ·

2015 1894 2191 1946 ratius
2221 1891 2271 1945 id
2314 1901 2531 1960 propter
2565 1889 2706 1958 quod
2741 1886 2947 1956 aliquid
2976 1885 3212 1952 exsistit,
3251 1895 3415 1952 quam
3461 1879 3592 1935 illud

2019 1983 2164 2051 quod
2185 1990 2401 2051 propter
2417 1979 2561 2033 aliud
2589 1977 2823 2032 exsistit.
2858 1994 2878 2029 ι

2091 2071 2265 2131 ilomo
2293 2087 2358 2127 eo
2375 2069 2519 2142 quod
2552 2068 2791 2140 cogitare
2817 2075 3015 2138 potest,
3036 2065 3103 2121 ad
3120 2064 3383 2120 mundum
3408 2061 3596 2116 visibi-

2021 2164 2125 2218 lem
2158 2178 2222 2218 ac
2245 2161 2578 2218 invisibiiem
2619 2166 2829 2229 spectat
2856 2178 2869 2214 :
2896 2159 3154 2213 eduabus
3206 2156 3351 2211 enim
3388 2151 3597 2207 naturis

333 2247 402 2299 ἐκ
422 2244 516 2301 δύο
545 2244 655 2321 γὰρ
691 2243 978 2310 σύγκειται
1002 2240 1240 2310 φύσεων.
1281 2239 1425 2293 Ἀλλ’
1455 2240 1505 2292 εἱ
1538 2240 1634 2293 καὶ
1654 2240 1839 2304 διττὰς
1863 2242 1922 2293 ὲν

2035 2254 2394 2311 constituitur.
2425 2252 2532 2308 Sed
2561 2252 2689 2307 licet
2726 2252 2861 2305 duas
2896 2250 2949 2302 in
2977 2263 3037 2303 se
3064 2246 3318 2300 ostendat
3345 2252 3595 2308 naturas,

338 2336 520 2408 ἑαυτῷ
544 2335 785 2391 δεικνύει
812 2334 1029 2404 φύσεις,
1057 2335 1119 2386 οὑ
1146 2332 1240 2386 δύο
1260 2332 1457 2403 ερύσεις
1502 2332 1673 2396 ἔστιν,
1709 2332 1825 2386 ἀλλ’
1858 2336 1924 2387 ὲκ

2035 2360 2132 2401 non
2167 2353 2253 2401 est
2278 2353 2457 2398 tamen
2485 2351 2692 2398 natum
2711 2341 2850 2405 dum,
2882 2338 2976 2394 sed
3007 2354 3038 2394 e
3067 2337 3311 2401 duabus;
3341 2350 3465 2388 nam
3493 2334 3601 2388 sic-

341 2430 454 2483 τῶν
479 2427 571 2482 δύο
598 2444 614 2460 ο
654 2428 729 2490 ὡς
775 2428 885 2496 γὰρ
919 2425 982 2478 τὸ
1033 2425 1195 2493 σῶμα
1227 2424 1288 2477 τὸ
1342 2419 1454 2477 οἷον
1497 2420 1590 2485 οὖν
1633 2425 1924 2493 σύγκειται

2035 2447 2088 2493 ut
2115 2451 2313 2505 corpus
2335 2433 2714 2504 qualecunque
2765 2430 3114 2487 constituitur
3133 2442 3200 2481 ex
3230 2425 3355 2494 igne
3376 2431 3431 2478 et
3451 2436 3601 2487 aere,

349 2520 451 2588 μὲν
476 2520 541 2572 ὲκ
569 2517 743 2587 πυρὸς
766 2517 859 2581 καὶ
883 2515 1065 2585 ἀέρος,
1103 2514 1295 2582 ὕδατος
1325 2514 1423 2567 καὶ
1453 2515 1559 2584 γῆς
1584 2531 1598 2545 ·
1627 2517 1729 2568 οὑκ
1764 2514 1845 2568 ἔτι
1869 2514 1926 2567 δὲ

2035 2544 2167 2598 aqua
2200 2538 2256 2582 et
2295 2536 2478 2591 terra;
2530 2538 2630 2579 nec
2663 2532 2844 2578 tamen
2887 2522 3029 2577 idem
3056 2532 3254 2588 corpus
3297 2517 3446 2571 dices
3481 2528 3605 2571 esse

342 2610 407 2662 τὸ
433 2607 569 2663 αὑτὸ
602 2607 763 2676 σῶμα
786 2604 907 2675 πῦρ
962 2603 1125 2675 εἴπῃς
1177 2602 1339 2670 εἶναι,
1374 2605 1484 2661 οὐδ’
1520 2602 1588 2659 αὖ
1612 2605 1772 2676 ἀέρα,
1803 2603 1926 2660 οὔτε

2035 2622 2232 2690 ignem,
2264 2634 2362 2674 nec
2392 2632 2538 2683 aera,
2567 2632 2666 2672 nec
2695 2616 2822 2685 quid
2847 2613 3018 2677 aliud,
3043 2612 3138 2667 sed
3172 2610 3278 2664 tale
3310 2608 3604 2678 quoddam,

342 2719 400 2754 τι
421 2701 530 2754 τῶν
560 2699 736 2754 ἄλλων
771 2714 786 2730 °
819 2697 959 2753 ἀλλὰ
986 2697 1192 2751 τοιόνδε
1245 2714 1320 2761 τι,
1373 2697 1525 2751 λίθον
1553 2698 1719 2767 τυχὸν
1769 2698 1802 2768 ἦ
1836 2696 1926 2764 ξύ-

2035 2710 2265 2780 lapidem
2298 2709 2448 2764 verbi
2494 2722 2661 2762 causa
2693 2714 2787 2760 aut
2820 2704 3027 2772 lignum
3061 2719 3076 2756 :
3118 2701 3372 2756 similiter
3396 2707 3459 2753 et
3485 2712 3608 2751 cor-

346 2793 441 2847 λον
473 2809 489 2826 ο
530 2792 733 2862 ὁμοίως
768 2791 863 2845 καὶ
891 2791 954 2847 τὸ
994 2789 1154 2859 σῶμα
1184 2789 1248 2843 τὸ
1281 2790 1550 2859 ἔμψυχον,
1591 2791 1652 2844 τὸ
1714 2790 1926 2858 λογικὸν

2036 2816 2135 2871 pus
2155 2801 2472 2864 animatum,
2504 2796 2767 2853 rationale
2790 2803 2884 2849 aut
2910 2791 3247 2858 irrationale,
3275 2804 3375 2845 nec
3397 2785 3612 2857 sangui-

350 2884 386 2955 ἢ
424 2883 641 2952 ἄλογον,
673 2883 769 2952 οὑχ
799 2877 960 2951 αἷμα,
987 2881 1018 2951 ἢ
1051 2882 1293 2951 φλέγμα,
1321 2882 1354 2951 ἢ
1381 2882 1513 2951 μίαν
1545 2881 1798 2943 καλέσεις
1826 2881 1926 2933 τῶν

2037 2908 2182 2961 ηοω,
2214 2908 2315 2948 nec
2348 2892 2620 2962 phlegma,
2655 2903 2757 2945 nec
2786 2886 2946 2943 bilem
2987 2883 3212 2939 vocabis
3245 2902 3259 2938 :
3313 2896 3419 2935 non
3461 2879 3610 2933 enim

350 2974 527 3045 χολῶν
553 2991 566 3005 ·
607 2975 669 3026 οὑ
705 2974 816 3055 γᾴρ
844 2991 899 3026 τι
934 2972 1130 3025 ταύτὸν
1182 2976 1297 3036 τοῖς
1340 2972 1408 3036 ,ἐξ
1443 2966 1518 3027 ὧν
1558 2975 1730 3026 ἐστιν.
1781 2972 1926 3024 Ἐπεὶ

2038 2985 2181 3041 idem
2211 2994 2296 3040 est
2330 2998 2395 3039 ac
2422 2997 2485 3037 ea
2514 2996 2578 3037 ex
2614 2980 2815 3051 quibus
2865 2983 3100 3033 constat.
3148 2970 3612 3040 Quemadmodum

351 3070 414 3134 δὲ
442 3067 696 3138 διάφορος
723 3068 752 3120 ὁ
792 3066 956 3134 ,λόγος
1009 3064 1106 3119 τοῦ
1148 3083 1209 3119 τε
1253 3066 1645 3135 συγκειμένου,
1709 3065 1818 3121 τῶν
1873 3081 1926 3117 τε

2040 3083 2222 3131 autem
2257 3073 2615 3143 compositum
2652 3087 2682 3124 a
2711 3071 2876 3125 rebus
2906 3064 3358 3137 componentibus
3406 3056 3612 3122 differt,

356 3158 722 3219 συντεθέντων
745 3173 760 3188 ο
785 3157 957 3221 οὑτως
990 3160 1086 3216 καὶ
1115 3160 1143 3214 6
1175 3156 1485 3226 ἄνθρωπος,
1507 3159 1559 3211 εἰ
1598 3158 1695 3210 καὶ
1725 3157 1790 3210 ἐκ
1833 3156 1926 3227 ψυ-

2042 3168 2122 3224 sic
2145 3177 2200 3223 et
2238 3165 2583 3230 bomo,1icet
2629 3177 2696 3217 ex
2735 3175 2915 3214 anima
2975 3166 3030 3212 et
3095 3168 3324 3225 corpore
3372 3156 3611 3213 constat,

354 3247 462 3327 χῆς
488 3247 584 3311 καὶ⁵
616 3244 868 3315 σώματός
898 3248 1077 3309 ἐστιν,
1119 3247 1235 3300 ἀλλ’
1268 3246 1457 3314 ’ἐτερόν
1482 3249 1599 3299 ἐστι
1654 3246 1809 3317 παρὰ
1864 3246 1926 3299 τὰ

2043 3258 2189 3314 aliud
2214 3258 2481 3328 quoddam
2508 3264 2595 3311 est
2621 3255 2690 3308 ab
2718 3254 2807 3307 ibis
2836 3266 2867 3306 e
2892 3250 3091 3321 quibus
3113 3251 3332 3303 constat
3355 3260 3369 3298 :
3392 3250 3447 3298 et
3471 3251 3617 3295 nunc

357 3337 418 3409 ἐξ
446 3329 522 3408 ᾧν
550 3339 670 3390 ἐστι
695 3353 710 3368 ·
744 3337 840 3390 καὶ
870 3339 990 3392 κατ’
1017 3336 1148 3395 ἄλλο
1174 3338 1272 3407 μὲν
1302 3337 1603 3406 λογίζεται,
1653 3341 1776 3391 κατ’
1808 3337 1926 3401 me

2040 3353 2258 3424 quidem
2294 3350 2519 3420 cogitat,
2581 3360 2729 3402 nunc
2772 3345 3067 3415 cogitatum
3122 3336 3444 3407 exsequitur
3475 3351 3490 3388 :
3521 3331 3616 3386 ubi

356 3430 416 3482 δὲ
449 3428 512 3495 τὸ
543 3428 793 3496 λογισθὲν
834 3430 1049 3498 ἐνεργεῖ
1070 3444 1083 3457 ·
1115 3428 1261 3499 ψυχῇ
1296 3429 1395 3499 μὲν
1442 3428 1552 3496 γὰρ
1600 3431 1763 3500 νοερᾲ
1792 3429 1926 3497 λογι-

2039 3423 2182 3499 enim
2215 3443 2410 3495 animae
2472 3434 2757 3493 rationalis
2812 3435 3017 3490 auxilio
3061 3429 3293 3499 exempli
3342 3426 3513 3495 gratia
3551 3423 3620 3478 de

358 3521 692 3592 adpevoq,ei
715 3520 891 3591 τύχοι,
917 3519 1013 3575 τοῦ
1046 3520 1200 3575 οἴκου
1228 3522 1330 3591 τὴν
1365 3521 1641 3586 σύνθεσιν,
1691 3521 1853 3591 χερσὶ
1878 3521 1940 3574 τὸ

357 3611 553 3682 νοηθὲν
575 3613 699 3680 ἄγει
727 3613 808 3675 είς
836 3612 1034 3687 πέρας.

431 3704 555 3758 Ὅτι
583 3704 640 3758 δὲ
664 3704 792 3759 ἄλλο
814 3707 931 3758 εστὶ
959 3704 1114 3776 παρὰ
1136 3704 1207 3756 τὰ
1238 3703 1297 3771 ἐξ
1326 3697 1400 3757 ὧν
1423 3706 1565 3766 ἐστι,
1583 3697 1686 3757 ὧδε
1703 3704 1900 3757 σκόπει
1921 3719 1937 3735 ·

357 3797 426 3849 ἐκ
453 3795 726 3864 διαφόρων
752 3796 893 3849 ὑλῶν
930 3796 1023 3851 τὸν
1048 3792 1197 3849 οἷκον
1226 3795 1646 3866 οἰκοδομοῦμεν,
1668 3795 1787 3849 ἀλλ’
1838 3796 1942 3848 οὑκ

355 3885 427 3941 ἄν
452 3901 538 3949 τις
569 3885 719 3957 εἴπῃ,
753 3886 950 3941 ταύτὸν
966 3888 1013 3919 ⁸⁸
1064 3886 1335 3957 ὑπάρχειν
1371 3889 1493 3950 ταῖς
1526 3885 1683 3950 ὕλαις
1732 3888 1853 3949 ταῖς
1883 3885 1941 3952 ἐξ

354 3970 434 4031 ὧν
467 3977 638 4030 ἐστιν.
674 3978 749 4029 Ού
780 3977 890 4046 γὰρ
932 3977 1121 4041 ἁπλῶς
1169 3978 1329 4040 λίθοι,
1366 3979 1461 4032 καὶ
1508 3977 1661 4044 ξύλα,
1718 3980 1813 4032 καὶ
1871 3979 1943 4033 τὰ

355 4067 526 4124 λοιπὰ
554 4062 746 4130 ὁοῖκὸς
775 4069 948 4123 ἐστιν’
973 4070 1021 4120 εί
1054 4068 1162 4140 γὰρ
1180 4068 1360 4135 τοῦτο,
1387 4070 1493 4139 πρὸ
1517 4070 1617 4139 τῆς
1648 4070 1943 4140 οἰκοδομῆς

357 4158 704 4231 διῃρημένως
756 4159 856 4224 τὰς
894 4158 1028 4224 ὕλας
1080 4156 1230 4213 οἷκον
1263 4161 1329 4213 ἄν
1378 4179 1462 4225 τις
1510 4162 1738 4225 δικαίως
1782 4163 1944 4216 καλέ-

360 4268 508 4305 σειεν
544 4264 557 4278 '
594 4250 708 4304 ἀλλ’
731 4255 764 4321 ἡ
791 4251 971 4305 τοιάδε
995 4251 1102 4305 τῶν
1130 4251 1273 4306 ὑλῶν
1298 4253 1647 4323 προσάλληλα
1692 4253 1943 4318 σύζευξις

355 4342 455 4411 τὸν
489 4336 636 4395 οῐκον
660 4344 794 4412 ἡμῖν
824 4342 1108 4398 ἀποτελεῖν
1140 4344 1376 4413 πέφυκε.
1408 4345 1603 4398 Τοίνυν
1630 4346 1733 4415 τῆς
1759 4346 1942 4408 οἰκίας

356 4435 642 4506 λυθείσης,
697 4436 919 4505 μένουσι
976 4436 1073 4507 μὲν
1098 4436 1298 4506 ὁμοὲως
1330 4437 1385 4490 αἱ
1434 4436 1559 4490 ὗλαι
1602 4438 1694 4493 τὸν
1743 4440 1941 4492 οἰκεῖον

358 4527 661 4597 ὲπέχουσαι
689 4527 849 4596 λόγον
873 4543 887 4559 ο
918 4528 1265 4580 ἀπολωλέναι
1302 4528 1356 4581 δέ
1378 4544 1560 4598 φαμεν
1610 4530 1714 4600 τὴν
1740 4531 1942 4595 οἰκίαν,

358 4615 432 4684 ἣν
460 4614 494 4682 ἡ
523 4614 701 4666 τοιάδε
746 4613 855 4667 τῶν
887 4613 1028 4677 ὑλῶν
1060 4614 1309 4682 σύζευξις
1362 4616 1715 4671 ἀπετέλεσεν.
1758 4619 1945 4682 Οὕτως

361 4705 463 4758 καὶ
504 4704 596 4756 ἐπὶ
632 4704 727 4758 τοῦ
761 4705 1052 4776 ἀνθρώπου
1080 4724 1095 4738 ο
1133 4706 1235 4760 κᾶν
1256 4708 1364 4778 γὰρ
1395 4711 1459 4762 ἐκ
1492 4710 1671 4779 ψυχῆς
1703 4712 1798 4764 καὶ
1834 4711 1944 4764 σώ-

364 4811 541 4865 ματος
570 4796 813 4869 ὑπάρχῃ,
846 4797 906 4849 οὑ
956 4798 1153 4851 ταύτὸν
1210 4799 1278 4852 ἂν
1319 4799 1408 4869 εἴη
1441 4802 1553 4863 τοῖς
1588 4801 1648 4866 ἐξ
1682 4796 1758 4856 ὧν
1804 4804 1944 4869 ἐστι,

360 4887 487 4941 ἀλλ’
507 4887 717 4956 ἕτερον,
749 4888 825 4952 ὡς
853 4884 995 4944 εἶναι
1023 4889 1114 4943 τὸν
1162 4889 1450 4962 ἄνθρωπον
1503 4892 1563 4959 ἐξ
1621 4894 1793 4963 αὐτῆς
1840 4894 1943 4964 τῆς

365 4980 666 5045 συναφείας
701 4979 880 5050 ψυχῆς
910 4981 1049 5051 πρὸς
1089 4979 1270 5050 σῶμα,
1296 4983 1480 5051 τρίτον
1506 4983 1942 5054 ἀποτελούμενον

362 5068 498 5124 ἄλλο
528 5084 543 5099 ⁸
563 5069 838 5125 καὶτοῦτο
869 5071 1027 5143 δῆλον
1062 5073 1159 5142 ἀφ’
1189 5065 1289 5137 ὧν,
1317 5075 1417 5143 τῆς
1468 5074 1795 5140 διαζεύξεως
1843 5079 1944 5147 τῆς

361 5158 574 5212 τούτων
609 5160 933 5230 γενομένης,
984 5162 1137 5231 μένει
1174 5162 1273 5233 μὲν
1324 5164 1384 5216 τὸ
1430 5165 1591 5233 σῶμα
1627 5165 1803 5228 οὕτως
1854 5166 1946 5219 τὸν

364 5251 570 5303 οἰκεῖον
600 5250 774 5315 σῶζον
801 5250 960 5319 λόγον
979 5268 994 5284 ο
1027 5253 1189 5323 τριχῆ
1224 5254 1332 5324 γάρ
1362 5255 1477 5307 ἐστι
1503 5256 1813 5321 διαστατὸν,
1839 5257 1943 5311 κᾶν

364 5336 564 5408 νεκρὸν
660 5352 674 5367 ο
716 5339 866 5409 μένει
895 5339 952 5394 δὲ
975 5341 1177 5411 ὁμοίως
1230 5344 1263 5412 ἡ
1301 5343 1449 5412 ψυχὴ
1504 5341 1699 5414 λογικὴ
1739 5345 1945 5414 τυγχά-

364 5445 538 5482 νουσα
567 5430 661 5482 καὶ
690 5431 877 5501 νοερὰ,
908 5431 1009 5485 κᾶν
1030 5432 1316 5504 διεζεύχϐη
1370 5433 1465 5486 τοῦ
1507 5434 1758 5503 σώματος
1784 5452 1797 5465 ·
1837 5437 1947 5490 ἀπ-

365 5518 538 5574 όλωλε
569 5521 625 5573 δὲ
665 5524 694 5575 6
745 5522 1056 5593 ἄνθρωπος,
1110 5525 1168 5577 ὃν
1210 5527 1541 5578 ἀπετέλεσεν
1590 5527 1866 5596 ἑκατέρων
1913 5532 1946 5600 ἡ

369 5609 644 5676 σύζευξις.

447 5724 492 5760 ⁸⁵
518 5725 609 5793 Sic
636 5726 757 5781 cod.
836 5727 878 5759 ⁸⁵
905 5727 1047 5782 εἴποι
1075 5727 1165 5782 τὸν
1196 5724 1342 5784 οἷκον
1372 5730 1567 5783 ταὺτὸ-ί
1606 5731 1664 5787 l‘.

2042 3532 2255 3589 aedilicii
2303 3529 2705 3586 constructione
2740 3526 3020 3598 cogitavit,
3066 3520 3314 3576 manibus
3378 3517 3432 3571 id
3472 3514 3618 3585 quod

2045 3623 2300 3695 cogitavit
2336 3622 2403 3676 ad
2431 3620 2589 3674 ﬁnem
2617 3618 2882 3686 perducit.

2114 3716 2266 3783 Quod
2292 3723 2474 3769 autem
2508 3712 2578 3767 sit
2611 3711 2757 3765 aliud
2794 3722 2955 3778 quam
2985 3720 3048 3760 ea
3073 3718 3138 3758 ex
3161 3701 3357 3771 quibus
3378 3704 3617 3763 constat,

2044 3809 2122 3864 sic
2153 3806 2470 3878 perpende:
2512 3819 2576 3858 ex
2621 3801 2788 3856 variis
2839 3796 3085 3853 materiis
3132 3795 3351 3850 domum
3382 3789 3620 3845 aediﬁca-

2045 3916 2185 3964 mus,
2228 3899 2321 3955 sed
2368 3911 2525 3952 nemo
2558 3894 2757 3949 dixerit
2781 3906 2900 3946 eam
2937 3888 3080 3944 idem
3116 3899 3239 3942 esse
3267 3898 3332 3939 ac
3362 3880 3621 3937 materias

2043 4009 2076 4048 e
2108 3992 2304 4061 quibus
2356 3996 2590 4043 constat.
2655 3982 2774 4037 Non
2827 3981 2972 4036 enim
3026 3976 3345 4046 simpliciter
3383 3971 3618 4043 lapides,

2046 4085 2187 4155 ligna
2215 4090 2269 4137 et
2292 4081 2518 4147 reliqua,
2554 4077 2744 4131 domus
2772 4085 2890 4138 est;
2923 4073 2967 4126 si
3017 4070 3161 4125 enim
3196 4067 3246 4121 id
3281 4074 3450 4126 esset,
3488 4070 3617 4116 ante

2045 4154 2370 4230 strueturam
2413 4167 2704 4239 separatim
2753 4164 3011 4219 materias
3060 4162 3279 4213 domum
3331 4154 3454 4223 quis
3510 4166 3623 4205 tne-

2046 4266 2153 4320 rito
2178 4272 2432 4329 vocaret;
2464 4259 2558 4315 sed
2586 4257 2690 4312 illa:
2709 4253 2951 4309 materia:
2973 4250 3075 4306 sibi
3097 4247 3328 4303 invicem
3359 4250 3623 4310 coaptaue

2047 4359 2266 4412 domum
2293 4352 2446 4429 nobis
2495 4354 2887 4419 repraesentare
2925 4340 3123 4396 solent.
3164 4335 3308 4404 Ergo
3345 4333 3619 4388 destructa

1974 4471 2021 4528 υ
2047 4450 2228 4514 domo,
2253 4422 2531 4500 remanent
2549 4441 2766 4511 quidem
2793 4435 3047 4492 similiter
3068 4430 3312 4486 materia:
3341 4422 3620 4528 proprium

2048 4540 2345 4596 retinentes
2402 4548 2619 4600 nomen,
2660 4530 2889 4600 periisse
2940 4539 3069 4579 vero
3127 4522 3347 4577 domum
3393 4515 3624 4571 dicimus

2048 4645 2207 4699 quam
2245 4628 2370 4682 talis
2410 4625 2758 4680 materiarum
2787 4621 3045 4690 iunctura
3081 4612 3405 4685 perfecerat.
3444 4605 3538 4659 Sic
3568 4612 3625 4659 et

2050 4722 2103 4776 in
2139 4719 2393 4786 bomine;
2421 4717 2546 4771 licet
2586 4715 2735 4770 enim
2784 4727 2852 4767 ex
2897 4708 3079 4763 anima
3115 4712 3450 4774 corporeque
3491 4710 3625 4751 con-

2049 4820 2176 4877 stet,
2210 4825 2316 4865 non
2358 4809 2500 4864 idem
2551 4817 2635 4862 est
2679 4818 2850 4860 ac.ea
2891 4803 2958 4856 de
3005 4799 3203 4870 quibus
3230 4798 3465 4853 constat,
3527 4786 3626 4843 sed

2049 4903 2196 4958 aliud
2254 4902 2417 4955 homo
2465 4912 2655 4968 nempe
2708 4911 2775 4950 ex
2833 4893 3029 4948 anima:
3062 4885 3448 4956 conjunctione
3501 4892 3626 4933 cum

2051 5008 2299 5064 corpore,
2326 4992 2545 5046 tertium
2566 4989 2696 5059 quid
2720 4986 2944 5041 eﬁ’ectus
2969 4999 2983 5046 ;
3014 4991 3068 5037 et
3088 4980 3311 5036 evidens
3338 4972 3467 5028 illud
3494 4969 3624 5024 inde

2056 5085 2198 5155 quod
2235 5085 2582 5152 separatione
2631 5080 2845 5133 illorum
2878 5075 3023 5130 facta
3075 5084 3273 5140 corpus
3304 5067 3384 5123 sic
3443 5069 3631 5118 manet

2055 5193 2119 5232 ac
2155 5176 2424 5246 propriam
2465 5170 2779 5243 qualitatem
2813 5175 3099 5224 conservat
3127 5181 3142 5218 :
3187 5157 3453 5215 trifariam
3478 5152 3628 5208 enim

2054 5244 2333 5330 dividitur,
2360 5265 2484 5320 licet
2511 5273 2779 5317 mortuum
2808 5260 2880 5314 sit
2910 5275 2923 5312 :
2956 5265 3140 5310 manet
3164 5249 3423 5306 similiter
3444 5244 3627 5298 anima

2056 5356 2336 5412 rationalis
2355 5363 2409 5409 et
2449 5353 2777 5421 intelligens,
2814 5348 2941 5404 licet
2979 5363 3007 5399 a
3043 5355 3271 5411 corpore
3307 5336 3619 5396 dividatur;

2055 5449 2215 5519 periit
2246 5461 2372 5503 vero
2426 5447 2606 5511 homo,
2643 5457 2804 5513 quem
2861 5436 3103 5497 confecit
3160 5431 3443 5498 utriusque
3490 5423 3629 5479 adu-

2057 5541 2222 5596 natio.
