  <div class='ocr_page' id='page_1' title='image "/cluster/home/n/w/nwhite01/storage/ocr_20150623/64/mdp.39015024651708/694.png"; bbox 0 0 3944 6152; ppageno 0'>
   <div class='ocr_carea' id='block_1_1' title="bbox 345 320 485 380">
    <p class='ocr_par' dir='ltr' id='par_1_1' title="bbox 345 320 485 380">
     <span class='ocr_line' id='line_1_1' title="bbox 345 320 485 380; baseline 0 0"><span class='ocrx_word' id='word_1_1' title='bbox 345 320 485 380; x_wconf 72' lang='grc'><strong>1505</strong></span> 
     </span>
    </p>
   </div>
   <div class='ocr_carea' id='block_1_2' title="bbox 1582 314 2337 376">
    <p class='ocr_par' dir='ltr' id='par_1_2' title="bbox 1582 314 2337 376">
     <span class='ocr_line' id='line_1_2' title="bbox 1582 314 2337 376; baseline 0.009 -7"><span class='ocrx_word' id='word_1_2' title='bbox 1582 314 1671 371; x_wconf 87' lang='lat' dir='ltr'><strong>DE</strong></span> <span class='ocrx_word' id='word_1_3' title='bbox 1701 315 1995 374; x_wconf 72' lang='grc' dir='ltr'><strong>ΝΑΤΠΒΑ</strong></span> <span class='ocrx_word' id='word_1_4' title='bbox 2032 316 2337 376; x_wconf 77' lang='lat' dir='ltr'><strong>IIOMINIS.</strong></span> 
     </span>
    </p>
   </div>
   <div class='ocr_carea' id='block_1_3' title="bbox 3462 325 3603 384">
    <p class='ocr_par' dir='ltr' id='par_1_3' title="bbox 3462 325 3603 384">
     <span class='ocr_line' id='line_1_3' title="bbox 3462 325 3603 384; baseline 0.007 -1"><span class='ocrx_word' id='word_1_5' title='bbox 3462 325 3603 384; x_wconf 70' lang='lat'><strong>{306</strong></span> 
     </span>
    </p>
   </div>
   <div class='ocr_carea' id='block_1_4' title="bbox 340 416 1928 509">
    <p class='ocr_par' dir='ltr' id='par_1_4' title="bbox 340 416 1919 509">
     <span class='ocr_line' id='line_1_4' title="bbox 340 416 1919 509; baseline -0.006 -14"><span class='ocrx_word' id='word_1_6' title='bbox 340 438 504 509; x_wconf 72' lang='grc' dir='ltr'><strong>νοερὰ</strong></span> <span class='ocrx_word' id='word_1_7' title='bbox 528 435 648 505; x_wconf 71' lang='grc' dir='ltr'><strong>μὲν,</strong></span> <span class='ocrx_word' id='word_1_8' title='bbox 674 433 750 496; x_wconf 85' lang='grc' dir='ltr'><strong>ὡς</strong></span> <span class='ocrx_word' id='word_1_9' title='bbox 773 431 865 484; x_wconf 67' lang='grc' dir='ltr'><strong>ἐπὶ</strong></span> <span class='ocrx_word' id='word_1_10' title='bbox 892 431 1004 484; x_wconf 89' lang='grc' dir='ltr'><strong>τῶν</strong></span> <span class='ocrx_word' id='word_1_11' title='bbox 1028 429 1298 499; x_wconf 78' lang='grc' dir='ltr'><strong>ἀγγέλων,</strong></span> <span class='ocrx_word' id='word_1_12' title='bbox 1335 416 1398 490; x_wconf 67' lang='grc' dir='ltr'><strong>ἐξ</strong></span> <span class='ocrx_word' id='word_1_13' title='bbox 1426 426 1611 484; x_wconf 82' lang='grc' dir='ltr'><strong>αὑτῶν</strong></span> <span class='ocrx_word' id='word_1_14' title='bbox 1637 432 1747 485; x_wconf 88' lang='grc' dir='ltr'><strong>τῶν</strong></span> <span class='ocrx_word' id='word_1_15' title='bbox 1793 449 1919 502; x_wconf 72' lang='lat' dir='ltr'><strong>von—</strong></span> 
     </span>
    </p>
   </div>
   <div class='ocr_carea' id='block_1_5' title="bbox 2035 416 3595 509">
    <p class='ocr_par' dir='ltr' id='par_1_5' title="bbox 2035 434 3595 509">
     <span class='ocr_line' id='line_1_5' title="bbox 2035 434 3595 509; baseline 0.006 -26"><span class='ocrx_word' id='word_1_16' title='bbox 2035 434 2337 489; x_wconf 72' lang='lat' dir='ltr'><strong>Lnanimata.</strong></span> <span class='ocrx_word' id='word_1_17' title='bbox 2376 434 2688 505; x_wconf 79' lang='lat' dir='ltr'><strong>Spiritualis</strong></span> <span class='ocrx_word' id='word_1_18' title='bbox 2709 446 2794 491; x_wconf 88' lang='lat' dir='ltr'><strong>est</strong></span> <span class='ocrx_word' id='word_1_19' title='bbox 2819 435 2966 491; x_wconf 85' lang='lat' dir='ltr'><strong>verbi</strong></span> <span class='ocrx_word' id='word_1_20' title='bbox 2992 451 3155 492; x_wconf 87' lang='lat' dir='ltr'><strong>causa</strong></span> <span class='ocrx_word' id='word_1_21' title='bbox 3188 438 3242 492; x_wconf 93' lang='lat' dir='ltr'><strong>in</strong></span> <span class='ocrx_word' id='word_1_22' title='bbox 3267 438 3471 507; x_wconf 73' lang='lat' dir='ltr'><strong>angelis</strong></span> <span class='ocrx_word' id='word_1_23' title='bbox 3500 441 3595 509; x_wconf 85' lang='lat' dir='ltr'><strong>qui</strong></span> 
     </span>
    </p>
   </div>
   <div class='ocr_carea' id='block_1_6' title="bbox 342 517 1917 599">
    <p class='ocr_par' dir='ltr' id='par_1_6' title="bbox 342 517 1917 599">
     <span class='ocr_line' id='line_1_6' title="bbox 342 517 1917 599; baseline -0.005 -16"><span class='ocrx_word' id='word_1_24' title='bbox 342 529 532 599; x_wconf 83' lang='grc' dir='ltr'><strong>μάτων</strong></span> <span class='ocrx_word' id='word_1_25' title='bbox 563 523 818 594; x_wconf 81' lang='grc' dir='ltr'><strong>ἀλλήλοις</strong></span> <span class='ocrx_word' id='word_1_26' title='bbox 853 522 1279 591; x_wconf 86' lang='grc' dir='ltr'><strong>συγγινομένων.</strong></span> <span class='ocrx_word' id='word_1_27' title='bbox 1311 517 1524 592; x_wconf 81' lang='grc' dir='ltr'><strong>Λογικὴ</strong></span> <span class='ocrx_word' id='word_1_28' title='bbox 1548 522 1627 586; x_wconf 84' lang='grc' dir='ltr'><strong>δὲ,</strong></span> <span class='ocrx_word' id='word_1_29' title='bbox 1682 522 1759 585; x_wconf 85' lang='grc' dir='ltr'><strong>ὡς</strong></span> <span class='ocrx_word' id='word_1_30' title='bbox 1817 523 1917 576; x_wconf 69' lang='grc' dir='ltr'><strong>ἐπὶ</strong></span> 
     </span>
    </p>
   </div>
   <div class='ocr_carea' id='block_1_7' title="bbox 338 609 1917 687">
    <p class='ocr_par' dir='ltr' id='par_1_7' title="bbox 338 609 1917 687">
     <span class='ocr_line' id='line_1_7' title="bbox 338 609 1917 687; baseline -0.004 -16"><span class='ocrx_word' id='word_1_31' title='bbox 338 618 450 671; x_wconf 86' lang='grc' dir='ltr'><strong>τῶν</strong></span> <span class='ocrx_word' id='word_1_32' title='bbox 474 614 799 687; x_wconf 80' lang='grc' dir='ltr'><strong>ἀνθρώπων,</strong></span> <span class='ocrx_word' id='word_1_33' title='bbox 822 613 888 665; x_wconf 86' lang='grc' dir='ltr'><strong>δι’</strong></span> <span class='ocrx_word' id='word_1_34' title='bbox 906 613 1188 683; x_wconf 81' lang='grc' dir='ltr'><strong>ὀνομάτων</strong></span> <span class='ocrx_word' id='word_1_35' title='bbox 1216 611 1312 665; x_wconf 73' lang='grc' dir='ltr'><strong>καὶ</strong></span> <span class='ocrx_word' id='word_1_36' title='bbox 1336 609 1600 681; x_wconf 80' lang='grc' dir='ltr'><strong>ῥημάτων</strong></span> <span class='ocrx_word' id='word_1_37' title='bbox 1623 613 1692 667; x_wconf 74' lang='grc' dir='ltr'><strong>τά</strong></span> <span class='ocrx_word' id='word_1_38' title='bbox 1734 614 1917 682; x_wconf 80' lang='grc' dir='ltr'><strong>ἀφανῆ</strong></span> 
     </span>
    </p>
   </div>
   <div class='ocr_carea' id='block_1_8' title="bbox 338 701 1916 777">
    <p class='ocr_par' dir='ltr' id='par_1_8' title="bbox 338 701 1916 777">
     <span class='ocr_line' id='line_1_8' title="bbox 338 701 1916 777; baseline -0.003 -16"><span class='ocrx_word' id='word_1_39' title='bbox 338 706 630 777; x_wconf 77' lang='grc' dir='ltr'><strong>τῆςψυχῆς</strong></span> <span class='ocrx_word' id='word_1_40' title='bbox 658 706 937 777; x_wconf 76' lang='grc' dir='ltr'><strong>κινήματα</strong></span> <span class='ocrx_word' id='word_1_41' title='bbox 968 702 1106 774; x_wconf 79' lang='grc' dir='ltr'><strong>πρὸς</strong></span> <span class='ocrx_word' id='word_1_42' title='bbox 1136 702 1262 764; x_wconf 74' lang='grc' dir='ltr'><strong>τοὺς</strong></span> <span class='ocrx_word' id='word_1_43' title='bbox 1288 701 1446 765; x_wconf 77' lang='grc' dir='ltr'><strong>ἐκτὸς</strong></span> <span class='ocrx_word' id='word_1_44' title='bbox 1492 703 1916 773; x_wconf 79' lang='grc' dir='ltr'><strong>δημοσιεύουσα.</strong></span> 
     </span>
    </p>
   </div>
   <div class='ocr_carea' id='block_1_9' title="bbox 338 792 1917 868">
    <p class='ocr_par' dir='ltr' id='par_1_9' title="bbox 338 792 1917 868">
     <span class='ocr_line' id='line_1_9' title="bbox 338 792 1917 868; baseline -0.003 -17"><span class='ocrx_word' id='word_1_45' title='bbox 338 796 647 868; x_wconf 78' lang='grc' dir='ltr'><strong>Δίσθητικὴ</strong></span> <span class='ocrx_word' id='word_1_46' title='bbox 676 796 757 858; x_wconf 85' lang='grc' dir='ltr'><strong>δὲ,</strong></span> <span class='ocrx_word' id='word_1_47' title='bbox 788 797 822 864; x_wconf 84' lang='grc' dir='ltr'>ἠ</span> <span class='ocrx_word' id='word_1_48' title='bbox 852 797 911 847; x_wconf 82' lang='grc' dir='ltr'><strong>ὲν</strong></span> <span class='ocrx_word' id='word_1_49' title='bbox 955 797 1070 856; x_wconf 84' lang='grc' dir='ltr'><strong>τοῖς</strong></span> <span class='ocrx_word' id='word_1_50' title='bbox 1105 794 1321 862; x_wconf 81' lang='grc' dir='ltr'><strong>ἀλόγοις</strong></span> <span class='ocrx_word' id='word_1_51' title='bbox 1352 792 1708 864; x_wconf 83' lang='grc' dir='ltr'><strong>θεωρουμένη</strong></span> <span class='ocrx_word' id='word_1_52' title='bbox 1728 812 1744 829; x_wconf 88' lang='grc'><strong>·</strong></span> <span class='ocrx_word' id='word_1_53' title='bbox 1780 796 1917 863; x_wconf 81' lang='grc' dir='ltr'><strong>πρὸς</strong></span> 
     </span>
    </p>
   </div>
   <div class='ocr_carea' id='block_1_10' title="bbox 338 885 1917 961">
    <p class='ocr_par' dir='ltr' id='par_1_10' title="bbox 338 885 1917 961">
     <span class='ocr_line' id='line_1_10' title="bbox 338 885 1917 961; baseline -0.003 -19"><span class='ocrx_word' id='word_1_54' title='bbox 338 889 449 961; x_wconf 77' lang='grc' dir='ltr'><strong>γὰρ</strong></span> <span class='ocrx_word' id='word_1_55' title='bbox 478 891 547 960; x_wconf 73' lang='grc' dir='ltr'><strong>τῇ</strong></span> <span class='ocrx_word' id='word_1_56' title='bbox 575 888 866 957; x_wconf 82' lang='grc' dir='ltr'><strong>θρεπτικῇ,</strong></span> <span class='ocrx_word' id='word_1_57' title='bbox 909 886 1005 939; x_wconf 74' lang='grc' dir='ltr'><strong>καὶ</strong></span> <span class='ocrx_word' id='word_1_58' title='bbox 1038 885 1326 955; x_wconf 78' lang='grc' dir='ltr'><strong>αὑξητικῇ.</strong></span> <span class='ocrx_word' id='word_1_59' title='bbox 1368 886 1464 938; x_wconf 74' lang='grc' dir='ltr'><strong>καὶ</strong></span> <span class='ocrx_word' id='word_1_60' title='bbox 1503 888 1801 954; x_wconf 83' lang='grc' dir='ltr'><strong>γεννητικῇ</strong></span> <span class='ocrx_word' id='word_1_61' title='bbox 1824 886 1917 938; x_wconf 84' lang='grc' dir='ltr'><strong>δυ-</strong></span> 
     </span>
    </p>
   </div>
   <div class='ocr_carea' id='block_1_11' title="bbox 339 973 1917 1047">
    <p class='ocr_par' dir='ltr' id='par_1_11' title="bbox 339 973 1917 1047">
     <span class='ocr_line' id='line_1_11' title="bbox 339 973 1917 1047; baseline -0.001 -17"><span class='ocrx_word' id='word_1_62' title='bbox 339 979 526 1047; x_wconf 76' lang='grc' dir='ltr'><strong>νάμει,</strong></span> <span class='ocrx_word' id='word_1_63' title='bbox 561 978 656 1030; x_wconf 82' lang='grc' dir='ltr'><strong>καὶ</strong></span> <span class='ocrx_word' id='word_1_64' title='bbox 686 974 785 1045; x_wconf 84' lang='grc' dir='ltr'><strong>τὴν</strong></span> <span class='ocrx_word' id='word_1_65' title='bbox 808 973 1136 1044; x_wconf 79' lang='grc' dir='ltr'><strong>αἰσθητικὴν</strong></span> <span class='ocrx_word' id='word_1_66' title='bbox 1172 973 1530 1043; x_wconf 82' lang='grc' dir='ltr'><strong>κέκτηταιτά</strong></span> <span class='ocrx_word' id='word_1_67' title='bbox 1556 974 1729 1040; x_wconf 85' lang='grc' dir='ltr'><strong>ἄλογα</strong></span> <span class='ocrx_word' id='word_1_68' title='bbox 1778 974 1917 1039; x_wconf 79' lang='grc' dir='ltr'><strong>ζῶα.</strong></span> 
     </span>
    </p>
   </div>
   <div class='ocr_carea' id='block_1_12' title="bbox 338 1063 1921 1138">
    <p class='ocr_par' dir='ltr' id='par_1_12' title="bbox 338 1063 1921 1138">
     <span class='ocr_line' id='line_1_12' title="bbox 338 1063 1921 1138; baseline -0.003 -17"><span class='ocrx_word' id='word_1_69' title='bbox 338 1068 544 1138; x_wconf 82' lang='grc' dir='ltr'><strong>Φυτικὴ</strong></span> <span class='ocrx_word' id='word_1_70' title='bbox 577 1067 683 1137; x_wconf 80' lang='grc' dir='ltr'><strong>δὲή</strong></span> <span class='ocrx_word' id='word_1_71' title='bbox 714 1067 773 1119; x_wconf 77' lang='grc' dir='ltr'><strong>ὲν</strong></span> <span class='ocrx_word' id='word_1_72' title='bbox 802 1068 917 1128; x_wconf 82' lang='grc' dir='ltr'><strong>τοῖς</strong></span> <span class='ocrx_word' id='word_1_73' title='bbox 948 1067 1140 1133; x_wconf 80' lang='grc' dir='ltr'>φυτοῖς</span> <span class='ocrx_word' id='word_1_74' title='bbox 1166 1081 1179 1094; x_wconf 92' lang='grc'><strong>·</strong></span> <span class='ocrx_word' id='word_1_75' title='bbox 1209 1065 1488 1117; x_wconf 81' lang='grc' dir='ltr'><strong>κινοῦνται</strong></span> <span class='ocrx_word' id='word_1_76' title='bbox 1520 1063 1631 1134; x_wconf 78' lang='grc' dir='ltr'><strong>γάρ</strong></span> <span class='ocrx_word' id='word_1_77' title='bbox 1660 1064 1754 1117; x_wconf 74' lang='grc' dir='ltr'><strong>καὶ</strong></span> <span class='ocrx_word' id='word_1_78' title='bbox 1777 1064 1921 1117; x_wconf 79' lang='grc' dir='ltr'><strong>αὐτὰ</strong></span> 
     </span>
    </p>
   </div>
   <div class='ocr_carea' id='block_1_13' title="bbox 341 1154 1919 1225">
    <p class='ocr_par' dir='ltr' id='par_1_13' title="bbox 341 1154 1919 1225">
     <span class='ocr_line' id='line_1_13' title="bbox 341 1154 1919 1225; baseline -0.004 -12"><span class='ocrx_word' id='word_1_79' title='bbox 341 1159 486 1214; x_wconf 86' lang='grc' dir='ltr'><strong>κατὰ</strong></span> <span class='ocrx_word' id='word_1_80' title='bbox 530 1158 631 1221; x_wconf 86' lang='grc' dir='ltr'><strong>τὰς</strong></span> <span class='ocrx_word' id='word_1_81' title='bbox 683 1157 853 1219; x_wconf 78' lang='grc' dir='ltr'><strong>αὑτὰς</strong></span> <span class='ocrx_word' id='word_1_82' title='bbox 912 1156 1195 1225; x_wconf 87' lang='grc' dir='ltr'><strong>δυνάμεις.</strong></span> <span class='ocrx_word' id='word_1_83' title='bbox 1245 1154 1465 1224; x_wconf 62' lang='grc' dir='ltr'><strong>ΙἈιζνυχα</strong></span> <span class='ocrx_word' id='word_1_84' title='bbox 1512 1154 1590 1218; x_wconf 83' lang='grc' dir='ltr'><strong>δὲ,</strong></span> <span class='ocrx_word' id='word_1_85' title='bbox 1634 1154 1771 1208; x_wconf 79' lang='grc' dir='ltr'><strong>καθὸ</strong></span> <span class='ocrx_word' id='word_1_86' title='bbox 1822 1156 1919 1207; x_wconf 78' lang='grc' dir='ltr'><strong>καὶ</strong></span> 
     </span>
    </p>
   </div>
   <div class='ocr_carea' id='block_1_14' title="bbox 312 1229 1921 1307">
    <p class='ocr_par' dir='ltr' id='par_1_14' title="bbox 312 1244 1921 1307">
     <span class='ocr_line' id='line_1_14' title="bbox 312 1244 1921 1307; baseline -0.006 0"><span class='ocrx_word' id='word_1_87' title='bbox 312 1253 481 1307; x_wconf 68' lang='grc' dir='ltr'><strong>αὐτὰ</strong></span> <span class='ocrx_word' id='word_1_88' title='bbox 542 1248 821 1304; x_wconf 81' lang='grc' dir='ltr'><strong>κινοῦνται</strong></span> <span class='ocrx_word' id='word_1_89' title='bbox 878 1246 1020 1301; x_wconf 75' lang='grc' dir='ltr'><strong>κατὰ</strong></span> <span class='ocrx_word' id='word_1_90' title='bbox 1060 1246 1121 1298; x_wconf 80' lang='grc' dir='ltr'><strong>τὸ</strong></span> <span class='ocrx_word' id='word_1_91' title='bbox 1177 1245 1330 1298; x_wconf 75' lang='grc' dir='ltr'><strong>ποιὸν</strong></span> <span class='ocrx_word' id='word_1_92' title='bbox 1368 1245 1464 1298; x_wconf 76' lang='grc' dir='ltr'><strong>καὶ</strong></span> <span class='ocrx_word' id='word_1_93' title='bbox 1513 1244 1575 1297; x_wconf 78' lang='grc' dir='ltr'><strong>τὸ</strong></span> <span class='ocrx_word' id='word_1_94' title='bbox 1614 1244 1720 1297; x_wconf 89' lang='grc' dir='ltr'><strong>ποῦ</strong></span> <span class='ocrx_word' id='word_1_95' title='bbox 1751 1260 1764 1274; x_wconf 84' lang='grc'><em>’</em></span> <span class='ocrx_word' id='word_1_96' title='bbox 1825 1245 1921 1298; x_wconf 73' lang='grc' dir='ltr'><strong>καὶ</strong></span> 
     </span>
    </p>
   </div>
   <div class='ocr_carea' id='block_1_15' title="bbox 341 1336 1921 1411">
    <p class='ocr_par' dir='ltr' id='par_1_15' title="bbox 341 1336 1921 1411">
     <span class='ocr_line' id='line_1_15' title="bbox 341 1336 1921 1411; baseline -0.006 -13"><span class='ocrx_word' id='word_1_97' title='bbox 341 1342 484 1398; x_wconf 79' lang='grc' dir='ltr'><strong>κατὰ</strong></span> <span class='ocrx_word' id='word_1_98' title='bbox 512 1341 573 1394; x_wconf 81' lang='grc' dir='ltr'><strong>τὸ</strong></span> <span class='ocrx_word' id='word_1_99' title='bbox 603 1339 759 1392; x_wconf 71' lang='grc' dir='ltr'><strong>ποιὸν</strong></span> <span class='ocrx_word' id='word_1_100' title='bbox 801 1339 920 1408; x_wconf 82' lang='grc' dir='ltr'><strong>μὲν,</strong></span> <span class='ocrx_word' id='word_1_101' title='bbox 953 1337 1096 1391; x_wconf 85' lang='grc' dir='ltr'><strong>κατᾶ</strong></span> <span class='ocrx_word' id='word_1_102' title='bbox 1135 1337 1198 1389; x_wconf 85' lang='grc' dir='ltr'><strong>τὸ</strong></span> <span class='ocrx_word' id='word_1_103' title='bbox 1244 1336 1636 1411; x_wconf 82' lang='grc' dir='ltr'><strong>θερμαίνεσθαι</strong></span> <span class='ocrx_word' id='word_1_104' title='bbox 1669 1338 1767 1389; x_wconf 62' lang='grc' dir='ltr'><strong>καὶ⁵</strong></span> <span class='ocrx_word' id='word_1_105' title='bbox 1819 1336 1921 1406; x_wconf 70' lang='grc' dir='ltr'><strong>ψύ-</strong></span> 
     </span>
    </p>
   </div>
   <div class='ocr_carea' id='block_1_16' title="bbox 341 1425 1922 1503">
    <p class='ocr_par' dir='ltr' id='par_1_16' title="bbox 341 1425 1922 1503">
     <span class='ocr_line' id='line_1_16' title="bbox 341 1425 1922 1503; baseline -0.004 -19"><span class='ocrx_word' id='word_1_106' title='bbox 341 1430 575 1503; x_wconf 76' lang='grc' dir='ltr'><strong>χεσθαιο</strong></span> <span class='ocrx_word' id='word_1_107' title='bbox 618 1429 761 1482; x_wconf 79' lang='grc' dir='ltr'><strong>κατὰ</strong></span> <span class='ocrx_word' id='word_1_108' title='bbox 793 1427 854 1479; x_wconf 76' lang='grc' dir='ltr'><strong>τὸ</strong></span> <span class='ocrx_word' id='word_1_109' title='bbox 887 1425 992 1479; x_wconf 89' lang='grc' dir='ltr'><strong>ποῦ</strong></span> <span class='ocrx_word' id='word_1_110' title='bbox 1024 1425 1104 1491; x_wconf 79' lang='grc' dir='ltr'><strong>δὲ,</strong></span> <span class='ocrx_word' id='word_1_111' title='bbox 1159 1425 1306 1478; x_wconf 74' lang='grc' dir='ltr'><strong>κατὰ</strong></span> <span class='ocrx_word' id='word_1_112' title='bbox 1367 1425 1466 1495; x_wconf 76' lang='grc' dir='ltr'><strong>τὴν</strong></span> <span class='ocrx_word' id='word_1_113' title='bbox 1511 1427 1575 1478; x_wconf 84' lang='grc' dir='ltr'><strong>ὲκ</strong></span> <span class='ocrx_word' id='word_1_114' title='bbox 1607 1426 1780 1478; x_wconf 84' lang='grc' dir='ltr'><strong>τόπου</strong></span> <span class='ocrx_word' id='word_1_115' title='bbox 1841 1428 1922 1488; x_wconf 83' lang='grc' dir='ltr'><strong>είς</strong></span> 
     </span>
    </p>
   </div>
   <div class='ocr_carea' id='block_1_17' title="bbox 341 1515 1921 1589">
    <p class='ocr_par' dir='ltr' id='par_1_17' title="bbox 341 1515 1921 1589">
     <span class='ocr_line' id='line_1_17' title="bbox 341 1515 1921 1589; baseline -0.004 -15"><span class='ocrx_word' id='word_1_116' title='bbox 341 1521 507 1574; x_wconf 81' lang='grc' dir='ltr'><strong>τόπον</strong></span> <span class='ocrx_word' id='word_1_117' title='bbox 565 1518 943 1589; x_wconf 79' lang='grc' dir='ltr'><strong>έτεροκίνητον</strong></span> <span class='ocrx_word' id='word_1_118' title='bbox 998 1515 1331 1586; x_wconf 83' lang='grc' dir='ltr'><strong>μετάστασιν</strong></span> <span class='ocrx_word' id='word_1_119' title='bbox 1349 1515 1414 1568; x_wconf 74' lang='grc'><strong>⁸⁸.</strong></span> <span class='ocrx_word' id='word_1_120' title='bbox 1489 1516 1796 1586; x_wconf 75' lang='grc' dir='ltr'><strong>Ὀρίζονται</strong></span> <span class='ocrx_word' id='word_1_121' title='bbox 1862 1515 1921 1568; x_wconf 85' lang='grc' dir='ltr'><strong>δὲ</strong></span> 
     </span>
    </p>
   </div>
   <div class='ocr_carea' id='block_1_18' title="bbox 342 1608 1921 1683">
    <p class='ocr_par' dir='ltr' id='par_1_18' title="bbox 342 1608 1921 1683">
     <span class='ocr_line' id='line_1_18' title="bbox 342 1608 1921 1683; baseline -0.003 -18"><span class='ocrx_word' id='word_1_122' title='bbox 342 1613 442 1683; x_wconf 78' lang='grc' dir='ltr'><strong>τὴν</strong></span> <span class='ocrx_word' id='word_1_123' title='bbox 476 1613 574 1682; x_wconf 81' lang='grc' dir='ltr'><strong>μὲν</strong></span> <span class='ocrx_word' id='word_1_124' title='bbox 610 1610 820 1672; x_wconf 85' lang='grc' dir='ltr'><strong>οὑσίαν,</strong></span> <span class='ocrx_word' id='word_1_125' title='bbox 849 1610 1085 1679; x_wconf 75' lang='grc' dir='ltr'><strong>πρᾶγμα</strong></span> <span class='ocrx_word' id='word_1_126' title='bbox 1117 1608 1504 1680; x_wconf 80' lang='grc' dir='ltr'><strong>αὑθύπαρκτον</strong></span> <span class='ocrx_word' id='word_1_127' title='bbox 1533 1608 1611 1679; x_wconf 83' lang='grc' dir='ltr'><strong>μὴ</strong></span> <span class='ocrx_word' id='word_1_128' title='bbox 1664 1608 1921 1679; x_wconf 87' lang='grc' dir='ltr'><strong>δεόμενον</strong></span> 
     </span>
    </p>
   </div>
   <div class='ocr_carea' id='block_1_19' title="bbox 341 1698 1921 1774">
    <p class='ocr_par' dir='ltr' id='par_1_19' title="bbox 341 1698 1921 1774">
     <span class='ocr_line' id='line_1_19' title="bbox 341 1698 1921 1774; baseline 0.003 -17"><span class='ocrx_word' id='word_1_129' title='bbox 341 1702 535 1774; x_wconf 78' lang='grc' dir='ltr'><strong>ἐτέρου</strong></span> <span class='ocrx_word' id='word_1_130' title='bbox 572 1702 710 1774; x_wconf 80' lang='grc' dir='ltr'><strong>πρὸς</strong></span> <span class='ocrx_word' id='word_1_131' title='bbox 769 1702 1072 1755; x_wconf 73' lang='grc' dir='ltr'><strong>σύστασινσ</strong></span> <span class='ocrx_word' id='word_1_132' title='bbox 1114 1699 1215 1771; x_wconf 87' lang='grc' dir='ltr'><strong>τὴν</strong></span> <span class='ocrx_word' id='word_1_133' title='bbox 1263 1699 1426 1767; x_wconf 81' lang='grc' dir='ltr'><strong>φύσιν</strong></span> <span class='ocrx_word' id='word_1_134' title='bbox 1473 1699 1553 1759; x_wconf 79' lang='grc' dir='ltr'><strong>δὲ,</strong></span> <span class='ocrx_word' id='word_1_135' title='bbox 1595 1698 1769 1769; x_wconf 83' lang='grc' dir='ltr'><strong>ἀρχὴν</strong></span> <span class='ocrx_word' id='word_1_136' title='bbox 1818 1698 1921 1770; x_wconf 81' lang='grc' dir='ltr'><strong>τῆς</strong></span> 
     </span>
    </p>
   </div>
   <div class='ocr_carea' id='block_1_20' title="bbox 342 1790 1610 1862">
    <p class='ocr_par' dir='ltr' id='par_1_20' title="bbox 342 1790 1610 1862">
     <span class='ocr_line' id='line_1_20' title="bbox 342 1790 1610 1862; baseline -0.002 -14"><span class='ocrx_word' id='word_1_137' title='bbox 342 1796 579 1851; x_wconf 79' lang='grc' dir='ltr'><strong>ἑκάστου</strong></span> <span class='ocrx_word' id='word_1_138' title='bbox 605 1795 715 1848; x_wconf 88' lang='grc' dir='ltr'><strong>τῶν</strong></span> <span class='ocrx_word' id='word_1_139' title='bbox 736 1793 905 1848; x_wconf 76' lang='grc' dir='ltr'><strong>ὄντων</strong></span> <span class='ocrx_word' id='word_1_140' title='bbox 940 1791 1209 1862; x_wconf 85' lang='grc' dir='ltr'><strong>κινήσεως</strong></span> <span class='ocrx_word' id='word_1_141' title='bbox 1237 1792 1336 1845; x_wconf 70' lang='grc' dir='ltr'><strong>καὶ</strong></span> <span class='ocrx_word' id='word_1_142' title='bbox 1350 1790 1610 1862; x_wconf 77' lang='grc' dir='ltr'><strong>ἠρεμίας.</strong></span> 
     </span>
    </p>
   </div>
   <div class='ocr_carea' id='block_1_21' title="bbox 413 1966 1922 2042">
    <p class='ocr_par' dir='ltr' id='par_1_21' title="bbox 413 1966 1922 2042">
     <span class='ocr_line' id='line_1_21' title="bbox 413 1966 1922 2042; baseline -0.006 -15"><span class='ocrx_word' id='word_1_143' title='bbox 413 1972 646 2042; x_wconf 78' lang='grc' dir='ltr'><strong>Λέγεται</strong></span> <span class='ocrx_word' id='word_1_144' title='bbox 668 1971 725 2024; x_wconf 79' lang='grc' dir='ltr'><strong>δὲ</strong></span> <span class='ocrx_word' id='word_1_145' title='bbox 755 1969 917 2041; x_wconf 74' lang='grc' dir='ltr'><strong>φύσις</strong></span> <span class='ocrx_word' id='word_1_146' title='bbox 950 1970 1100 2040; x_wconf 71' lang='grc' dir='ltr'><strong>παρὰ</strong></span> <span class='ocrx_word' id='word_1_147' title='bbox 1134 1969 1195 2022; x_wconf 78' lang='grc' dir='ltr'><strong>τὸ</strong></span> <span class='ocrx_word' id='word_1_148' title='bbox 1223 1969 1561 2035; x_wconf 59' lang='grc' dir='ltr'><strong>πευυκέναιο</strong></span> <span class='ocrx_word' id='word_1_149' title='bbox 1595 1969 1629 2037; x_wconf 81' lang='grc' dir='ltr'><strong>ἡ</strong></span> <span class='ocrx_word' id='word_1_150' title='bbox 1663 1967 1722 2020; x_wconf 81' lang='grc' dir='ltr'><strong>δὲ</strong></span> <span class='ocrx_word' id='word_1_151' title='bbox 1762 1966 1922 2020; x_wconf 79' lang='grc' dir='ltr'><strong>οὐσία</strong></span> 
     </span>
    </p>
   </div>
   <div class='ocr_carea' id='block_1_22' title="bbox 344 2055 1924 2133">
    <p class='ocr_par' dir='ltr' id='par_1_22' title="bbox 344 2055 1924 2133">
     <span class='ocr_line' id='line_1_22' title="bbox 344 2055 1924 2133; baseline -0.004 -15"><span class='ocrx_word' id='word_1_152' title='bbox 344 2064 499 2133; x_wconf 82' lang='grc' dir='ltr'><strong>παρὰ</strong></span> <span class='ocrx_word' id='word_1_153' title='bbox 541 2062 601 2116; x_wconf 82' lang='grc' dir='ltr'><strong>τὸ</strong></span> <span class='ocrx_word' id='word_1_154' title='bbox 643 2057 820 2115; x_wconf 73' lang='grc' dir='ltr'><strong>εἶναι’</strong></span> <span class='ocrx_word' id='word_1_155' title='bbox 851 2060 914 2114; x_wconf 79' lang='grc' dir='ltr'><strong>τὸ</strong></span> <span class='ocrx_word' id='word_1_156' title='bbox 946 2060 1005 2113; x_wconf 79' lang='grc' dir='ltr'><strong>δὲ</strong></span> <span class='ocrx_word' id='word_1_157' title='bbox 1050 2055 1190 2113; x_wconf 73' lang='grc' dir='ltr'><strong>εἶναι</strong></span> <span class='ocrx_word' id='word_1_158' title='bbox 1244 2061 1338 2112; x_wconf 79' lang='grc' dir='ltr'><strong>καὶ</strong></span> <span class='ocrx_word' id='word_1_159' title='bbox 1373 2058 1679 2127; x_wconf 79' lang='grc' dir='ltr'><strong>πεφυκέναι</strong></span> <span class='ocrx_word' id='word_1_160' title='bbox 1726 2060 1924 2111; x_wconf 80' lang='grc' dir='ltr'><strong>ταύτόν</strong></span> 
     </span>
    </p>
   </div>
   <div class='ocr_carea' id='block_1_23' title="bbox 343 2147 1924 2221">
    <p class='ocr_par' dir='ltr' id='par_1_23' title="bbox 343 2147 1924 2221">
     <span class='ocr_line' id='line_1_23' title="bbox 343 2147 1924 2221; baseline -0.004 -12"><span class='ocrx_word' id='word_1_161' title='bbox 343 2157 517 2209; x_wconf 72' lang='grc' dir='ltr'><strong>ἔστιν.</strong></span> <span class='ocrx_word' id='word_1_162' title='bbox 564 2155 629 2207; x_wconf 85' lang='grc' dir='ltr'><em>Ἦ</em></span> <span class='ocrx_word' id='word_1_163' title='bbox 679 2154 736 2206; x_wconf 84' lang='grc' dir='ltr'><strong>δὲ</strong></span> <span class='ocrx_word' id='word_1_164' title='bbox 779 2153 1078 2215; x_wconf 77' lang='grc' dir='ltr'><strong>ὑπόστασις</strong></span> <span class='ocrx_word' id='word_1_165' title='bbox 1116 2152 1178 2204; x_wconf 84' lang='grc' dir='ltr'><strong>οὑ</strong></span> <span class='ocrx_word' id='word_1_166' title='bbox 1241 2151 1402 2221; x_wconf 90' lang='grc' dir='ltr'><strong>μόνον</strong></span> <span class='ocrx_word' id='word_1_167' title='bbox 1468 2151 1530 2203; x_wconf 80' lang='grc' dir='ltr'><strong>τὸ</strong></span> <span class='ocrx_word' id='word_1_168' title='bbox 1573 2147 1715 2204; x_wconf 72' lang='grc' dir='ltr'><strong>εἶναι</strong></span> <span class='ocrx_word' id='word_1_169' title='bbox 1753 2150 1924 2221; x_wconf 77' lang='grc' dir='ltr'><strong>δηλοῖ,</strong></span> 
     </span>
    </p>
   </div>
   <div class='ocr_carea' id='block_1_24' title="bbox 344 2239 1927 2315">
    <p class='ocr_par' dir='ltr' id='par_1_24' title="bbox 344 2239 1927 2315">
     <span class='ocr_line' id='line_1_24' title="bbox 344 2239 1927 2315; baseline -0.003 -15"><span class='ocrx_word' id='word_1_170' title='bbox 344 2247 484 2300; x_wconf 75' lang='grc' dir='ltr'><strong>ἀλλὰ</strong></span> <span class='ocrx_word' id='word_1_171' title='bbox 510 2249 605 2299; x_wconf 65' lang='grc' dir='ltr'><strong>καὶ</strong></span> <span class='ocrx_word' id='word_1_172' title='bbox 627 2245 688 2297; x_wconf 81' lang='grc' dir='ltr'><strong>τὸ</strong></span> <span class='ocrx_word' id='word_1_173' title='bbox 714 2245 832 2307; x_wconf 88' lang='grc' dir='ltr'><strong>πῶς</strong></span> <span class='ocrx_word' id='word_1_174' title='bbox 863 2244 998 2315; x_wconf 75' lang='grc' dir='ltr'><strong>ἔχει,</strong></span> <span class='ocrx_word' id='word_1_175' title='bbox 1028 2245 1123 2297; x_wconf 75' lang='grc' dir='ltr'><strong>καὶ</strong></span> <span class='ocrx_word' id='word_1_176' title='bbox 1158 2243 1217 2295; x_wconf 83' lang='grc' dir='ltr'><strong>τὸ</strong></span> <span class='ocrx_word' id='word_1_177' title='bbox 1249 2244 1433 2296; x_wconf 74' lang='grc' dir='ltr'><strong>ὁποῖόν</strong></span> <span class='ocrx_word' id='word_1_178' title='bbox 1488 2259 1540 2295; x_wconf 84' lang='grc' dir='ltr'><strong>τι</strong></span> <span class='ocrx_word' id='word_1_179' title='bbox 1602 2239 1748 2295; x_wconf 72' lang='grc' dir='ltr'><strong>εἶναι</strong></span> <span class='ocrx_word' id='word_1_180' title='bbox 1780 2259 1927 2312; x_wconf 80' lang='grc' dir='ltr'><strong>παρ-</strong></span> 
     </span>
    </p>
   </div>
   <div class='ocr_carea' id='block_1_25' title="bbox 348 2331 1927 2407">
    <p class='ocr_par' dir='ltr' id='par_1_25' title="bbox 348 2331 1927 2407">
     <span class='ocr_line' id='line_1_25' title="bbox 348 2331 1927 2407; baseline -0.003 -16"><span class='ocrx_word' id='word_1_181' title='bbox 348 2339 562 2407; x_wconf 80' lang='grc' dir='ltr'><strong>ίστησιν</strong></span> <span class='ocrx_word' id='word_1_182' title='bbox 585 2355 599 2369; x_wconf 74' lang='grc' dir='ltr'><strong>ο</strong></span> <span class='ocrx_word' id='word_1_183' title='bbox 618 2331 753 2401; x_wconf 76' lang='grc' dir='ltr'><strong>οἷον,</strong></span> <span class='ocrx_word' id='word_1_184' title='bbox 785 2336 917 2406; x_wconf 82' lang='grc' dir='ltr'><strong>ὁμοῦ</strong></span> <span class='ocrx_word' id='word_1_185' title='bbox 942 2336 1145 2398; x_wconf 88' lang='grc' dir='ltr'><strong>πάντες</strong></span> <span class='ocrx_word' id='word_1_186' title='bbox 1172 2337 1225 2388; x_wconf 94' lang='grc' dir='ltr'><strong>οί</strong></span> <span class='ocrx_word' id='word_1_187' title='bbox 1247 2335 1525 2405; x_wconf 81' lang='grc' dir='ltr'><strong>ἂνθρωποι</strong></span> <span class='ocrx_word' id='word_1_188' title='bbox 1544 2335 1723 2388; x_wconf 74' lang='grc' dir='ltr'><strong>κοινὸν</strong></span> <span class='ocrx_word' id='word_1_189' title='bbox 1741 2335 1927 2404; x_wconf 77' lang='grc' dir='ltr'><strong>ἔχουσι</strong></span> 
     </span>
    </p>
   </div>
   <div class='ocr_carea' id='block_1_26' title="bbox 344 2423 1929 2497">
    <p class='ocr_par' dir='ltr' id='par_1_26' title="bbox 344 2423 1929 2497">
     <span class='ocr_line' id='line_1_26' title="bbox 344 2423 1929 2497; baseline -0.001 -17"><span class='ocrx_word' id='word_1_190' title='bbox 344 2427 409 2481; x_wconf 81' lang='grc' dir='ltr'><strong>τὸ</strong></span> <span class='ocrx_word' id='word_1_191' title='bbox 441 2423 580 2480; x_wconf 75' lang='grc' dir='ltr'><strong>εἶναι</strong></span> <span class='ocrx_word' id='word_1_192' title='bbox 609 2444 624 2459; x_wconf 67' lang='grc' dir='ltr'>θ</span> <span class='ocrx_word' id='word_1_193' title='bbox 657 2428 753 2480; x_wconf 79' lang='grc' dir='ltr'><strong>καὶ</strong></span> <span class='ocrx_word' id='word_1_194' title='bbox 782 2427 892 2497; x_wconf 74' lang='grc' dir='ltr'><strong>γὰρ</strong></span> <span class='ocrx_word' id='word_1_195' title='bbox 920 2426 1184 2489; x_wconf 77' lang='grc' dir='ltr'><strong>ὡσαύτως</strong></span> <span class='ocrx_word' id='word_1_196' title='bbox 1216 2427 1420 2489; x_wconf 88' lang='grc' dir='ltr'><strong>πάντες</strong></span> <span class='ocrx_word' id='word_1_197' title='bbox 1458 2425 1664 2494; x_wconf 78' lang='grc' dir='ltr'><strong>ζῶμεν,</strong></span> <span class='ocrx_word' id='word_1_198' title='bbox 1714 2427 1808 2478; x_wconf 78' lang='grc' dir='ltr'><strong>καὶ</strong></span> <span class='ocrx_word' id='word_1_199' title='bbox 1841 2444 1929 2480; x_wconf 90' lang='grc' dir='ltr'><strong>κι-</strong></span> 
     </span>
    </p>
   </div>
   <div class='ocr_carea' id='block_1_27' title="bbox 345 2517 1927 2587">
    <p class='ocr_par' dir='ltr' id='par_1_27' title="bbox 345 2517 1927 2587">
     <span class='ocr_line' id='line_1_27' title="bbox 345 2517 1927 2587; baseline 0 -16"><span class='ocrx_word' id='word_1_200' title='bbox 345 2517 613 2587; x_wconf 83' lang='grc' dir='ltr'><strong>νούμεθα,</strong></span> <span class='ocrx_word' id='word_1_201' title='bbox 653 2519 749 2570; x_wconf 72' lang='grc' dir='ltr'><strong>καὶ</strong></span> <span class='ocrx_word' id='word_1_202' title='bbox 805 2519 1010 2587; x_wconf 76' lang='grc' dir='ltr'><strong>ἐσμέν·</strong></span> <span class='ocrx_word' id='word_1_203' title='bbox 1047 2517 1160 2587; x_wconf 74' lang='grc' dir='ltr'><strong>ἔχει</strong></span> <span class='ocrx_word' id='word_1_204' title='bbox 1207 2518 1264 2569; x_wconf 84' lang='grc' dir='ltr'><strong>δὲ</strong></span> <span class='ocrx_word' id='word_1_205' title='bbox 1318 2517 1552 2578; x_wconf 74' lang='grc' dir='ltr'><strong>ἕκαστος</strong></span> <span class='ocrx_word' id='word_1_206' title='bbox 1606 2517 1764 2587; x_wconf 82' lang='grc' dir='ltr'><strong>ἡμῶν</strong></span> <span class='ocrx_word' id='word_1_207' title='bbox 1818 2518 1927 2571; x_wconf 85' lang='grc' dir='ltr'><strong>ίδιά</strong></span> 
     </span>
    </p>
   </div>
   <div class='ocr_carea' id='block_1_28' title="bbox 344 2603 1927 2680">
    <p class='ocr_par' dir='ltr' id='par_1_28' title="bbox 344 2603 1927 2680">
     <span class='ocr_line' id='line_1_28' title="bbox 344 2603 1927 2680; baseline 0.001 -19"><span class='ocrx_word' id='word_1_208' title='bbox 344 2625 493 2674; x_wconf 84' lang='grc' dir='ltr'><strong>τινα,</strong></span> <span class='ocrx_word' id='word_1_209' title='bbox 546 2603 628 2671; x_wconf 75' lang='grc' dir='ltr'><strong>οἷς</strong></span> <span class='ocrx_word' id='word_1_210' title='bbox 660 2608 772 2660; x_wconf 87' lang='grc' dir='ltr'><strong>τῶν</strong></span> <span class='ocrx_word' id='word_1_211' title='bbox 806 2608 983 2661; x_wconf 87' lang='grc' dir='ltr'><strong>ἄλλων</strong></span> <span class='ocrx_word' id='word_1_212' title='bbox 1035 2608 1340 2679; x_wconf 85' lang='grc' dir='ltr'><strong>ἀνθρώπων</strong></span> <span class='ocrx_word' id='word_1_213' title='bbox 1398 2608 1726 2680; x_wconf 79' lang='grc' dir='ltr'><strong>χωρίζεται·</strong></span> <span class='ocrx_word' id='word_1_214' title='bbox 1780 2604 1927 2675; x_wconf 74' lang='grc' dir='ltr'><strong>οἷον,</strong></span> 
     </span>
    </p>
   </div>
   <div class='ocr_carea' id='block_1_29' title="bbox 272 2699 1922 2774">
    <p class='ocr_par' dir='ltr' id='par_1_29' title="bbox 272 2699 1922 2774">
     <span class='ocr_line' id='line_1_29' title="bbox 272 2699 1922 2774; baseline 0.001 -20"><span class='ocrx_word' id='word_1_215' title='bbox 272 2764 277 2769; x_wconf 89' lang='lat'>_</span> <span class='ocrx_word' id='word_1_216' title='bbox 347 2701 608 2768; x_wconf 77' lang='grc' dir='ltr'><strong>πατρίδα,</strong></span> <span class='ocrx_word' id='word_1_217' title='bbox 628 2699 810 2768; x_wconf 83' lang='grc' dir='ltr'><strong>γένος,</strong></span> <span class='ocrx_word' id='word_1_218' title='bbox 831 2700 1046 2770; x_wconf 78' lang='grc' dir='ltr'><strong>κλῆσιν,</strong></span> <span class='ocrx_word' id='word_1_219' title='bbox 1080 2702 1447 2771; x_wconf 78' lang='grc' dir='ltr'><strong>ἐπιτήδευμα,</strong></span> <span class='ocrx_word' id='word_1_220' title='bbox 1477 2702 1727 2771; x_wconf 80' lang='grc' dir='ltr'><strong>πράξεις,</strong></span> <span class='ocrx_word' id='word_1_221' title='bbox 1752 2704 1922 2774; x_wconf 85' lang='grc' dir='ltr'><strong>πάθη,</strong></span> 
     </span>
    </p>
   </div>
   <div class='ocr_carea' id='block_1_30' title="bbox 347 2790 1957 2869">
    <p class='ocr_par' dir='ltr' id='par_1_30' title="bbox 347 2790 1957 2869">
     <span class='ocr_line' id='line_1_30' title="bbox 347 2790 1957 2869; baseline 0.002 -25"><span class='ocrx_word' id='word_1_222' title='bbox 347 2791 673 2862; x_wconf 82' lang='grc' dir='ltr'><strong>εὑείδειανῆ</strong></span> <span class='ocrx_word' id='word_1_223' title='bbox 707 2791 1029 2857; x_wconf 82' lang='grc' dir='ltr'><strong>δυσείδειαν,</strong></span> <span class='ocrx_word' id='word_1_224' title='bbox 1060 2792 1157 2845; x_wconf 77' lang='grc' dir='ltr'><strong>καὶ</strong></span> <span class='ocrx_word' id='word_1_225' title='bbox 1194 2790 1266 2845; x_wconf 78' lang='grc' dir='ltr'><strong>τὰ</strong></span> <span class='ocrx_word' id='word_1_226' title='bbox 1296 2791 1547 2858; x_wconf 86' lang='grc' dir='ltr'><strong>τοιαῦτα,</strong></span> <span class='ocrx_word' id='word_1_227' title='bbox 1580 2791 1618 2846; x_wconf 78' lang='grc' dir='ltr'><strong>ἃ.</strong></span> <span class='ocrx_word' id='word_1_228' title='bbox 1662 2794 1756 2847; x_wconf 73' lang='grc' dir='ltr'><strong>καὶ</strong></span> <span class='ocrx_word' id='word_1_229' title='bbox 1792 2811 1957 2869; x_wconf 73' lang='grc' dir='ltr'><strong>συμ-⁹</strong></span> 
     </span>
    </p>
   </div>
   <div class='ocr_carea' id='block_1_31' title="bbox 348 2881 1927 2957">
    <p class='ocr_par' dir='ltr' id='par_1_31' title="bbox 348 2881 1927 2957">
     <span class='ocr_line' id='line_1_31' title="bbox 348 2881 1927 2957; baseline 0.003 -23"><span class='ocrx_word' id='word_1_230' title='bbox 348 2881 629 2953; x_wconf 88' lang='grc' dir='ltr'><strong>ϐεϐηκότα</strong></span> <span class='ocrx_word' id='word_1_231' title='bbox 657 2882 950 2953; x_wconf 84' lang='grc' dir='ltr'><strong>καλοῦμεν.</strong></span> <span class='ocrx_word' id='word_1_232' title='bbox 1007 2881 1197 2936; x_wconf 88' lang='grc' dir='ltr'><strong>Ταῦτα</strong></span> <span class='ocrx_word' id='word_1_233' title='bbox 1239 2882 1334 2936; x_wconf 82' lang='grc' dir='ltr'><strong>οῦν</strong></span> <span class='ocrx_word' id='word_1_234' title='bbox 1373 2883 1612 2951; x_wconf 78' lang='grc' dir='ltr'><strong>ἅπαντα,</strong></span> <span class='ocrx_word' id='word_1_235' title='bbox 1664 2886 1795 2956; x_wconf 76' lang='grc' dir='ltr'><strong>περὶ</strong></span> <span class='ocrx_word' id='word_1_236' title='bbox 1827 2885 1927 2957; x_wconf 81' lang='grc' dir='ltr'><strong>τὴν</strong></span> 
     </span>
    </p>
   </div>
   <div class='ocr_carea' id='block_1_32' title="bbox 347 2972 1925 3047">
    <p class='ocr_par' dir='ltr' id='par_1_32' title="bbox 347 2972 1925 3047">
     <span class='ocr_line' id='line_1_32' title="bbox 347 2972 1925 3047; baseline 0.003 -22"><span class='ocrx_word' id='word_1_237' title='bbox 347 2973 654 3026; x_wconf 80' lang='grc' dir='ltr'><strong>ὑπόστασιν</strong></span> <span class='ocrx_word' id='word_1_238' title='bbox 683 2973 1040 3045; x_wconf 80' lang='grc' dir='ltr'><strong>θεωροῦνται,</strong></span> <span class='ocrx_word' id='word_1_239' title='bbox 1091 2975 1183 3026; x_wconf 59' lang='grc' dir='ltr'><strong>καὶ⁹</strong></span> <span class='ocrx_word' id='word_1_240' title='bbox 1212 2975 1273 3026; x_wconf 71' lang='grc' dir='ltr'><strong>τὸ</strong></span> <span class='ocrx_word' id='word_1_241' title='bbox 1321 2975 1453 3027; x_wconf 81' lang='grc' dir='ltr'><strong>αὐτὸ</strong></span> <span class='ocrx_word' id='word_1_242' title='bbox 1481 2977 1720 3047; x_wconf 81' lang='grc' dir='ltr'><strong>πρᾶγμα</strong></span> <span class='ocrx_word' id='word_1_243' title='bbox 1738 2993 1754 3008; x_wconf 74' lang='grc' dir='ltr'><strong>ο</strong></span> <span class='ocrx_word' id='word_1_244' title='bbox 1790 2972 1925 3042; x_wconf 79' lang='grc' dir='ltr'><strong>οἷον,</strong></span> 
     </span>
    </p>
   </div>
   <div class='ocr_carea' id='block_1_33' title="bbox 347 3057 1926 3134">
    <p class='ocr_par' dir='ltr' id='par_1_33' title="bbox 347 3057 1926 3134">
     <span class='ocr_line' id='line_1_33' title="bbox 347 3057 1926 3134; baseline 0.003 -19"><span class='ocrx_word' id='word_1_245' title='bbox 347 3061 637 3123; x_wconf 83' lang='grc' dir='ltr'><strong>Μελέτιος,</strong></span> <span class='ocrx_word' id='word_1_246' title='bbox 663 3061 791 3114; x_wconf 85' lang='grc' dir='ltr'><strong>ὅταν</strong></span> <span class='ocrx_word' id='word_1_247' title='bbox 824 3061 886 3113; x_wconf 79' lang='grc' dir='ltr'><strong>τὸ</strong></span> <span class='ocrx_word' id='word_1_248' title='bbox 912 3057 1047 3114; x_wconf 72' lang='grc' dir='ltr'><strong>εἶναι</strong></span> <span class='ocrx_word' id='word_1_249' title='bbox 1080 3061 1246 3114; x_wconf 82' lang='grc' dir='ltr'><strong>αὑτοῦ</strong></span> <span class='ocrx_word' id='word_1_250' title='bbox 1283 3061 1444 3131; x_wconf 86' lang='grc' dir='ltr'><strong>μόνον</strong></span> <span class='ocrx_word' id='word_1_251' title='bbox 1473 3066 1768 3134; x_wconf 83' lang='grc' dir='ltr'><strong>σκοπῆται,</strong></span> <span class='ocrx_word' id='word_1_252' title='bbox 1804 3067 1926 3119; x_wconf 90' lang='grc' dir='ltr'><strong>τότε</strong></span> 
     </span>
    </p>
   </div>
   <div class='ocr_carea' id='block_1_34' title="bbox 349 3130 1996 3226">
    <p class='ocr_par' dir='ltr' id='par_1_34' title="bbox 349 3130 1996 3226">
     <span class='ocr_line' id='line_1_34' title="bbox 349 3130 1996 3226; baseline 0.002 -20"><span class='ocrx_word' id='word_1_253' title='bbox 349 3154 510 3206; x_wconf 81' lang='grc' dir='ltr'><strong>οὐσία</strong></span> <span class='ocrx_word' id='word_1_254' title='bbox 538 3153 761 3222; x_wconf 83' lang='grc' dir='ltr'><strong>λέγεται</strong></span> <span class='ocrx_word' id='word_1_255' title='bbox 797 3169 813 3186; x_wconf 81' lang='grc'><em>’</em></span> <span class='ocrx_word' id='word_1_256' title='bbox 849 3154 978 3205; x_wconf 78' lang='grc' dir='ltr'><strong>ὅταν</strong></span> <span class='ocrx_word' id='word_1_257' title='bbox 1006 3153 1147 3222; x_wconf 77' lang='grc' dir='ltr'><strong>μετὰ</strong></span> <span class='ocrx_word' id='word_1_258' title='bbox 1188 3130 1299 3206; x_wconf 85' lang='grc' dir='ltr'><strong>τῶν</strong></span> <span class='ocrx_word' id='word_1_259' title='bbox 1335 3130 1777 3226; x_wconf 73' lang='grc' dir='ltr'><strong>προλεγομένων,</strong></span> <span class='ocrx_word' id='word_1_260' title='bbox 1806 3157 1925 3209; x_wconf 85' lang='grc' dir='ltr'><strong>τότε</strong></span> 
     </span>
    </p>
   </div>
   <div class='ocr_carea' id='block_1_35' title="bbox 351 3242 1928 3321">
    <p class='ocr_par' dir='ltr' id='par_1_35' title="bbox 351 3242 1928 3321">
     <span class='ocr_line' id='line_1_35' title="bbox 351 3242 1928 3321; baseline 0.003 -20"><span class='ocrx_word' id='word_1_261' title='bbox 351 3249 451 3302; x_wconf 72' lang='grc' dir='ltr'><strong>καὶ</strong></span> <span class='ocrx_word' id='word_1_262' title='bbox 472 3249 791 3311; x_wconf 84' lang='grc' dir='ltr'><strong>ὑπόστασις,</strong></span> <span class='ocrx_word' id='word_1_263' title='bbox 822 3247 855 3315; x_wconf 79' lang='grc' dir='ltr'>ἢ</span> <span class='ocrx_word' id='word_1_264' title='bbox 888 3249 1113 3317; x_wconf 79' lang='grc' dir='ltr'><strong>ἄτομον.</strong></span> <span class='ocrx_word' id='word_1_265' title='bbox 1151 3242 1224 3300; x_wconf 83' lang='grc' dir='ltr'><strong>Τὸ</strong></span> <span class='ocrx_word' id='word_1_266' title='bbox 1257 3243 1352 3302; x_wconf 79' lang='grc' dir='ltr'><strong>οὖν</strong></span> <span class='ocrx_word' id='word_1_267' title='bbox 1386 3250 1518 3301; x_wconf 77' lang='grc' dir='ltr'><strong>αὑτὸ</strong></span> <span class='ocrx_word' id='word_1_268' title='bbox 1560 3252 1928 3321; x_wconf 86' lang='grc' dir='ltr'><strong>ὑποκείμενον</strong></span> 
     </span>
    </p>
   </div>
   <div class='ocr_carea' id='block_1_36' title="bbox 352 3338 1929 3410">
    <p class='ocr_par' dir='ltr' id='par_1_36' title="bbox 352 3338 1929 3410">
     <span class='ocr_line' id='line_1_36' title="bbox 352 3338 1929 3410; baseline -0.002 -14"><span class='ocrx_word' id='word_1_269' title='bbox 352 3343 448 3397; x_wconf 69' lang='grc' dir='ltr'><strong>καὶ</strong></span> <span class='ocrx_word' id='word_1_270' title='bbox 464 3343 778 3405; x_wconf 80' lang='grc' dir='ltr'><strong>οὐσίαὲστὶ,</strong></span> <span class='ocrx_word' id='word_1_271' title='bbox 805 3341 901 3395; x_wconf 67' lang='grc' dir='ltr'><strong>καλ⁵</strong></span> <span class='ocrx_word' id='word_1_272' title='bbox 929 3341 1227 3404; x_wconf 83' lang='grc' dir='ltr'><strong>ὑπόστασις</strong></span> <span class='ocrx_word' id='word_1_273' title='bbox 1255 3357 1269 3371; x_wconf 76' lang='grc' dir='ltr'><strong>ο</strong></span> <span class='ocrx_word' id='word_1_274' title='bbox 1305 3340 1366 3394; x_wconf 79' lang='grc' dir='ltr'><strong>τὸ</strong></span> <span class='ocrx_word' id='word_1_275' title='bbox 1396 3340 1582 3410; x_wconf 89' lang='grc' dir='ltr'><strong>μέντοι</strong></span> <span class='ocrx_word' id='word_1_276' title='bbox 1606 3338 1706 3408; x_wconf 85' lang='grc' dir='ltr'><strong>τῆς</strong></span> <span class='ocrx_word' id='word_1_277' title='bbox 1739 3340 1929 3404; x_wconf 72' lang='grc' dir='ltr'><strong>οὐσίας</strong></span> 
     </span>
    </p>
   </div>
   <div class='ocr_carea' id='block_1_37' title="bbox 350 3431 1932 3502">
    <p class='ocr_par' dir='ltr' id='par_1_37' title="bbox 350 3431 1932 3502">
     <span class='ocr_line' id='line_1_37' title="bbox 350 3431 1932 3502; baseline -0.002 -16"><span class='ocrx_word' id='word_1_278' title='bbox 350 3434 527 3502; x_wconf 77' lang='grc' dir='ltr'><strong>ὖνομα</strong></span> <span class='ocrx_word' id='word_1_279' title='bbox 546 3434 606 3486; x_wconf 80' lang='grc' dir='ltr'><strong>οὑ</strong></span> <span class='ocrx_word' id='word_1_280' title='bbox 637 3431 1170 3502; x_wconf 80' lang='grc' dir='ltr'><strong>συμπαραλαμϐάνει</strong></span> <span class='ocrx_word' id='word_1_281' title='bbox 1217 3431 1311 3484; x_wconf 71' lang='grc' dir='ltr'><strong>καὶ</strong></span> <span class='ocrx_word' id='word_1_282' title='bbox 1350 3431 1446 3501; x_wconf 82' lang='grc' dir='ltr'><strong>τὴν</strong></span> <span class='ocrx_word' id='word_1_283' title='bbox 1481 3431 1786 3485; x_wconf 86' lang='grc' dir='ltr'><strong>ὑπόστασιν</strong></span> <span class='ocrx_word' id='word_1_284' title='bbox 1821 3449 1835 3463; x_wconf 86' lang='grc'><strong>·</strong></span> <span class='ocrx_word' id='word_1_285' title='bbox 1869 3432 1932 3484; x_wconf 86' lang='grc' dir='ltr'><strong>τὸ</strong></span> 
     </span>
    </p>
   </div>
   <div class='ocr_carea' id='block_1_38' title="bbox 351 3520 1759 3594">
    <p class='ocr_par' dir='ltr' id='par_1_38' title="bbox 351 3520 1759 3594">
     <span class='ocr_line' id='line_1_38' title="bbox 351 3520 1759 3594; baseline -0.002 -18"><span class='ocrx_word' id='word_1_286' title='bbox 351 3522 411 3577; x_wconf 82' lang='grc' dir='ltr'><strong>δὲ</strong></span> <span class='ocrx_word' id='word_1_287' title='bbox 438 3525 539 3594; x_wconf 82' lang='grc' dir='ltr'><strong>τῆς</strong></span> <span class='ocrx_word' id='word_1_288' title='bbox 569 3522 922 3585; x_wconf 80' lang='grc' dir='ltr'><strong>ὑποστάσεως</strong></span> <span class='ocrx_word' id='word_1_289' title='bbox 961 3521 1139 3575; x_wconf 88' lang='grc' dir='ltr'><strong>πάντα</strong></span> <span class='ocrx_word' id='word_1_290' title='bbox 1163 3520 1386 3591; x_wconf 77' lang='grc' dir='ltr'><strong>ἔχεικαὶ</strong></span> <span class='ocrx_word' id='word_1_291' title='bbox 1417 3525 1517 3592; x_wconf 76' lang='grc' dir='ltr'><strong>τὴν</strong></span> <span class='ocrx_word' id='word_1_292' title='bbox 1546 3521 1759 3574; x_wconf 77' lang='grc' dir='ltr'><strong>οὐσίαν.</strong></span> 
     </span>
    </p>
   </div>
   <div class='ocr_carea' id='block_1_39' title="bbox 440 3688 1932 3766">
    <p class='ocr_par' dir='ltr' id='par_1_39' title="bbox 440 3688 1932 3766">
     <span class='ocr_line' id='line_1_39' title="bbox 440 3688 1932 3766; baseline -0.003 -18"><span class='ocrx_word' id='word_1_293' title='bbox 440 3694 747 3766; x_wconf 75' lang='grc' dir='ltr'><strong>Ὀρίζονται</strong></span> <span class='ocrx_word' id='word_1_294' title='bbox 769 3688 862 3748; x_wconf 76' lang='grc' dir='ltr'><strong>οὖν</strong></span> <span class='ocrx_word' id='word_1_295' title='bbox 890 3696 993 3765; x_wconf 84' lang='grc' dir='ltr'><strong>τὴν</strong></span> <span class='ocrx_word' id='word_1_296' title='bbox 1038 3694 1338 3748; x_wconf 83' lang='grc' dir='ltr'><strong>ὑπόστασιν</strong></span> <span class='ocrx_word' id='word_1_297' title='bbox 1373 3692 1581 3758; x_wconf 70' lang='grc' dir='ltr'><strong>οὕτως·</strong></span> <span class='ocrx_word' id='word_1_298' title='bbox 1633 3692 1932 3755; x_wconf 85' lang='grc' dir='ltr'><strong>ὑπόστασίς</strong></span> 
     </span>
    </p>
   </div>
   <div class='ocr_carea' id='block_1_40' title="bbox 352 3776 1931 3856">
    <p class='ocr_par' dir='ltr' id='par_1_40' title="bbox 352 3776 1931 3856">
     <span class='ocr_line' id='line_1_40' title="bbox 352 3776 1931 3856; baseline -0.003 -18"><span class='ocrx_word' id='word_1_299' title='bbox 352 3787 478 3840; x_wconf 66' lang='grc' dir='ltr'><strong>ἐστι</strong></span> <span class='ocrx_word' id='word_1_300' title='bbox 508 3787 745 3856; x_wconf 83' lang='grc' dir='ltr'><strong>πρᾶγμα</strong></span> <span class='ocrx_word' id='word_1_301' title='bbox 767 3786 1019 3855; x_wconf 79' lang='grc' dir='ltr'><strong>ὑφεστὼς</strong></span> <span class='ocrx_word' id='word_1_302' title='bbox 1040 3802 1100 3837; x_wconf 91' lang='grc' dir='ltr'><strong>τε</strong></span> <span class='ocrx_word' id='word_1_303' title='bbox 1133 3787 1226 3838; x_wconf 76' lang='grc' dir='ltr'><strong>καὶ</strong></span> <span class='ocrx_word' id='word_1_304' title='bbox 1259 3784 1540 3850; x_wconf 83' lang='grc' dir='ltr'><strong>οὐσιῶδες,</strong></span> <span class='ocrx_word' id='word_1_305' title='bbox 1572 3785 1630 3836; x_wconf 76' lang='grc' dir='ltr'><strong>ὲν</strong></span> <span class='ocrx_word' id='word_1_306' title='bbox 1738 3784 1799 3835; x_wconf 83' lang='grc' dir='ltr'><strong>τὸ</strong></span> <span class='ocrx_word' id='word_1_307' title='bbox 1821 3782 1931 3834; x_wconf 88' lang='grc' dir='ltr'><strong>τῶν</strong></span> 
     </span>
    </p>
   </div>
   <div class='ocr_carea' id='block_1_41' title="bbox 356 3876 1932 3946">
    <p class='ocr_par' dir='ltr' id='par_1_41' title="bbox 356 3876 1932 3946">
     <span class='ocr_line' id='line_1_41' title="bbox 356 3876 1932 3946; baseline -0.003 -15"><span class='ocrx_word' id='word_1_308' title='bbox 356 3876 786 3946; x_wconf 86' lang='grc' dir='ltr'><strong>συμϐεϐηκότων</strong></span> <span class='ocrx_word' id='word_1_309' title='bbox 803 3876 1078 3946; x_wconf 80' lang='grc' dir='ltr'><strong>ἄθροισμα</strong></span> <span class='ocrx_word' id='word_1_310' title='bbox 1101 3876 1175 3937; x_wconf 89' lang='grc' dir='ltr'><strong>ὼς</strong></span> <span class='ocrx_word' id='word_1_311' title='bbox 1194 3877 1251 3928; x_wconf 81' lang='grc' dir='ltr'><strong>ὲν</strong></span> <span class='ocrx_word' id='word_1_312' title='bbox 1274 3876 1622 3942; x_wconf 84' lang='grc' dir='ltr'><strong>ὑποκειμένῳ</strong></span> <span class='ocrx_word' id='word_1_313' title='bbox 1644 3876 1932 3944; x_wconf 86' lang='grc' dir='ltr'><strong>πράγματι</strong></span> 
     </span>
    </p>
   </div>
   <div class='ocr_carea' id='block_1_42' title="bbox 354 3966 1935 4044">
    <p class='ocr_par' dir='ltr' id='par_1_42' title="bbox 354 3966 1935 4044">
     <span class='ocr_line' id='line_1_42' title="bbox 354 3966 1935 4044; baseline -0.002 -23"><span class='ocrx_word' id='word_1_314' title='bbox 354 3968 455 4021; x_wconf 72' lang='grc' dir='ltr'><strong>καλ</strong></span> <span class='ocrx_word' id='word_1_315' title='bbox 507 3967 761 4038; x_wconf 79' lang='grc' dir='ltr'><strong>ἐνεργείᾳ</strong></span> <span class='ocrx_word' id='word_1_316' title='bbox 799 3967 1094 4036; x_wconf 80' lang='grc' dir='ltr'><strong>ὑφέστηκε.</strong></span> <span class='ocrx_word' id='word_1_317' title='bbox 1151 3966 1561 4044; x_wconf 81' lang='grc' dir='ltr'><strong>Παραπλησίως</strong></span> <span class='ocrx_word' id='word_1_318' title='bbox 1608 3966 1664 4018; x_wconf 80' lang='grc' dir='ltr'><strong>δὲ</strong></span> <span class='ocrx_word' id='word_1_319' title='bbox 1729 3966 1823 4018; x_wconf 75' lang='grc' dir='ltr'><strong>καὶ</strong></span> <span class='ocrx_word' id='word_1_320' title='bbox 1873 3966 1935 4018; x_wconf 83' lang='grc' dir='ltr'><strong>τὸ</strong></span> 
     </span>
    </p>
   </div>
   <div class='ocr_carea' id='block_1_43' title="bbox 353 4055 1934 4127">
    <p class='ocr_par' dir='ltr' id='par_1_43' title="bbox 353 4055 1934 4127">
     <span class='ocr_line' id='line_1_43' title="bbox 353 4055 1934 4127; baseline -0.004 -14"><span class='ocrx_word' id='word_1_321' title='bbox 353 4058 560 4126; x_wconf 84' lang='grc' dir='ltr'><strong>ἄτομον</strong></span> <span class='ocrx_word' id='word_1_322' title='bbox 580 4073 594 4087; x_wconf 74' lang='grc' dir='ltr'><strong><em>ο</em></strong></span> <span class='ocrx_word' id='word_1_323' title='bbox 626 4058 864 4127; x_wconf 78' lang='grc' dir='ltr'><strong>Ἀτομόν</strong></span> <span class='ocrx_word' id='word_1_324' title='bbox 885 4059 1025 4120; x_wconf 84' lang='grc' dir='ltr'><strong>ὲστι,</strong></span> <span class='ocrx_word' id='word_1_325' title='bbox 1043 4057 1313 4124; x_wconf 81' lang='grc' dir='ltr'><strong>λέγοντες,</strong></span> <span class='ocrx_word' id='word_1_326' title='bbox 1344 4057 1403 4109; x_wconf 83' lang='grc' dir='ltr'><strong>τὸ</strong></span> <span class='ocrx_word' id='word_1_327' title='bbox 1424 4055 1483 4120; x_wconf 71' lang='grc' dir='ltr'><strong>ἐξ</strong></span> <span class='ocrx_word' id='word_1_328' title='bbox 1503 4056 1783 4125; x_wconf 85' lang='grc' dir='ltr'><strong>ίδιοτήτων</strong></span> <span class='ocrx_word' id='word_1_329' title='bbox 1805 4072 1934 4124; x_wconf 88' lang='grc' dir='ltr'><strong>συγ-</strong></span> 
     </span>
    </p>
   </div>
   <div class='ocr_carea' id='block_1_44' title="bbox 355 4140 1934 4217">
    <p class='ocr_par' dir='ltr' id='par_1_44' title="bbox 355 4140 1934 4217">
     <span class='ocr_line' id='line_1_44' title="bbox 355 4140 1934 4217; baseline -0.001 -18"><span class='ocrx_word' id='word_1_330' title='bbox 355 4147 635 4216; x_wconf 86' lang='grc' dir='ltr'><strong>κείμενον,</strong></span> <span class='ocrx_word' id='word_1_331' title='bbox 669 4140 742 4199; x_wconf 84' lang='grc' dir='ltr'><strong>ὦν</strong></span> <span class='ocrx_word' id='word_1_332' title='bbox 772 4148 831 4200; x_wconf 70' lang='grc' dir='ltr'><strong>τὸ</strong></span> <span class='ocrx_word' id='word_1_333' title='bbox 857 4147 1131 4217; x_wconf 81' lang='grc' dir='ltr'><strong>ἄθροισμα</strong></span> <span class='ocrx_word' id='word_1_334' title='bbox 1164 4146 1250 4199; x_wconf 77' lang='grc' dir='ltr'><strong>ἐπ’</strong></span> <span class='ocrx_word' id='word_1_335' title='bbox 1282 4146 1493 4208; x_wconf 77' lang='grc' dir='ltr'><strong>οὐδενὸς</strong></span> <span class='ocrx_word' id='word_1_336' title='bbox 1554 4146 1719 4199; x_wconf 87' lang='grc' dir='ltr'><strong>ἄλλου</strong></span> <span class='ocrx_word' id='word_1_337' title='bbox 1775 4147 1934 4216; x_wconf 84' lang='grc' dir='ltr'><strong>εὑρε-</strong></span> 
     </span>
    </p>
   </div>
   <div class='ocr_carea' id='block_1_45' title="bbox 355 4237 1931 4310">
    <p class='ocr_par' dir='ltr' id='par_1_45' title="bbox 355 4237 1931 4310">
     <span class='ocr_line' id='line_1_45' title="bbox 355 4237 1931 4310; baseline -0.003 -17"><span class='ocrx_word' id='word_1_338' title='bbox 355 4239 613 4310; x_wconf 84' lang='grc' dir='ltr'><strong>θήσεται.</strong></span> <span class='ocrx_word' id='word_1_339' title='bbox 647 4240 757 4292; x_wconf 73' lang='grc' dir='ltr'><strong>Καὶ</strong></span> <span class='ocrx_word' id='word_1_340' title='bbox 779 4239 964 4301; x_wconf 88' lang='grc' dir='ltr'><strong>καλῶς</strong></span> <span class='ocrx_word' id='word_1_341' title='bbox 998 4240 1216 4310; x_wconf 77' lang='grc' dir='ltr'><strong>εἴρηται</strong></span> <span class='ocrx_word' id='word_1_342' title='bbox 1244 4238 1302 4291; x_wconf 82' lang='grc' dir='ltr'><strong>τὸ</strong></span> <span class='ocrx_word' id='word_1_343' title='bbox 1341 4238 1428 4290; x_wconf 69' lang='grc' dir='ltr'><strong>ἐπ’</strong></span> <span class='ocrx_word' id='word_1_344' title='bbox 1462 4237 1676 4301; x_wconf 78' lang='grc' dir='ltr'><strong>οὐδενὸς</strong></span> <span class='ocrx_word' id='word_1_345' title='bbox 1721 4237 1882 4291; x_wconf 83' lang='grc' dir='ltr'>ἄλλου</span> <span class='ocrx_word' id='word_1_346' title='bbox 1917 4252 1931 4267; x_wconf 73' lang='grc' dir='ltr'><strong><em>ο</em></strong></span> 
     </span>
    </p>
   </div>
   <div class='ocr_carea' id='block_1_46' title="bbox 355 4326 1935 4397">
    <p class='ocr_par' dir='ltr' id='par_1_46' title="bbox 355 4326 1935 4397">
     <span class='ocr_line' id='line_1_46' title="bbox 355 4326 1935 4397; baseline -0.001 -17"><span class='ocrx_word' id='word_1_347' title='bbox 355 4329 416 4380; x_wconf 91' lang='grc' dir='ltr'><strong>αί</strong></span> <span class='ocrx_word' id='word_1_348' title='bbox 462 4327 574 4397; x_wconf 82' lang='grc' dir='ltr'><strong>γὰρ</strong></span> <span class='ocrx_word' id='word_1_349' title='bbox 612 4328 876 4397; x_wconf 79' lang='grc' dir='ltr'><strong>ἰδιότητες</strong></span> <span class='ocrx_word' id='word_1_350' title='bbox 922 4328 1187 4380; x_wconf 77' lang='grc' dir='ltr'><strong>Μελετίου</strong></span> <span class='ocrx_word' id='word_1_351' title='bbox 1224 4327 1428 4395; x_wconf 86' lang='grc' dir='ltr'><strong>ἀτόμου</strong></span> <span class='ocrx_word' id='word_1_352' title='bbox 1457 4326 1610 4388; x_wconf 83' lang='grc' dir='ltr'><strong>ὄντος</strong></span> <span class='ocrx_word' id='word_1_353' title='bbox 1654 4327 1747 4379; x_wconf 80' lang='grc' dir='ltr'><strong>ἐπί</strong></span> <span class='ocrx_word' id='word_1_354' title='bbox 1789 4343 1935 4388; x_wconf 89' lang='grc' dir='ltr'><strong>τινος</strong></span> 
     </span>
    </p>
   </div>
   <div class='ocr_carea' id='block_1_47' title="bbox 355 4412 1935 4479">
    <p class='ocr_par' dir='ltr' id='par_1_47' title="bbox 355 4412 1935 4479">
     <span class='ocr_line' id='line_1_47' title="bbox 355 4412 1935 4479; baseline -0.001 -8"><span class='ocrx_word' id='word_1_355' title='bbox 355 4417 523 4472; x_wconf 84' lang='grc' dir='ltr'><strong>ἄλλου</strong></span> <span class='ocrx_word' id='word_1_356' title='bbox 551 4418 791 4470; x_wconf 87' lang='grc' dir='ltr'><strong>νοεῖσθαι</strong></span> <span class='ocrx_word' id='word_1_357' title='bbox 832 4419 893 4469; x_wconf 85' lang='grc' dir='ltr'><strong>οὑ</strong></span> <span class='ocrx_word' id='word_1_358' title='bbox 934 4418 1225 4472; x_wconf 87' lang='grc' dir='ltr'><strong>δύνανται·</strong></span> <span class='ocrx_word' id='word_1_359' title='bbox 1276 4412 1387 4469; x_wconf 71' lang='grc' dir='ltr'><strong>οἷον</strong></span> <span class='ocrx_word' id='word_1_360' title='bbox 1431 4415 1492 4469; x_wconf 84' lang='grc' dir='ltr'><strong>τὸ</strong></span> <span class='ocrx_word' id='word_1_361' title='bbox 1546 4413 1689 4470; x_wconf 74' lang='grc' dir='ltr'><strong>εἶναι</strong></span> <span class='ocrx_word' id='word_1_362' title='bbox 1724 4414 1935 4479; x_wconf 81' lang='grc' dir='ltr'><strong>Βυζαν-</strong></span> 
     </span>
    </p>
   </div>
   <div class='ocr_carea' id='block_1_48' title="bbox 2022 524 3602 594">
    <p class='ocr_par' dir='ltr' id='par_1_48' title="bbox 2022 524 3602 594">
     <span class='ocr_line' id='line_1_48' title="bbox 2022 524 3602 594; baseline 0.002 -15"><span class='ocrx_word' id='word_1_363' title='bbox 2022 524 2136 579; x_wconf 87' lang='lat' dir='ltr'><strong>sola</strong></span> <span class='ocrx_word' id='word_1_364' title='bbox 2167 526 2496 594; x_wconf 72' lang='lat' dir='ltr'><strong>cogitatione</strong></span> <span class='ocrx_word' id='word_1_365' title='bbox 2520 526 2635 581; x_wconf 82' lang='lat' dir='ltr'><strong>sibi</strong></span> <span class='ocrx_word' id='word_1_366' title='bbox 2669 527 2901 583; x_wconf 83' lang='lat' dir='ltr'><strong>invicem</strong></span> <span class='ocrx_word' id='word_1_367' title='bbox 2945 539 3364 583; x_wconf 83' lang='lat' dir='ltr'><strong>conversantur.</strong></span> <span class='ocrx_word' id='word_1_368' title='bbox 3410 528 3602 584; x_wconf 76' lang='lat' dir='ltr'><strong>Ratio-</strong></span> 
     </span>
    </p>
   </div>
   <div class='ocr_carea' id='block_1_49' title="bbox 2023 613 3715 685">
    <p class='ocr_par' dir='ltr' id='par_1_49' title="bbox 2023 613 3715 685">
     <span class='ocr_line' id='line_1_49' title="bbox 2023 613 3715 685; baseline 0.004 -19"><span class='ocrx_word' id='word_1_369' title='bbox 2023 613 2166 668; x_wconf 90' lang='lat' dir='ltr'><strong>nalis</strong></span> <span class='ocrx_word' id='word_1_370' title='bbox 2194 622 2283 668; x_wconf 87' lang='lat' dir='ltr'><strong>est</strong></span> <span class='ocrx_word' id='word_1_371' title='bbox 2331 615 2385 669; x_wconf 92' lang='lat' dir='ltr'><strong>in</strong></span> <span class='ocrx_word' id='word_1_372' title='bbox 2424 615 2758 682; x_wconf 87' lang='lat' dir='ltr'><strong>hominibus,</strong></span> <span class='ocrx_word' id='word_1_373' title='bbox 2795 617 2889 684; x_wconf 87' lang='lat' dir='ltr'><strong>qui</strong></span> <span class='ocrx_word' id='word_1_374' title='bbox 2918 630 3016 685; x_wconf 89' lang='lat' dir='ltr'><strong>per</strong></span> <span class='ocrx_word' id='word_1_375' title='bbox 3050 616 3267 670; x_wconf 90' lang='lat' dir='ltr'><strong>nomina</strong></span> <span class='ocrx_word' id='word_1_376' title='bbox 3326 627 3380 671; x_wconf 89' lang='lat' dir='ltr'><strong>et</strong></span> <span class='ocrx_word' id='word_1_377' title='bbox 3439 618 3605 672; x_wconf 87' lang='lat' dir='ltr'><strong>verba</strong></span> <span class='ocrx_word' id='word_1_378' title='bbox 3707 633 3715 639; x_wconf 88' lang='grc'><strong>·</strong></span> 
     </span>
    </p>
   </div>
   <div class='ocr_carea' id='block_1_50' title="bbox 2022 703 3605 762">
    <p class='ocr_par' dir='ltr' id='par_1_50' title="bbox 2022 703 3605 762">
     <span class='ocr_line' id='line_1_50' title="bbox 2022 703 3605 762; baseline 0.002 -5"><span class='ocrx_word' id='word_1_379' title='bbox 2022 703 2322 759; x_wconf 82' lang='lat' dir='ltr'><strong>invisibiles</strong></span> <span class='ocrx_word' id='word_1_380' title='bbox 2363 705 2558 759; x_wconf 68' lang='lat' dir='ltr'><strong>animas</strong></span> <span class='ocrx_word' id='word_1_381' title='bbox 2608 714 2789 759; x_wconf 87' lang='lat' dir='ltr'><strong>motus</strong></span> <span class='ocrx_word' id='word_1_382' title='bbox 2838 705 2964 760; x_wconf 88' lang='lat' dir='ltr'><strong>aliis</strong></span> <span class='ocrx_word' id='word_1_383' title='bbox 3002 707 3431 762; x_wconf 81' lang='lat' dir='ltr'><strong>communicant.</strong></span> <span class='ocrx_word' id='word_1_384' title='bbox 3466 705 3605 761; x_wconf 91' lang='lat' dir='ltr'><strong>Sen-</strong></span> 
     </span>
    </p>
   </div>
   <div class='ocr_carea' id='block_1_51' title="bbox 2020 793 3605 863">
    <p class='ocr_par' dir='ltr' id='par_1_51' title="bbox 2020 793 3605 863">
     <span class='ocr_line' id='line_1_51' title="bbox 2020 793 3605 863; baseline 0.004 -18"><span class='ocrx_word' id='word_1_385' title='bbox 2020 793 2187 846; x_wconf 88' lang='lat' dir='ltr'><strong>sualis</strong></span> <span class='ocrx_word' id='word_1_386' title='bbox 2214 804 2438 863; x_wconf 86' lang='lat' dir='ltr'><strong>apparet</strong></span> <span class='ocrx_word' id='word_1_387' title='bbox 2473 794 2524 847; x_wconf 88' lang='lat' dir='ltr'><strong>in</strong></span> <span class='ocrx_word' id='word_1_388' title='bbox 2552 796 2727 848; x_wconf 82' lang='lat' dir='ltr'><strong>brutis</strong></span> <span class='ocrx_word' id='word_1_389' title='bbox 2756 812 2768 846; x_wconf 93' lang='lat'><strong>:</strong></span> <span class='ocrx_word' id='word_1_390' title='bbox 2811 809 2936 849; x_wconf 90' lang='lat' dir='ltr'><strong>nam</strong></span> <span class='ocrx_word' id='word_1_391' title='bbox 2968 805 3167 863; x_wconf 61' lang='lat' dir='ltr'><strong>praeter</strong></span> <span class='ocrx_word' id='word_1_392' title='bbox 3203 796 3517 851; x_wconf 77' lang='lat' dir='ltr'><strong>facultatem</strong></span> <span class='ocrx_word' id='word_1_393' title='bbox 3545 811 3605 851; x_wconf 91' lang='lat' dir='ltr'><strong>se</strong></span> 
     </span>
    </p>
   </div>
   <div class='ocr_carea' id='block_1_52' title="bbox 2020 883 3598 953">
    <p class='ocr_par' dir='ltr' id='par_1_52' title="bbox 2020 883 3598 953">
     <span class='ocr_line' id='line_1_52' title="bbox 2020 883 3598 953; baseline 0.002 -16"><span class='ocrx_word' id='word_1_394' title='bbox 2020 884 2318 948; x_wconf 88' lang='lat' dir='ltr'><strong>nutriendi,</strong></span> <span class='ocrx_word' id='word_1_395' title='bbox 2356 883 2589 952; x_wconf 79' lang='lat' dir='ltr'><strong>augendi</strong></span> <span class='ocrx_word' id='word_1_396' title='bbox 2642 892 2703 938; x_wconf 92' lang='lat' dir='ltr'><strong>et</strong></span> <span class='ocrx_word' id='word_1_397' title='bbox 2748 884 3096 953; x_wconf 86' lang='lat' dir='ltr'><strong>procreandi,</strong></span> <span class='ocrx_word' id='word_1_398' title='bbox 3124 885 3290 939; x_wconf 85' lang='lat' dir='ltr'><strong>etiam</strong></span> <span class='ocrx_word' id='word_1_399' title='bbox 3326 885 3598 940; x_wconf 86' lang='lat' dir='ltr'><strong>sentiendi</strong></span> 
     </span>
    </p>
   </div>
   <div class='ocr_carea' id='block_1_53' title="bbox 2021 975 3602 1046">
    <p class='ocr_par' dir='ltr' id='par_1_53' title="bbox 2021 975 3602 1046">
     <span class='ocr_line' id='line_1_53' title="bbox 2021 975 3602 1046; baseline 0.001 -18"><span class='ocrx_word' id='word_1_400' title='bbox 2021 975 2330 1030; x_wconf 81' lang='lat' dir='ltr'><strong>facultatem</strong></span> <span class='ocrx_word' id='word_1_401' title='bbox 2355 977 2558 1030; x_wconf 83' lang='lat' dir='ltr'><strong>habent</strong></span> <span class='ocrx_word' id='word_1_402' title='bbox 2585 975 2839 1030; x_wconf 82' lang='lat' dir='ltr'><strong>animalia</strong></span> <span class='ocrx_word' id='word_1_403' title='bbox 2880 976 3062 1030; x_wconf 89' lang='lat' dir='ltr'><strong>bruta.</strong></span> <span class='ocrx_word' id='word_1_404' title='bbox 3085 975 3413 1046; x_wconf 76' lang='lat' dir='ltr'><strong>Vegetabilis</strong></span> <span class='ocrx_word' id='word_1_405' title='bbox 3433 990 3521 1033; x_wconf 88' lang='lat' dir='ltr'><strong>est</strong></span> <span class='ocrx_word' id='word_1_406' title='bbox 3548 979 3602 1031; x_wconf 82' lang='lat' dir='ltr'><strong>in</strong></span> 
     </span>
    </p>
   </div>
   <div class='ocr_carea' id='block_1_54' title="bbox 2019 1065 3602 1136">
    <p class='ocr_par' dir='ltr' id='par_1_54' title="bbox 2019 1065 3602 1136">
     <span class='ocr_line' id='line_1_54' title="bbox 2019 1065 3602 1136; baseline 0.002 -17"><span class='ocrx_word' id='word_1_407' title='bbox 2019 1065 2250 1136; x_wconf 88' lang='lat' dir='ltr'><strong>plantis:</strong></span> <span class='ocrx_word' id='word_1_408' title='bbox 2266 1076 2552 1122; x_wconf 86' lang='lat' dir='ltr'><strong>moventur</strong></span> <span class='ocrx_word' id='word_1_409' title='bbox 2569 1068 2711 1122; x_wconf 91' lang='lat' dir='ltr'><strong>enim</strong></span> <span class='ocrx_word' id='word_1_410' title='bbox 2730 1068 2814 1122; x_wconf 67' lang='lat' dir='ltr'><strong>hae</strong></span> <span class='ocrx_word' id='word_1_411' title='bbox 2828 1081 3043 1136; x_wconf 88' lang='lat' dir='ltr'><strong>quoque</strong></span> <span class='ocrx_word' id='word_1_412' title='bbox 3064 1069 3363 1123; x_wconf 88' lang='lat' dir='ltr'><strong>secundum</strong></span> <span class='ocrx_word' id='word_1_413' title='bbox 3383 1069 3602 1124; x_wconf 88' lang='lat' dir='ltr'><strong>easdem</strong></span> 
     </span>
    </p>
   </div>
   <div class='ocr_carea' id='block_1_55' title="bbox 2020 1156 3600 1229">
    <p class='ocr_par' dir='ltr' id='par_1_55' title="bbox 2020 1156 3600 1229">
     <span class='ocr_line' id='line_1_55' title="bbox 2020 1156 3600 1229; baseline 0.002 -18"><span class='ocrx_word' id='word_1_414' title='bbox 2020 1156 2325 1214; x_wconf 82' lang='lat' dir='ltr'><strong>facultates.</strong></span> <span class='ocrx_word' id='word_1_415' title='bbox 2375 1158 2616 1228; x_wconf 87' lang='lat' dir='ltr'><strong>Denique</strong></span> <span class='ocrx_word' id='word_1_416' title='bbox 2667 1158 2964 1213; x_wconf 85' lang='lat' dir='ltr'><strong>inanimata</strong></span> <span class='ocrx_word' id='word_1_417' title='bbox 2993 1196 3011 1223; x_wconf 87' lang='lat'><strong>,</strong></span> <span class='ocrx_word' id='word_1_418' title='bbox 3057 1168 3327 1228; x_wconf 83' lang='lat' dir='ltr'><strong>quatenus</strong></span> <span class='ocrx_word' id='word_1_419' title='bbox 3374 1169 3431 1214; x_wconf 89' lang='lat' dir='ltr'><strong>et</strong></span> <span class='ocrx_word' id='word_1_420' title='bbox 3480 1160 3600 1229; x_wconf 84' lang='lat' dir='ltr'><strong>ipsa</strong></span> 
     </span>
    </p>
   </div>
   <div class='ocr_carea' id='block_1_56' title="bbox 2022 1249 3601 1319">
    <p class='ocr_par' dir='ltr' id='par_1_56' title="bbox 2022 1249 3601 1319">
     <span class='ocr_line' id='line_1_56' title="bbox 2022 1249 3601 1319; baseline 0.003 -16"><span class='ocrx_word' id='word_1_421' title='bbox 2022 1260 2308 1305; x_wconf 80' lang='lat' dir='ltr'><strong>moventur</strong></span> <span class='ocrx_word' id='word_1_422' title='bbox 2363 1252 2659 1305; x_wconf 87' lang='lat' dir='ltr'><strong>secundum</strong></span> <span class='ocrx_word' id='word_1_423' title='bbox 2701 1249 3018 1319; x_wconf 85' lang='lat' dir='ltr'><strong>qualitatem</strong></span> <span class='ocrx_word' id='word_1_424' title='bbox 3069 1258 3126 1305; x_wconf 83' lang='lat' dir='ltr'><strong>et</strong></span> <span class='ocrx_word' id='word_1_425' title='bbox 3164 1251 3463 1306; x_wconf 86' lang='lat' dir='ltr'><strong>secundum</strong></span> <span class='ocrx_word' id='word_1_426' title='bbox 3520 1253 3601 1308; x_wconf 89' lang='lat' dir='ltr'><strong>lo-</strong></span> 
     </span>
    </p>
   </div>
   <div class='ocr_carea' id='block_1_57' title="bbox 2020 1340 3603 1410">
    <p class='ocr_par' dir='ltr' id='par_1_57' title="bbox 2020 1340 3603 1410">
     <span class='ocr_line' id='line_1_57' title="bbox 2020 1340 3603 1410; baseline 0.002 -16"><span class='ocrx_word' id='word_1_427' title='bbox 2020 1354 2144 1394; x_wconf 89' lang='lat' dir='ltr'><strong>cum</strong></span> <span class='ocrx_word' id='word_1_428' title='bbox 2182 1357 2196 1393; x_wconf 89' lang='lat'><strong>:</strong></span> <span class='ocrx_word' id='word_1_429' title='bbox 2236 1341 2532 1395; x_wconf 88' lang='lat' dir='ltr'><strong>secundum</strong></span> <span class='ocrx_word' id='word_1_430' title='bbox 2564 1340 2908 1409; x_wconf 86' lang='lat' dir='ltr'><strong>qualitatem,</strong></span> <span class='ocrx_word' id='word_1_431' title='bbox 2951 1350 3222 1410; x_wconf 86' lang='lat' dir='ltr'><strong>quatenus</strong></span> <span class='ocrx_word' id='word_1_432' title='bbox 3261 1342 3517 1396; x_wconf 87' lang='lat' dir='ltr'><strong>caleliuut</strong></span> <span class='ocrx_word' id='word_1_433' title='bbox 3547 1351 3603 1397; x_wconf 90' lang='lat' dir='ltr'><strong>et</strong></span> 
     </span>
    </p>
   </div>
   <div class='ocr_carea' id='block_1_58' title="bbox 2023 1429 3603 1500">
    <p class='ocr_par' dir='ltr' id='par_1_58' title="bbox 2023 1429 3603 1500">
     <span class='ocr_line' id='line_1_58' title="bbox 2023 1429 3603 1500; baseline 0.003 -18"><span class='ocrx_word' id='word_1_434' title='bbox 2023 1429 2449 1500; x_wconf 79' lang='lat' dir='ltr'><strong>refrigerantur;</strong></span> <span class='ocrx_word' id='word_1_435' title='bbox 2480 1433 2778 1485; x_wconf 88' lang='lat' dir='ltr'><strong>secundum</strong></span> <span class='ocrx_word' id='word_1_436' title='bbox 2813 1431 2991 1485; x_wconf 91' lang='lat' dir='ltr'><strong>locum</strong></span> <span class='ocrx_word' id='word_1_437' title='bbox 3025 1439 3207 1486; x_wconf 90' lang='lat' dir='ltr'><strong>autem</strong></span> <span class='ocrx_word' id='word_1_438' title='bbox 3233 1441 3504 1500; x_wconf 84' lang='lat' dir='ltr'><strong>quatenus</strong></span> <span class='ocrx_word' id='word_1_439' title='bbox 3537 1447 3603 1487; x_wconf 84' lang='lat' dir='ltr'><strong>ex</strong></span> 
     </span>
    </p>
   </div>
   <div class='ocr_carea' id='block_1_59' title="bbox 2022 1519 3605 1592">
    <p class='ocr_par' dir='ltr' id='par_1_59' title="bbox 2022 1519 3605 1592">
     <span class='ocr_line' id='line_1_59' title="bbox 2022 1519 3605 1592; baseline 0.003 -19"><span class='ocrx_word' id='word_1_440' title='bbox 2022 1520 2140 1574; x_wconf 91' lang='lat' dir='ltr'><strong>loco</strong></span> <span class='ocrx_word' id='word_1_441' title='bbox 2164 1520 2216 1574; x_wconf 90' lang='lat' dir='ltr'><strong>iu</strong></span> <span class='ocrx_word' id='word_1_442' title='bbox 2240 1520 2418 1575; x_wconf 86' lang='lat' dir='ltr'><strong>locum</strong></span> <span class='ocrx_word' id='word_1_443' title='bbox 2445 1519 2874 1579; x_wconf 85' lang='lat' dir='ltr'><strong>transferuntur.</strong></span> <span class='ocrx_word' id='word_1_444' title='bbox 2911 1520 3285 1577; x_wconf 88' lang='lat' dir='ltr'><strong>Substantiam</strong></span> <span class='ocrx_word' id='word_1_445' title='bbox 3319 1523 3485 1592; x_wconf 77' lang='lat' dir='ltr'><strong>igitur</strong></span> <span class='ocrx_word' id='word_1_446' title='bbox 3508 1525 3605 1579; x_wconf 89' lang='lat' dir='ltr'><strong>de-</strong></span> 
     </span>
    </p>
   </div>
   <div class='ocr_carea' id='block_1_60' title="bbox 2025 1611 3607 1684">
    <p class='ocr_par' dir='ltr' id='par_1_60' title="bbox 2025 1611 3607 1684">
     <span class='ocr_line' id='line_1_60' title="bbox 2025 1611 3607 1684; baseline 0.003 -19"><span class='ocrx_word' id='word_1_447' title='bbox 2025 1611 2217 1667; x_wconf 84' lang='lat' dir='ltr'><strong>finiunt</strong></span> <span class='ocrx_word' id='word_1_448' title='bbox 2248 1628 2369 1669; x_wconf 87' lang='lat' dir='ltr'><strong>esse</strong></span> <span class='ocrx_word' id='word_1_449' title='bbox 2397 1628 2510 1667; x_wconf 91' lang='lat' dir='ltr'><strong>rem</strong></span> <span class='ocrx_word' id='word_1_450' title='bbox 2535 1628 2634 1684; x_wconf 87' lang='lat' dir='ltr'><strong>per</strong></span> <span class='ocrx_word' id='word_1_451' title='bbox 2669 1628 2730 1668; x_wconf 89' lang='lat' dir='ltr'><strong>se</strong></span> <span class='ocrx_word' id='word_1_452' title='bbox 2769 1614 3187 1677; x_wconf 85' lang='lat' dir='ltr'><strong>subsistentem,</strong></span> <span class='ocrx_word' id='word_1_453' title='bbox 3214 1629 3335 1682; x_wconf 84' lang='lat' dir='ltr'><strong>quae</strong></span> <span class='ocrx_word' id='word_1_454' title='bbox 3376 1630 3484 1669; x_wconf 92' lang='lat' dir='ltr'><strong>non</strong></span> <span class='ocrx_word' id='word_1_455' title='bbox 3524 1617 3607 1670; x_wconf 86' lang='lat' dir='ltr'><strong>iu-</strong></span> 
     </span>
    </p>
   </div>
   <div class='ocr_carea' id='block_1_61' title="bbox 2024 1703 3606 1773">
    <p class='ocr_par' dir='ltr' id='par_1_61' title="bbox 2024 1703 3606 1773">
     <span class='ocr_line' id='line_1_61' title="bbox 2024 1703 3606 1773; baseline 0.002 -15"><span class='ocrx_word' id='word_1_456' title='bbox 2024 1703 2201 1773; x_wconf 76' lang='lat' dir='ltr'><strong>digeat</strong></span> <span class='ocrx_word' id='word_1_457' title='bbox 2229 1703 2337 1759; x_wconf 88' lang='lat' dir='ltr'><strong>alio</strong></span> <span class='ocrx_word' id='word_1_458' title='bbox 2370 1705 2435 1759; x_wconf 90' lang='lat' dir='ltr'><strong>ad</strong></span> <span class='ocrx_word' id='word_1_459' title='bbox 2478 1703 2890 1771; x_wconf 80' lang='lat' dir='ltr'><strong>exsistentiam;</strong></span> <span class='ocrx_word' id='word_1_460' title='bbox 2939 1712 3190 1757; x_wconf 90' lang='lat' dir='ltr'><strong>naturam</strong></span> <span class='ocrx_word' id='word_1_461' title='bbox 3258 1712 3439 1758; x_wconf 87' lang='lat' dir='ltr'><strong>autem</strong></span> <span class='ocrx_word' id='word_1_462' title='bbox 3482 1721 3606 1761; x_wconf 87' lang='lat' dir='ltr'><strong>esse</strong></span> 
     </span>
    </p>
   </div>
   <div class='ocr_carea' id='block_1_62' title="bbox 1956 1791 3608 1866">
    <p class='ocr_par' dir='ltr' id='par_1_62' title="bbox 1956 1791 3608 1866">
     <span class='ocr_line' id='line_1_62' title="bbox 1956 1791 3608 1866; baseline 0.004 -21"><span class='ocrx_word' id='word_1_463' title='bbox 1956 1791 1999 1845; x_wconf 86' lang='grc' dir='ltr'><strong>Β</strong></span> <span class='ocrx_word' id='word_1_464' title='bbox 2025 1796 2350 1865; x_wconf 84' lang='lat' dir='ltr'><strong>principium</strong></span> <span class='ocrx_word' id='word_1_465' title='bbox 2395 1796 2652 1852; x_wconf 87' lang='lat' dir='ltr'><strong>motionis</strong></span> <span class='ocrx_word' id='word_1_466' title='bbox 2680 1804 2736 1853; x_wconf 86' lang='lat' dir='ltr'><strong>et</strong></span> <span class='ocrx_word' id='word_1_467' title='bbox 2760 1794 3152 1851; x_wconf 87' lang='lat' dir='ltr'><strong>immobilitatis</strong></span> <span class='ocrx_word' id='word_1_468' title='bbox 3189 1795 3431 1850; x_wconf 90' lang='lat' dir='ltr'><strong>omnium</strong></span> <span class='ocrx_word' id='word_1_469' title='bbox 3485 1811 3608 1866; x_wconf 69' lang='lat' dir='ltr'><strong>quae</strong></span> 
     </span>
    </p>
   </div>
   <div class='ocr_carea' id='block_1_63' title="bbox 2028 1888 2322 1942">
    <p class='ocr_par' dir='ltr' id='par_1_63' title="bbox 2028 1888 2322 1942">
     <span class='ocr_line' id='line_1_63' title="bbox 2028 1888 2322 1942; baseline 0.003 -1"><span class='ocrx_word' id='word_1_470' title='bbox 2028 1888 2322 1942; x_wconf 81' lang='lat' dir='ltr'><strong>exsistunt.</strong></span> 
     </span>
    </p>
   </div>
   <div class='ocr_carea' id='block_1_64' title="bbox 2098 1975 3609 2048">
    <p class='ocr_par' dir='ltr' id='par_1_64' title="bbox 2098 1975 3609 2048">
     <span class='ocr_line' id='line_1_64' title="bbox 2098 1975 3609 2048; baseline 0 -17"><span class='ocrx_word' id='word_1_471' title='bbox 2098 1977 2299 2032; x_wconf 83' lang='lat' dir='ltr'><strong>Natura</strong></span> <span class='ocrx_word' id='word_1_472' title='bbox 2329 1992 2360 2031; x_wconf 91' lang='lat' dir='ltr'><strong>a</strong></span> <span class='ocrx_word' id='word_1_473' title='bbox 2388 1977 2681 2040; x_wconf 87' lang='lat' dir='ltr'><strong>nascendo,</strong></span> <span class='ocrx_word' id='word_1_474' title='bbox 2714 1977 3064 2032; x_wconf 87' lang='lat' dir='ltr'><strong>subsistentia</strong></span> <span class='ocrx_word' id='word_1_475' title='bbox 3097 1975 3384 2048; x_wconf 78' lang='lat' dir='ltr'><strong>(essentia)</strong></span> <span class='ocrx_word' id='word_1_476' title='bbox 3419 1992 3449 2030; x_wconf 91' lang='lat' dir='ltr'><strong>a</strong></span> <span class='ocrx_word' id='word_1_477' title='bbox 3478 1977 3609 2031; x_wconf 84' lang='lat' dir='ltr'><strong>sub-</strong></span> 
     </span>
    </p>
   </div>
   <div class='ocr_carea' id='block_1_65' title="bbox 2028 2067 3605 2124">
    <p class='ocr_par' dir='ltr' id='par_1_65' title="bbox 2028 2067 3605 2124">
     <span class='ocr_line' id='line_1_65' title="bbox 2028 2067 3605 2124; baseline -0.001 -1"><span class='ocrx_word' id='word_1_478' title='bbox 2028 2069 2273 2124; x_wconf 89' lang='lat' dir='ltr'><strong>sistendo</strong></span> <span class='ocrx_word' id='word_1_479' title='bbox 2322 2068 2616 2123; x_wconf 86' lang='lat' dir='ltr'><strong>derivatur.</strong></span> <span class='ocrx_word' id='word_1_480' title='bbox 2650 2068 3015 2124; x_wconf 87' lang='lat' dir='ltr'><strong>Subsistentia</strong></span> <span class='ocrx_word' id='word_1_481' title='bbox 3059 2075 3239 2122; x_wconf 90' lang='lat' dir='ltr'><strong>autem</strong></span> <span class='ocrx_word' id='word_1_482' title='bbox 3297 2082 3400 2122; x_wconf 91' lang='lat' dir='ltr'><strong>non</strong></span> <span class='ocrx_word' id='word_1_483' title='bbox 3433 2067 3605 2122; x_wconf 89' lang='lat' dir='ltr'><strong>solum</strong></span> 
     </span>
    </p>
   </div>
   <div class='ocr_carea' id='block_1_66' title="bbox 2029 2158 3608 2227">
    <p class='ocr_par' dir='ltr' id='par_1_66' title="bbox 2029 2158 3608 2227">
     <span class='ocr_line' id='line_1_66' title="bbox 2029 2158 3608 2227; baseline 0 -15"><span class='ocrx_word' id='word_1_484' title='bbox 2029 2160 2171 2227; x_wconf 91' lang='lat' dir='ltr'><strong>quod</strong></span> <span class='ocrx_word' id='word_1_485' title='bbox 2200 2158 2402 2227; x_wconf 85' lang='lat' dir='ltr'><strong>aliquid</strong></span> <span class='ocrx_word' id='word_1_486' title='bbox 2450 2159 2541 2224; x_wconf 87' lang='lat' dir='ltr'><strong>sit,</strong></span> <span class='ocrx_word' id='word_1_487' title='bbox 2577 2160 2802 2223; x_wconf 88' lang='lat' dir='ltr'><strong>iudicat,</strong></span> <span class='ocrx_word' id='word_1_488' title='bbox 2856 2159 2952 2214; x_wconf 82' lang='lat' dir='ltr'><strong>sed</strong></span> <span class='ocrx_word' id='word_1_489' title='bbox 3007 2158 3172 2213; x_wconf 89' lang='lat' dir='ltr'><strong>etiam</strong></span> <span class='ocrx_word' id='word_1_490' title='bbox 3228 2161 3501 2227; x_wconf 87' lang='lat' dir='ltr'><strong>quomodo</strong></span> <span class='ocrx_word' id='word_1_491' title='bbox 3550 2167 3608 2212; x_wconf 87' lang='lat' dir='ltr'><strong>et</strong></span> 
     </span>
    </p>
   </div>
   <div class='ocr_carea' id='block_1_67' title="bbox 2029 2249 3600 2320">
    <p class='ocr_par' dir='ltr' id='par_1_67' title="bbox 2029 2249 3600 2320">
     <span class='ocr_line' id='line_1_67' title="bbox 2029 2249 3600 2320; baseline 0.003 -18"><span class='ocrx_word' id='word_1_492' title='bbox 2029 2252 2186 2320; x_wconf 85' lang='lat' dir='ltr'><strong>quale</strong></span> <span class='ocrx_word' id='word_1_493' title='bbox 2227 2249 2301 2305; x_wconf 86' lang='lat' dir='ltr'><strong>sit</strong></span> <span class='ocrx_word' id='word_1_494' title='bbox 2332 2268 2345 2303; x_wconf 88' lang='lat'><strong>:</strong></span> <span class='ocrx_word' id='word_1_495' title='bbox 2374 2251 2523 2305; x_wconf 84' lang='lat' dir='ltr'><strong>verbi</strong></span> <span class='ocrx_word' id='word_1_496' title='bbox 2556 2252 2755 2320; x_wconf 74' lang='lat' dir='ltr'><strong>gratia,</strong></span> <span class='ocrx_word' id='word_1_497' title='bbox 2788 2265 2979 2305; x_wconf 88' lang='lat' dir='ltr'><strong>omnes</strong></span> <span class='ocrx_word' id='word_1_498' title='bbox 3029 2250 3276 2305; x_wconf 82' lang='lat' dir='ltr'><strong>homines</strong></span> <span class='ocrx_word' id='word_1_499' title='bbox 3306 2264 3600 2306; x_wconf 87' lang='lat' dir='ltr'><strong>commune</strong></span> 
     </span>
    </p>
   </div>
   <div class='ocr_carea' id='block_1_68' title="bbox 2030 2339 3605 2409">
    <p class='ocr_par' dir='ltr' id='par_1_68' title="bbox 2030 2339 3605 2409">
     <span class='ocr_line' id='line_1_68' title="bbox 2030 2339 3605 2409; baseline -0.001 -14"><span class='ocrx_word' id='word_1_500' title='bbox 2030 2339 2232 2395; x_wconf 84' lang='lat' dir='ltr'><strong>habent</strong></span> <span class='ocrx_word' id='word_1_501' title='bbox 2254 2341 2399 2409; x_wconf 90' lang='lat' dir='ltr'><strong>quod</strong></span> <span class='ocrx_word' id='word_1_502' title='bbox 2434 2340 2545 2394; x_wconf 84' lang='lat' dir='ltr'><strong>sint</strong></span> <span class='ocrx_word' id='word_1_503' title='bbox 2576 2357 2590 2394; x_wconf 92' lang='lat'><strong>:</strong></span> <span class='ocrx_word' id='word_1_504' title='bbox 2638 2341 2839 2395; x_wconf 89' lang='lat' dir='ltr'><strong>etenim</strong></span> <span class='ocrx_word' id='word_1_505' title='bbox 2875 2341 3063 2394; x_wconf 85' lang='lat' dir='ltr'><strong>eodem</strong></span> <span class='ocrx_word' id='word_1_506' title='bbox 3099 2341 3258 2394; x_wconf 88' lang='lat' dir='ltr'><strong>modo</strong></span> <span class='ocrx_word' id='word_1_507' title='bbox 3304 2355 3492 2394; x_wconf 87' lang='lat' dir='ltr'><strong>omnes</strong></span> <span class='ocrx_word' id='word_1_508' title='bbox 3520 2339 3605 2393; x_wconf 90' lang='lat' dir='ltr'><strong>vi-</strong></span> 
     </span>
    </p>
   </div>
   <div class='ocr_carea' id='block_1_69' title="bbox 2029 2431 3608 2494">
    <p class='ocr_par' dir='ltr' id='par_1_69' title="bbox 2029 2431 3608 2494">
     <span class='ocr_line' id='line_1_69' title="bbox 2029 2431 3608 2494; baseline 0.001 -13"><span class='ocrx_word' id='word_1_509' title='bbox 2029 2431 2229 2494; x_wconf 87' lang='lat' dir='ltr'><strong>vimus,</strong></span> <span class='ocrx_word' id='word_1_510' title='bbox 2259 2439 2313 2484; x_wconf 92' lang='lat' dir='ltr'><strong>et</strong></span> <span class='ocrx_word' id='word_1_511' title='bbox 2342 2445 2642 2494; x_wconf 87' lang='lat' dir='ltr'><strong>movemur,</strong></span> <span class='ocrx_word' id='word_1_512' title='bbox 2677 2442 2731 2483; x_wconf 90' lang='lat' dir='ltr'><strong>et</strong></span> <span class='ocrx_word' id='word_1_513' title='bbox 2752 2447 2941 2484; x_wconf 86' lang='lat' dir='ltr'><strong>sumus</strong></span> <span class='ocrx_word' id='word_1_514' title='bbox 2973 2445 2987 2483; x_wconf 90' lang='lat'><strong>:</strong></span> <span class='ocrx_word' id='word_1_515' title='bbox 3025 2431 3186 2484; x_wconf 85' lang='lat' dir='ltr'><strong>habet</strong></span> <span class='ocrx_word' id='word_1_516' title='bbox 3210 2440 3394 2483; x_wconf 89' lang='lat' dir='ltr'><strong>autem</strong></span> <span class='ocrx_word' id='word_1_517' title='bbox 3435 2444 3608 2483; x_wconf 89' lang='lat' dir='ltr'><strong>unus-</strong></span> 
     </span>
    </p>
   </div>
   <div class='ocr_carea' id='block_1_70' title="bbox 2029 2516 3607 2587">
    <p class='ocr_par' dir='ltr' id='par_1_70' title="bbox 2029 2516 3607 2587">
     <span class='ocr_line' id='line_1_70' title="bbox 2029 2516 3607 2587; baseline 0.003 -19"><span class='ocrx_word' id='word_1_518' title='bbox 2029 2516 2257 2585; x_wconf 89' lang='lat' dir='ltr'><strong>quisque</strong></span> <span class='ocrx_word' id='word_1_519' title='bbox 2288 2525 2531 2571; x_wconf 90' lang='lat' dir='ltr'><strong>nostrum</strong></span> <span class='ocrx_word' id='word_1_520' title='bbox 2566 2518 2779 2585; x_wconf 91' lang='lat' dir='ltr'><strong>propria</strong></span> <span class='ocrx_word' id='word_1_521' title='bbox 2813 2519 3091 2586; x_wconf 60' lang='lat' dir='ltr'><strong>quasdam,</strong></span> <span class='ocrx_word' id='word_1_522' title='bbox 3119 2517 3322 2587; x_wconf 88' lang='lat' dir='ltr'><strong>quibus</strong></span> <span class='ocrx_word' id='word_1_523' title='bbox 3377 2519 3445 2571; x_wconf 90' lang='lat' dir='ltr'><strong>ab</strong></span> <span class='ocrx_word' id='word_1_524' title='bbox 3483 2518 3607 2573; x_wconf 87' lang='lat' dir='ltr'><strong>aliis</strong></span> 
     </span>
    </p>
   </div>
   <div class='ocr_carea' id='block_1_71' title="bbox 2030 2606 3602 2679">
    <p class='ocr_par' dir='ltr' id='par_1_71' title="bbox 2030 2606 3602 2679">
     <span class='ocr_line' id='line_1_71' title="bbox 2030 2606 3602 2679; baseline 0.001 -19"><span class='ocrx_word' id='word_1_525' title='bbox 2030 2606 2339 2661; x_wconf 87' lang='lat' dir='ltr'><strong>hominibus</strong></span> <span class='ocrx_word' id='word_1_526' title='bbox 2381 2607 2753 2677; x_wconf 77' lang='lat' dir='ltr'><strong>distinguitur,</strong></span> <span class='ocrx_word' id='word_1_527' title='bbox 2796 2608 3027 2676; x_wconf 79' lang='lat' dir='ltr'><strong>exempli</strong></span> <span class='ocrx_word' id='word_1_528' title='bbox 3079 2624 3241 2663; x_wconf 85' lang='lat' dir='ltr'><strong>causa</strong></span> <span class='ocrx_word' id='word_1_529' title='bbox 3267 2647 3282 2673; x_wconf 95' lang='lat'><strong>,</strong></span> <span class='ocrx_word' id='word_1_530' title='bbox 3327 2611 3557 2679; x_wconf 90' lang='lat' dir='ltr'><strong>patriam</strong></span> <span class='ocrx_word' id='word_1_531' title='bbox 3583 2649 3602 2676; x_wconf 92' lang='lat'><strong>,</strong></span> 
     </span>
    </p>
   </div>
   <div class='ocr_carea' id='block_1_72' title="bbox 2029 2700 3605 2769">
    <p class='ocr_par' dir='ltr' id='par_1_72' title="bbox 2029 2700 3605 2769">
     <span class='ocr_line' id='line_1_72' title="bbox 2029 2700 3605 2769; baseline 0.003 -20"><span class='ocrx_word' id='word_1_532' title='bbox 2029 2714 2219 2769; x_wconf 78' lang='lat' dir='ltr'><strong>genus.</strong></span> <span class='ocrx_word' id='word_1_533' title='bbox 2250 2713 2467 2766; x_wconf 85' lang='lat' dir='ltr'><strong>nomen,</strong></span> <span class='ocrx_word' id='word_1_534' title='bbox 2505 2700 2765 2763; x_wconf 89' lang='lat' dir='ltr'><strong>studium,</strong></span> <span class='ocrx_word' id='word_1_535' title='bbox 2799 2701 3062 2763; x_wconf 85' lang='lat' dir='ltr'><strong>actiones,</strong></span> <span class='ocrx_word' id='word_1_536' title='bbox 3089 2700 3335 2765; x_wconf 78' lang='lat' dir='ltr'><strong>affectus,</strong></span> <span class='ocrx_word' id='word_1_537' title='bbox 3365 2701 3605 2767; x_wconf 88' lang='lat' dir='ltr'><strong>pulchri-</strong></span> 
     </span>
    </p>
   </div>
   <div class='ocr_carea' id='block_1_73' title="bbox 2032 2790 3608 2860">
    <p class='ocr_par' dir='ltr' id='par_1_73' title="bbox 2032 2790 3608 2860">
     <span class='ocr_line' id='line_1_73' title="bbox 2032 2790 3608 2860; baseline 0.001 -16"><span class='ocrx_word' id='word_1_538' title='bbox 2032 2790 2272 2844; x_wconf 92' lang='lat' dir='ltr'><strong>tudinem</strong></span> <span class='ocrx_word' id='word_1_539' title='bbox 2303 2798 2396 2843; x_wconf 89' lang='lat' dir='ltr'><strong>aut</strong></span> <span class='ocrx_word' id='word_1_540' title='bbox 2438 2790 2861 2854; x_wconf 83' lang='lat' dir='ltr'><strong>deformitatem.</strong></span> <span class='ocrx_word' id='word_1_541' title='bbox 2911 2800 2964 2846; x_wconf 89' lang='lat' dir='ltr'><strong>et</strong></span> <span class='ocrx_word' id='word_1_542' title='bbox 3015 2790 3279 2860; x_wconf 82' lang='lat' dir='ltr'><strong>ejusmodi</strong></span> <span class='ocrx_word' id='word_1_543' title='bbox 3335 2791 3446 2843; x_wconf 90' lang='lat' dir='ltr'><strong>alia</strong></span> <span class='ocrx_word' id='word_1_544' title='bbox 3488 2806 3608 2859; x_wconf 70' lang='lat' dir='ltr'><strong>quae</strong></span> 
     </span>
    </p>
   </div>
   <div class='ocr_carea' id='block_1_74' title="bbox 2030 2878 3612 2949">
    <p class='ocr_par' dir='ltr' id='par_1_74' title="bbox 2030 2878 3612 2949">
     <span class='ocr_line' id='line_1_74' title="bbox 2030 2878 3612 2949; baseline 0.001 -18"><span class='ocrx_word' id='word_1_545' title='bbox 2030 2879 2329 2932; x_wconf 83' lang='lat' dir='ltr'><strong>accidentia</strong></span> <span class='ocrx_word' id='word_1_546' title='bbox 2356 2878 2633 2933; x_wconf 83' lang='lat' dir='ltr'><strong>vocamus.</strong></span> <span class='ocrx_word' id='word_1_547' title='bbox 2662 2878 2784 2934; x_wconf 67' lang='lat' dir='ltr'><strong>Hmc</strong></span> <span class='ocrx_word' id='word_1_548' title='bbox 2807 2880 2975 2949; x_wconf 77' lang='lat' dir='ltr'><strong>igitur</strong></span> <span class='ocrx_word' id='word_1_549' title='bbox 3001 2879 3182 2933; x_wconf 91' lang='lat' dir='ltr'><strong>omnia</strong></span> <span class='ocrx_word' id='word_1_550' title='bbox 3205 2879 3367 2933; x_wconf 86' lang='lat' dir='ltr'><strong>simul</strong></span> <span class='ocrx_word' id='word_1_551' title='bbox 3400 2879 3453 2931; x_wconf 91' lang='lat' dir='ltr'><strong>in</strong></span> <span class='ocrx_word' id='word_1_552' title='bbox 3486 2879 3612 2933; x_wconf 87' lang='lat' dir='ltr'><strong>sub-</strong></span> 
     </span>
    </p>
   </div>
   <div class='ocr_carea' id='block_1_75' title="bbox 2030 2970 3606 3040">
    <p class='ocr_par' dir='ltr' id='par_1_75' title="bbox 2030 2970 3606 3040">
     <span class='ocr_line' id='line_1_75' title="bbox 2030 2970 3606 3040; baseline -0.001 -16"><span class='ocrx_word' id='word_1_553' title='bbox 2030 2972 2278 3025; x_wconf 85' lang='lat' dir='ltr'><strong>sistentia</strong></span> <span class='ocrx_word' id='word_1_554' title='bbox 2306 2972 2720 3025; x_wconf 87' lang='lat' dir='ltr'><strong>considerantur</strong></span> <span class='ocrx_word' id='word_1_555' title='bbox 2746 2988 2760 3025; x_wconf 90' lang='lat'>:</span> <span class='ocrx_word' id='word_1_556' title='bbox 2782 2971 2865 3026; x_wconf 88' lang='lat' dir='ltr'><strong>sic</strong></span> <span class='ocrx_word' id='word_1_557' title='bbox 2888 2970 3159 3034; x_wconf 81' lang='lat' dir='ltr'><strong>Meletius,</strong></span> <span class='ocrx_word' id='word_1_558' title='bbox 3186 2970 3405 3040; x_wconf 89' lang='lat' dir='ltr'><strong>quando</strong></span> <span class='ocrx_word' id='word_1_559' title='bbox 3430 2970 3606 3024; x_wconf 86' lang='lat' dir='ltr'><strong>solum</strong></span> 
     </span>
    </p>
   </div>
   <div class='ocr_carea' id='block_1_76' title="bbox 2030 3061 3602 3132">
    <p class='ocr_par' dir='ltr' id='par_1_76' title="bbox 2030 3061 3602 3132">
     <span class='ocr_line' id='line_1_76' title="bbox 2030 3061 3602 3132; baseline 0.001 -18"><span class='ocrx_word' id='word_1_560' title='bbox 2030 3063 2096 3116; x_wconf 89' lang='lat' dir='ltr'><strong>de</strong></span> <span class='ocrx_word' id='word_1_561' title='bbox 2126 3077 2191 3116; x_wconf 89' lang='lat' dir='ltr'><strong>eo</strong></span> <span class='ocrx_word' id='word_1_562' title='bbox 2222 3062 2364 3132; x_wconf 89' lang='lat' dir='ltr'><strong>quod</strong></span> <span class='ocrx_word' id='word_1_563' title='bbox 2388 3063 2479 3127; x_wconf 89' lang='lat' dir='ltr'><strong>sit,</strong></span> <span class='ocrx_word' id='word_1_564' title='bbox 2532 3063 2729 3131; x_wconf 75' lang='lat' dir='ltr'><strong>agitur,</strong></span> <span class='ocrx_word' id='word_1_565' title='bbox 2773 3062 3081 3117; x_wconf 88' lang='lat' dir='ltr'><strong>substantia</strong></span> <span class='ocrx_word' id='word_1_566' title='bbox 3109 3061 3347 3128; x_wconf 90' lang='lat' dir='ltr'><strong>dicitur;</strong></span> <span class='ocrx_word' id='word_1_567' title='bbox 3383 3061 3602 3129; x_wconf 84' lang='lat' dir='ltr'><strong>quando</strong></span> 
     </span>
    </p>
   </div>
   <div class='ocr_carea' id='block_1_77' title="bbox 2034 3153 3608 3221">
    <p class='ocr_par' dir='ltr' id='par_1_77' title="bbox 2034 3153 3608 3221">
     <span class='ocr_line' id='line_1_77' title="bbox 2034 3153 3608 3221; baseline 0.002 -17"><span class='ocrx_word' id='word_1_568' title='bbox 2034 3167 2161 3207; x_wconf 89' lang='lat' dir='ltr'><strong>vero</strong></span> <span class='ocrx_word' id='word_1_569' title='bbox 2197 3167 2321 3207; x_wconf 92' lang='lat' dir='ltr'><strong>cum</strong></span> <span class='ocrx_word' id='word_1_570' title='bbox 2361 3153 2522 3207; x_wconf 91' lang='lat' dir='ltr'><strong>modo</strong></span> <span class='ocrx_word' id='word_1_571' title='bbox 2569 3154 2884 3209; x_wconf 87' lang='lat' dir='ltr'><strong>memoratis</strong></span> <span class='ocrx_word' id='word_1_572' title='bbox 2927 3155 2993 3207; x_wconf 83' lang='lat' dir='ltr'><strong>de</strong></span> <span class='ocrx_word' id='word_1_573' title='bbox 3049 3167 3113 3207; x_wconf 90' lang='lat' dir='ltr'><strong>eo</strong></span> <span class='ocrx_word' id='word_1_574' title='bbox 3163 3153 3446 3221; x_wconf 70' lang='grc' dir='ltr'><strong>(ιηωτίιιιτ,</strong></span> <span class='ocrx_word' id='word_1_575' title='bbox 3479 3161 3608 3208; x_wconf 91' lang='lat' dir='ltr'><strong>tunc</strong></span> 
     </span>
    </p>
   </div>
   <div class='ocr_carea' id='block_1_78' title="bbox 2032 3242 3606 3313">
    <p class='ocr_par' dir='ltr' id='par_1_78' title="bbox 2032 3242 3606 3313">
     <span class='ocr_line' id='line_1_78' title="bbox 2032 3242 3606 3313; baseline 0.001 -17"><span class='ocrx_word' id='word_1_576' title='bbox 2032 3244 2386 3299; x_wconf 86' lang='lat' dir='ltr'><strong>subsistentia</strong></span> <span class='ocrx_word' id='word_1_577' title='bbox 2417 3244 2499 3298; x_wconf 89' lang='lat' dir='ltr'><strong>vel</strong></span> <span class='ocrx_word' id='word_1_578' title='bbox 2518 3244 2857 3299; x_wconf 88' lang='lat' dir='ltr'><strong>individuum</strong></span> <span class='ocrx_word' id='word_1_579' title='bbox 2881 3243 3209 3313; x_wconf 84' lang='lat' dir='ltr'><strong>appellatur.</strong></span> <span class='ocrx_word' id='word_1_580' title='bbox 3234 3242 3422 3313; x_wconf 88' lang='lat' dir='ltr'><strong>itaque</strong></span> <span class='ocrx_word' id='word_1_581' title='bbox 3443 3258 3606 3297; x_wconf 91' lang='lat' dir='ltr'><strong>unum</strong></span> 
     </span>
    </p>
   </div>
   <div class='ocr_carea' id='block_1_79' title="bbox 2034 3334 3611 3405">
    <p class='ocr_par' dir='ltr' id='par_1_79' title="bbox 2034 3334 3611 3405">
     <span class='ocr_line' id='line_1_79' title="bbox 2034 3334 3611 3405; baseline -0.001 -17"><span class='ocrx_word' id='word_1_582' title='bbox 2034 3336 2285 3405; x_wconf 84' lang='lat' dir='ltr'><strong>idemque</strong></span> <span class='ocrx_word' id='word_1_583' title='bbox 2317 3347 2402 3390; x_wconf 89' lang='lat' dir='ltr'><strong>est</strong></span> <span class='ocrx_word' id='word_1_584' title='bbox 2451 3335 2791 3404; x_wconf 82' lang='lat' dir='ltr'><strong>subjectum,</strong></span> <span class='ocrx_word' id='word_1_585' title='bbox 2841 3345 2895 3390; x_wconf 91' lang='lat' dir='ltr'><strong>et</strong></span> <span class='ocrx_word' id='word_1_586' title='bbox 2963 3336 3287 3399; x_wconf 82' lang='lat' dir='ltr'><strong>substantia,</strong></span> <span class='ocrx_word' id='word_1_587' title='bbox 3330 3341 3383 3388; x_wconf 91' lang='lat' dir='ltr'><strong>et</strong></span> <span class='ocrx_word' id='word_1_588' title='bbox 3429 3334 3611 3388; x_wconf 87' lang='lat' dir='ltr'><strong>subsi-</strong></span> 
     </span>
    </p>
   </div>
   <div class='ocr_carea' id='block_1_80' title="bbox 2032 3421 3611 3482">
    <p class='ocr_par' dir='ltr' id='par_1_80' title="bbox 2032 3421 3611 3482">
     <span class='ocr_line' id='line_1_80' title="bbox 2032 3421 3611 3482; baseline -0.003 -3"><span class='ocrx_word' id='word_1_589' title='bbox 2032 3427 2230 3479; x_wconf 82' lang='lat' dir='ltr'><strong>SIeutia</strong></span> <span class='ocrx_word' id='word_1_590' title='bbox 2268 3444 2281 3482; x_wconf 90' lang='lat'><strong>:</strong></span> <span class='ocrx_word' id='word_1_591' title='bbox 2308 3434 2544 3479; x_wconf 88' lang='lat' dir='ltr'><strong>attamen</strong></span> <span class='ocrx_word' id='word_1_592' title='bbox 2568 3426 2885 3480; x_wconf 64' lang='lat' dir='ltr'><strong>substantiae</strong></span> <span class='ocrx_word' id='word_1_593' title='bbox 2934 3426 3083 3479; x_wconf 90' lang='lat' dir='ltr'><strong>notio</strong></span> <span class='ocrx_word' id='word_1_594' title='bbox 3111 3439 3215 3477; x_wconf 90' lang='lat' dir='ltr'><strong>non</strong></span> <span class='ocrx_word' id='word_1_595' title='bbox 3240 3422 3399 3475; x_wconf 90' lang='lat' dir='ltr'><strong>simul</strong></span> <span class='ocrx_word' id='word_1_596' title='bbox 3440 3421 3611 3477; x_wconf 88' lang='lat' dir='ltr'><strong>subsi-</strong></span> 
     </span>
    </p>
   </div>
   <div class='ocr_carea' id='block_1_81' title="bbox 2032 3515 3609 3584">
    <p class='ocr_par' dir='ltr' id='par_1_81' title="bbox 2032 3515 3609 3584">
     <span class='ocr_line' id='line_1_81' title="bbox 2032 3515 3609 3584; baseline -0.002 -16"><span class='ocrx_word' id='word_1_597' title='bbox 2032 3518 2284 3570; x_wconf 84' lang='lat' dir='ltr'><strong>stentiam</strong></span> <span class='ocrx_word' id='word_1_598' title='bbox 2306 3516 2685 3584; x_wconf 87' lang='lat' dir='ltr'><strong>complectitur</strong></span> <span class='ocrx_word' id='word_1_599' title='bbox 2702 3533 2717 3577; x_wconf 85' lang='lat'><strong>;</strong></span> <span class='ocrx_word' id='word_1_600' title='bbox 2734 3515 3101 3570; x_wconf 63' lang='lat' dir='ltr'><strong>subsistentiis</strong></span> <span class='ocrx_word' id='word_1_601' title='bbox 3117 3516 3262 3567; x_wconf 91' lang='lat' dir='ltr'><strong>notio</strong></span> <span class='ocrx_word' id='word_1_602' title='bbox 3284 3522 3462 3567; x_wconf 90' lang='lat' dir='ltr'><strong>autem</strong></span> <span class='ocrx_word' id='word_1_603' title='bbox 3487 3526 3609 3567; x_wconf 90' lang='lat' dir='ltr'><strong>om-</strong></span> 
     </span>
    </p>
   </div>
   <div class='ocr_carea' id='block_1_82' title="bbox 2034 3605 3034 3667">
    <p class='ocr_par' dir='ltr' id='par_1_82' title="bbox 2034 3605 3034 3667">
     <span class='ocr_line' id='line_1_82' title="bbox 2034 3605 3034 3667; baseline 0.001 -11"><span class='ocrx_word' id='word_1_604' title='bbox 2034 3605 2124 3658; x_wconf 88' lang='lat' dir='ltr'><strong>nia</strong></span> <span class='ocrx_word' id='word_1_605' title='bbox 2155 3605 2417 3667; x_wconf 87' lang='lat' dir='ltr'><strong>continet,</strong></span> <span class='ocrx_word' id='word_1_606' title='bbox 2456 3605 2619 3658; x_wconf 86' lang='lat' dir='ltr'><strong>etiam</strong></span> <span class='ocrx_word' id='word_1_607' title='bbox 2655 3605 3034 3659; x_wconf 84' lang='lat' dir='ltr'><strong>substantiam.</strong></span> 
     </span>
    </p>
   </div>
   <div class='ocr_carea' id='block_1_83' title="bbox 2107 3693 3607 3762">
    <p class='ocr_par' dir='ltr' id='par_1_83' title="bbox 2107 3693 3607 3762">
     <span class='ocr_line' id='line_1_83' title="bbox 2107 3693 3607 3762; baseline 0 -14"><span class='ocrx_word' id='word_1_608' title='bbox 2107 3695 2383 3748; x_wconf 82' lang='lat' dir='ltr'><strong>Deliniunt</strong></span> <span class='ocrx_word' id='word_1_609' title='bbox 2426 3696 2588 3762; x_wconf 83' lang='lat' dir='ltr'><strong>igitur</strong></span> <span class='ocrx_word' id='word_1_610' title='bbox 2621 3695 3037 3751; x_wconf 87' lang='lat' dir='ltr'><strong>subsistentiam</strong></span> <span class='ocrx_word' id='word_1_611' title='bbox 3080 3694 3162 3748; x_wconf 88' lang='lat' dir='ltr'><strong>sic</strong></span> <span class='ocrx_word' id='word_1_612' title='bbox 3200 3712 3214 3748; x_wconf 89' lang='lat'><strong>:</strong></span> <span class='ocrx_word' id='word_1_613' title='bbox 3248 3693 3607 3749; x_wconf 89' lang='lat' dir='ltr'><strong>Subsistentia</strong></span> 
     </span>
    </p>
   </div>
   <div class='ocr_carea' id='block_1_84' title="bbox 2034 3784 3607 3854">
    <p class='ocr_par' dir='ltr' id='par_1_84' title="bbox 2034 3784 3607 3854">
     <span class='ocr_line' id='line_1_84' title="bbox 2034 3784 3607 3854; baseline 0 -15"><span class='ocrx_word' id='word_1_614' title='bbox 2034 3791 2119 3839; x_wconf 89' lang='lat' dir='ltr'><strong>est</strong></span> <span class='ocrx_word' id='word_1_615' title='bbox 2145 3784 2347 3852; x_wconf 89' lang='lat' dir='ltr'><strong>aliquid</strong></span> <span class='ocrx_word' id='word_1_616' title='bbox 2374 3784 2676 3840; x_wconf 90' lang='lat' dir='ltr'><strong>subsistens</strong></span> <span class='ocrx_word' id='word_1_617' title='bbox 2702 3795 2759 3839; x_wconf 90' lang='lat' dir='ltr'><strong>et</strong></span> <span class='ocrx_word' id='word_1_618' title='bbox 2781 3784 3223 3848; x_wconf 89' lang='lat' dir='ltr'><strong>substantiatum,</strong></span> <span class='ocrx_word' id='word_1_619' title='bbox 3244 3785 3298 3839; x_wconf 94' lang='lat' dir='ltr'><strong>in</strong></span> <span class='ocrx_word' id='word_1_620' title='bbox 3319 3798 3426 3854; x_wconf 91' lang='lat' dir='ltr'><strong>quo</strong></span> <span class='ocrx_word' id='word_1_621' title='bbox 3458 3784 3607 3840; x_wconf 86' lang='lat' dir='ltr'><strong>acci-</strong></span> 
     </span>
    </p>
   </div>
   <div class='ocr_carea' id='block_1_85' title="bbox 2035 3874 3607 3944">
    <p class='ocr_par' dir='ltr' id='par_1_85' title="bbox 2035 3874 3607 3944">
     <span class='ocr_line' id='line_1_85' title="bbox 2035 3874 3607 3944; baseline -0.001 -14"><span class='ocrx_word' id='word_1_622' title='bbox 2035 3875 2275 3930; x_wconf 89' lang='lat' dir='ltr'><strong>dentium</strong></span> <span class='ocrx_word' id='word_1_623' title='bbox 2301 3875 2613 3944; x_wconf 74' lang='lat' dir='ltr'><strong>complexus</strong></span> <span class='ocrx_word' id='word_1_624' title='bbox 2641 3876 2787 3928; x_wconf 89' lang='lat' dir='ltr'><strong>velut</strong></span> <span class='ocrx_word' id='word_1_625' title='bbox 2815 3875 2867 3927; x_wconf 92' lang='lat' dir='ltr'><strong>in</strong></span> <span class='ocrx_word' id='word_1_626' title='bbox 2905 3874 3151 3942; x_wconf 88' lang='lat' dir='ltr'><strong>subjecto</strong></span> <span class='ocrx_word' id='word_1_627' title='bbox 3177 3875 3357 3944; x_wconf 91' lang='lat' dir='ltr'><strong>aliquo</strong></span> <span class='ocrx_word' id='word_1_628' title='bbox 3400 3885 3455 3930; x_wconf 91' lang='lat' dir='ltr'><strong>et</strong></span> <span class='ocrx_word' id='word_1_629' title='bbox 3485 3885 3607 3929; x_wconf 83' lang='lat' dir='ltr'><strong>actu</strong></span> 
     </span>
    </p>
   </div>
   <div class='ocr_carea' id='block_1_86' title="bbox 2035 3964 3605 4022">
    <p class='ocr_par' dir='ltr' id='par_1_86' title="bbox 2035 3964 3605 4022">
     <span class='ocr_line' id='line_1_86' title="bbox 2035 3964 3605 4022; baseline 0 -1"><span class='ocrx_word' id='word_1_630' title='bbox 2035 3966 2303 4021; x_wconf 85' lang='lat' dir='ltr'><strong>subsistit.</strong></span> <span class='ocrx_word' id='word_1_631' title='bbox 2332 3964 2400 4019; x_wconf 89' lang='lat' dir='ltr'><strong>Et</strong></span> <span class='ocrx_word' id='word_1_632' title='bbox 2431 3967 2592 4021; x_wconf 85' lang='lat' dir='ltr'><strong>simili</strong></span> <span class='ocrx_word' id='word_1_633' title='bbox 2623 3968 2783 4020; x_wconf 84' lang='lat' dir='ltr'><strong>modo</strong></span> <span class='ocrx_word' id='word_1_634' title='bbox 2806 3966 3166 4021; x_wconf 89' lang='lat' dir='ltr'><strong>individuum.</strong></span> <span class='ocrx_word' id='word_1_635' title='bbox 3194 3968 3387 4022; x_wconf 87' lang='lat' dir='ltr'><strong>Dicunt</strong></span> <span class='ocrx_word' id='word_1_636' title='bbox 3419 3968 3562 4021; x_wconf 90' lang='lat' dir='ltr'><strong>enim</strong></span> <span class='ocrx_word' id='word_1_637' title='bbox 3591 3984 3605 4021; x_wconf 92' lang='lat'><strong>:</strong></span> 
     </span>
    </p>
   </div>
   <div class='ocr_carea' id='block_1_87' title="bbox 2037 4058 3608 4129">
    <p class='ocr_par' dir='ltr' id='par_1_87' title="bbox 2037 4058 3608 4129">
     <span class='ocr_line' id='line_1_87' title="bbox 2037 4058 3608 4129; baseline 0.001 -18"><span class='ocrx_word' id='word_1_638' title='bbox 2037 4058 2376 4112; x_wconf 86' lang='lat' dir='ltr'><strong>individuum</strong></span> <span class='ocrx_word' id='word_1_639' title='bbox 2425 4069 2507 4113; x_wconf 89' lang='lat' dir='ltr'><strong>est</strong></span> <span class='ocrx_word' id='word_1_640' title='bbox 2553 4058 2915 4126; x_wconf 87' lang='lat' dir='ltr'><strong>compositum</strong></span> <span class='ocrx_word' id='word_1_641' title='bbox 2951 4059 3080 4127; x_wconf 89' lang='lat' dir='ltr'><strong>quid</strong></span> <span class='ocrx_word' id='word_1_642' title='bbox 3136 4075 3167 4113; x_wconf 91' lang='lat' dir='ltr'><strong>e</strong></span> <span class='ocrx_word' id='word_1_643' title='bbox 3212 4060 3608 4129; x_wconf 86' lang='lat' dir='ltr'><strong>qualitatibus,</strong></span> 
     </span>
    </p>
   </div>
   <div class='ocr_carea' id='block_1_88' title="bbox 2036 4146 3611 4216">
    <p class='ocr_par' dir='ltr' id='par_1_88' title="bbox 2036 4146 3611 4216">
     <span class='ocr_line' id='line_1_88' title="bbox 2036 4146 3611 4216; baseline 0 -16"><span class='ocrx_word' id='word_1_644' title='bbox 2036 4163 2265 4216; x_wconf 90' lang='lat' dir='ltr'><strong>quarum</strong></span> <span class='ocrx_word' id='word_1_645' title='bbox 2294 4147 2610 4215; x_wconf 84' lang='lat' dir='ltr'><strong>complexus</strong></span> <span class='ocrx_word' id='word_1_646' title='bbox 2629 4147 2682 4199; x_wconf 92' lang='lat' dir='ltr'><strong>iu</strong></span> <span class='ocrx_word' id='word_1_647' title='bbox 2712 4146 2864 4199; x_wconf 86' lang='lat' dir='ltr'><strong>nullo</strong></span> <span class='ocrx_word' id='word_1_648' title='bbox 2886 4147 2992 4201; x_wconf 89' lang='lat' dir='ltr'><strong>alio</strong></span> <span class='ocrx_word' id='word_1_649' title='bbox 3022 4148 3349 4201; x_wconf 86' lang='lat' dir='ltr'><strong>inveniatur.</strong></span> <span class='ocrx_word' id='word_1_650' title='bbox 3377 4148 3454 4202; x_wconf 88' lang='lat' dir='ltr'><strong>Ac</strong></span> <span class='ocrx_word' id='word_1_651' title='bbox 3476 4146 3611 4202; x_wconf 88' lang='lat' dir='ltr'><strong>bene</strong></span> 
     </span>
    </p>
   </div>
   <div class='ocr_carea' id='block_1_89' title="bbox 2036 4237 3613 4308">
    <p class='ocr_par' dir='ltr' id='par_1_89' title="bbox 2036 4237 3613 4308">
     <span class='ocr_line' id='line_1_89' title="bbox 2036 4237 3613 4308; baseline 0.002 -18"><span class='ocrx_word' id='word_1_652' title='bbox 2036 4239 2251 4306; x_wconf 91' lang='lat' dir='ltr'><strong>quidem</strong></span> <span class='ocrx_word' id='word_1_653' title='bbox 2308 4239 2513 4298; x_wconf 90' lang='lat' dir='ltr'><strong>dicunt,</strong></span> <span class='ocrx_word' id='word_1_654' title='bbox 2566 4239 2618 4292; x_wconf 91' lang='lat' dir='ltr'><strong>in</strong></span> <span class='ocrx_word' id='word_1_655' title='bbox 2646 4237 2791 4291; x_wconf 87' lang='lat' dir='ltr'><strong>nullo</strong></span> <span class='ocrx_word' id='word_1_656' title='bbox 2827 4237 2957 4301; x_wconf 88' lang='lat' dir='ltr'><strong>alio,</strong></span> <span class='ocrx_word' id='word_1_657' title='bbox 3019 4238 3284 4308; x_wconf 88' lang='lat' dir='ltr'><strong>siquidem</strong></span> <span class='ocrx_word' id='word_1_658' title='bbox 3319 4238 3613 4306; x_wconf 89' lang='lat' dir='ltr'><strong>qualitates</strong></span> 
     </span>
    </p>
   </div>
   <div class='ocr_carea' id='block_1_90' title="bbox 2037 4329 3613 4400">
    <p class='ocr_par' dir='ltr' id='par_1_90' title="bbox 2037 4329 3613 4400">
     <span class='ocr_line' id='line_1_90' title="bbox 2037 4329 3613 4400; baseline 0 -16"><span class='ocrx_word' id='word_1_659' title='bbox 2037 4332 2255 4395; x_wconf 84' lang='lat' dir='ltr'><strong>Meletii,</strong></span> <span class='ocrx_word' id='word_1_660' title='bbox 2291 4342 2556 4400; x_wconf 85' lang='lat' dir='ltr'><strong>quatenus</strong></span> <span class='ocrx_word' id='word_1_661' title='bbox 2591 4339 2676 4384; x_wconf 88' lang='lat' dir='ltr'><strong>est</strong></span> <span class='ocrx_word' id='word_1_662' title='bbox 2724 4331 3076 4395; x_wconf 89' lang='lat' dir='ltr'><strong>individuum,</strong></span> <span class='ocrx_word' id='word_1_663' title='bbox 3123 4332 3174 4384; x_wconf 91' lang='lat' dir='ltr'><strong>in</strong></span> <span class='ocrx_word' id='word_1_664' title='bbox 3214 4330 3357 4384; x_wconf 89' lang='lat' dir='ltr'><strong>nullo</strong></span> <span class='ocrx_word' id='word_1_665' title='bbox 3383 4329 3490 4384; x_wconf 90' lang='lat' dir='ltr'><strong>alio</strong></span> <span class='ocrx_word' id='word_1_666' title='bbox 3520 4346 3613 4384; x_wconf 88' lang='lat' dir='ltr'><strong>co-</strong></span> 
     </span>
    </p>
   </div>
   <div class='ocr_carea' id='block_1_91' title="bbox 2038 4419 3611 4493">
    <p class='ocr_par' dir='ltr' id='par_1_91' title="bbox 2038 4419 3611 4493">
     <span class='ocr_line' id='line_1_91' title="bbox 2038 4419 3611 4493; baseline -0.003 -19"><span class='ocrx_word' id='word_1_667' title='bbox 2038 4423 2197 4493; x_wconf 77' lang='lat' dir='ltr'><strong>gitari</strong></span> <span class='ocrx_word' id='word_1_668' title='bbox 2229 4429 2473 4489; x_wconf 89' lang='lat' dir='ltr'><strong>possunt,</strong></span> <span class='ocrx_word' id='word_1_669' title='bbox 2523 4420 2671 4474; x_wconf 88' lang='lat' dir='ltr'><strong>verbi</strong></span> <span class='ocrx_word' id='word_1_670' title='bbox 2729 4421 2933 4488; x_wconf 78' lang='lat' dir='ltr'><strong>gratia,</strong></span> <span class='ocrx_word' id='word_1_671' title='bbox 2977 4420 3119 4488; x_wconf 90' lang='lat' dir='ltr'><strong>quod</strong></span> <span class='ocrx_word' id='word_1_672' title='bbox 3156 4419 3484 4488; x_wconf 84' lang='lat' dir='ltr'><strong>Byzantinus</strong></span> <span class='ocrx_word' id='word_1_673' title='bbox 3519 4420 3611 4482; x_wconf 91' lang='lat' dir='ltr'><strong>sit,</strong></span> 
     </span>
    </p>
   </div>
   <div class='ocr_carea' id='block_1_92' title="bbox 354 4494 1928 4581">
    <p class='ocr_par' dir='ltr' id='par_1_92' title="bbox 354 4494 1928 4579">
     <span class='ocr_line' id='line_1_92' title="bbox 354 4494 1928 4579; baseline -0.002 -19"><span class='ocrx_word' id='word_1_674' title='bbox 354 4511 559 4569; x_wconf 84' lang='grc' dir='ltr'><strong>τιαίον.</strong></span> <span class='ocrx_word' id='word_1_675' title='bbox 594 4508 656 4561; x_wconf 82' lang='grc' dir='ltr'><strong>τὸ</strong></span> <span class='ocrx_word' id='word_1_676' title='bbox 691 4508 895 4579; x_wconf 76' lang='grc' dir='ltr'><strong>ίατρον,</strong></span> <span class='ocrx_word' id='word_1_677' title='bbox 932 4509 992 4560; x_wconf 84' lang='grc' dir='ltr'><strong>τὸ</strong></span> <span class='ocrx_word' id='word_1_678' title='bbox 1014 4506 1218 4571; x_wconf 85' lang='grc' dir='ltr'><strong>κονδὸν,</strong></span> <span class='ocrx_word' id='word_1_679' title='bbox 1255 4506 1316 4559; x_wconf 83' lang='grc' dir='ltr'><strong>τὸ</strong></span> <span class='ocrx_word' id='word_1_680' title='bbox 1345 4505 1608 4574; x_wconf 83' lang='grc' dir='ltr'><strong>γλαυκὸν,</strong></span> <span class='ocrx_word' id='word_1_681' title='bbox 1653 4494 1715 4558; x_wconf 77' lang='grc' dir='ltr'><strong>τὸ</strong></span> <span class='ocrx_word' id='word_1_682' title='bbox 1753 4506 1928 4573; x_wconf 78' lang='grc' dir='ltr'><strong>σιμὸν²</strong></span> 
     </span>
    </p>
   </div>
   <div class='ocr_carea' id='block_1_93' title="bbox 2035 4494 3615 4581">
    <p class='ocr_par' dir='ltr' id='par_1_93' title="bbox 2042 4509 3615 4581">
     <span class='ocr_line' id='line_1_93' title="bbox 2042 4509 3615 4581; baseline -0.006 -14"><span class='ocrx_word' id='word_1_683' title='bbox 2042 4513 2183 4581; x_wconf 83' lang='lat' dir='ltr'><strong>quod</strong></span> <span class='ocrx_word' id='word_1_684' title='bbox 2226 4511 2491 4574; x_wconf 91' lang='lat' dir='ltr'><strong>medicus,</strong></span> <span class='ocrx_word' id='word_1_685' title='bbox 2523 4510 2666 4578; x_wconf 89' lang='lat' dir='ltr'><strong>quod</strong></span> <span class='ocrx_word' id='word_1_686' title='bbox 2699 4510 2917 4574; x_wconf 85' lang='lat' dir='ltr'><strong>caesius,</strong></span> <span class='ocrx_word' id='word_1_687' title='bbox 2953 4515 3093 4579; x_wconf 90' lang='lat' dir='ltr'><strong>quod</strong></span> <span class='ocrx_word' id='word_1_688' title='bbox 3125 4509 3317 4570; x_wconf 90' lang='lat' dir='ltr'><strong>simus,</strong></span> <span class='ocrx_word' id='word_1_689' title='bbox 3348 4509 3488 4575; x_wconf 88' lang='lat' dir='ltr'><strong>quod</strong></span> <span class='ocrx_word' id='word_1_690' title='bbox 3520 4522 3615 4575; x_wconf 85' lang='lat' dir='ltr'><strong>pn-</strong></span> 
     </span>
    </p>
   </div>
   <div class='ocr_carea' id='block_1_94' title="bbox 316 4596 1933 4677">
    <p class='ocr_par' dir='ltr' id='par_1_94' title="bbox 316 4596 1933 4677">
     <span class='ocr_line' id='line_1_94' title="bbox 316 4596 1933 4677; baseline -0.002 -25"><span class='ocrx_word' id='word_1_691' title='bbox 316 4599 421 4677; x_wconf 53' lang='lat' dir='ltr'><strong>‘cb</strong></span> <span class='ocrx_word' id='word_1_692' title='bbox 442 4598 728 4666; x_wconf 81' lang='grc' dir='ltr'><strong>ποδαλγδν,</strong></span> <span class='ocrx_word' id='word_1_693' title='bbox 753 4600 815 4652; x_wconf 73' lang='grc' dir='ltr'><strong>τὸ</strong></span> <span class='ocrx_word' id='word_1_694' title='bbox 845 4599 1008 4670; x_wconf 81' lang='grc' dir='ltr'><strong>οὐλὴν</strong></span> <span class='ocrx_word' id='word_1_695' title='bbox 1047 4598 1198 4668; x_wconf 75' lang='grc' dir='ltr'><strong>ἔχειν</strong></span> <span class='ocrx_word' id='word_1_696' title='bbox 1227 4600 1285 4649; x_wconf 85' lang='grc' dir='ltr'><strong>ὲν</strong></span> <span class='ocrx_word' id='word_1_697' title='bbox 1314 4597 1392 4667; x_wconf 79' lang='grc' dir='ltr'><strong>τῷ</strong></span> <span class='ocrx_word' id='word_1_698' title='bbox 1423 4596 1662 4667; x_wconf 84' lang='grc' dir='ltr'><strong>μετώπῳ</strong></span> <span class='ocrx_word' id='word_1_699' title='bbox 1696 4597 1933 4657; x_wconf 82' lang='grc' dir='ltr'><strong>τοιάνδε,</strong></span> 
     </span>
    </p>
   </div>
   <div class='ocr_carea' id='block_1_95' title="bbox 354 4682 1933 4759">
    <p class='ocr_par' dir='ltr' id='par_1_95' title="bbox 354 4682 1933 4759">
     <span class='ocr_line' id='line_1_95' title="bbox 354 4682 1933 4759; baseline 0 -21"><span class='ocrx_word' id='word_1_700' title='bbox 354 4689 421 4738; x_wconf 73' lang='grc' dir='ltr'><strong>τὸ</strong></span> <span class='ocrx_word' id='word_1_701' title='bbox 453 4682 592 4751; x_wconf 82' lang='grc' dir='ltr'><strong>εἶναι</strong></span> <span class='ocrx_word' id='word_1_702' title='bbox 628 4688 936 4759; x_wconf 82' lang='grc' dir='ltr'><strong>Γρηγορίου</strong></span> <span class='ocrx_word' id='word_1_703' title='bbox 968 4688 1118 4741; x_wconf 85' lang='grc' dir='ltr'><strong>υίόν’</strong></span> <span class='ocrx_word' id='word_1_704' title='bbox 1181 4686 1357 4739; x_wconf 86' lang='grc' dir='ltr'><strong>ταῦτα</strong></span> <span class='ocrx_word' id='word_1_705' title='bbox 1422 4687 1534 4758; x_wconf 85' lang='grc' dir='ltr'><strong>γὰρ</strong></span> <span class='ocrx_word' id='word_1_706' title='bbox 1577 4687 1759 4740; x_wconf 89' lang='grc' dir='ltr'><strong>πάντα</strong></span> <span class='ocrx_word' id='word_1_707' title='bbox 1805 4702 1933 4738; x_wconf 88' lang='grc' dir='ltr'><strong>συν-</strong></span> 
     </span>
    </p>
   </div>
   <div class='ocr_carea' id='block_1_96' title="bbox 355 4778 1935 4847">
    <p class='ocr_par' dir='ltr' id='par_1_96' title="bbox 355 4778 1935 4847">
     <span class='ocr_line' id='line_1_96' title="bbox 355 4778 1935 4847; baseline 0.001 -18"><span class='ocrx_word' id='word_1_708' title='bbox 355 4778 719 4847; x_wconf 87' lang='grc' dir='ltr'><strong>αθροισθέντα</strong></span> <span class='ocrx_word' id='word_1_709' title='bbox 741 4781 1040 4833; x_wconf 77' lang='grc' dir='ltr'><strong>ἀπετέλεσε</strong></span> <span class='ocrx_word' id='word_1_710' title='bbox 1068 4778 1332 4833; x_wconf 87' lang='grc' dir='ltr'><strong>Μελέτιον</strong></span> <span class='ocrx_word' id='word_1_711' title='bbox 1352 4779 1442 4830; x_wconf 84' lang='grc' dir='ltr'><strong>τὸν</strong></span> <span class='ocrx_word' id='word_1_712' title='bbox 1461 4778 1612 4847; x_wconf 74' lang='grc' dir='ltr'><strong>ἐμὸν,</strong></span> <span class='ocrx_word' id='word_1_713' title='bbox 1640 4779 1674 4832; x_wconf 79' lang='grc' dir='ltr'><strong>ὃ.</strong></span> <span class='ocrx_word' id='word_1_714' title='bbox 1696 4779 1935 4832; x_wconf 86' lang='grc' dir='ltr'><strong>νοεῖσθαι</strong></span> 
     </span>
    </p>
   </div>
   <div class='ocr_carea' id='block_1_97' title="bbox 355 4866 1935 4940">
    <p class='ocr_par' dir='ltr' id='par_1_97' title="bbox 355 4866 1935 4940">
     <span class='ocr_line' id='line_1_97' title="bbox 355 4866 1935 4940; baseline 0.001 -20"><span class='ocrx_word' id='word_1_715' title='bbox 355 4866 452 4920; x_wconf 78' lang='grc' dir='ltr'><strong>ὲπί</strong></span> <span class='ocrx_word' id='word_1_716' title='bbox 489 4884 634 4931; x_wconf 87' lang='grc' dir='ltr'><strong>τινος</strong></span> <span class='ocrx_word' id='word_1_717' title='bbox 660 4869 821 4924; x_wconf 85' lang='grc' dir='ltr'><strong>ἄλλου</strong></span> <span class='ocrx_word' id='word_1_718' title='bbox 852 4869 1115 4925; x_wconf 84' lang='grc' dir='ltr'><strong>ἀδύνατον</strong></span> <span class='ocrx_word' id='word_1_719' title='bbox 1133 4885 1150 4903; x_wconf 76' lang='grc' dir='ltr'><strong><em>ο</em></strong></span> <span class='ocrx_word' id='word_1_720' title='bbox 1183 4870 1532 4940; x_wconf 75' lang='grc' dir='ltr'><strong>παραλλαγαὶ</strong></span> <span class='ocrx_word' id='word_1_721' title='bbox 1553 4872 1662 4940; x_wconf 75' lang='grc' dir='ltr'><strong>γὰρ</strong></span> <span class='ocrx_word' id='word_1_722' title='bbox 1685 4872 1793 4923; x_wconf 89' lang='grc' dir='ltr'><strong>τῶν</strong></span> <span class='ocrx_word' id='word_1_723' title='bbox 1817 4871 1935 4924; x_wconf 84' lang='grc' dir='ltr'><strong>ἀτό-</strong></span> 
     </span>
    </p>
   </div>
   <div class='ocr_carea' id='block_1_98' title="bbox 360 4958 722 5027">
    <p class='ocr_par' dir='ltr' id='par_1_98' title="bbox 360 4958 722 5027">
     <span class='ocr_line' id='line_1_98' title="bbox 360 4958 722 5027; baseline 0.011 -19"><span class='ocrx_word' id='word_1_724' title='bbox 360 4974 483 5027; x_wconf 84' lang='grc' dir='ltr'><strong>μων</strong></span> <span class='ocrx_word' id='word_1_725' title='bbox 508 4958 722 5012; x_wconf 85' lang='grc' dir='ltr'><strong>πολλαί.</strong></span> 
     </span>
    </p>
   </div>
   <div class='ocr_carea' id='block_1_99' title="bbox 432 5047 1936 5122">
    <p class='ocr_par' dir='ltr' id='par_1_99' title="bbox 432 5047 1936 5122">
     <span class='ocr_line' id='line_1_99' title="bbox 432 5047 1936 5122; baseline 0.002 -23"><span class='ocrx_word' id='word_1_726' title='bbox 432 5047 604 5100; x_wconf 85' lang='grc' dir='ltr'><strong>Πάλιν</strong></span> <span class='ocrx_word' id='word_1_727' title='bbox 644 5048 701 5102; x_wconf 78' lang='grc' dir='ltr'><strong>δὲ</strong></span> <span class='ocrx_word' id='word_1_728' title='bbox 744 5049 1018 5120; x_wconf 76' lang='grc' dir='ltr'><strong>ὁρίζονται</strong></span> <span class='ocrx_word' id='word_1_729' title='bbox 1068 5052 1360 5122; x_wconf 85' lang='grc' dir='ltr'><strong>πρόσωπον</strong></span> <span class='ocrx_word' id='word_1_730' title='bbox 1389 5049 1598 5114; x_wconf 76' lang='grc' dir='ltr'><strong>οὕτως’</strong></span> <span class='ocrx_word' id='word_1_731' title='bbox 1633 5051 1936 5119; x_wconf 77' lang='grc' dir='ltr'><strong>Πρόσωπόν</strong></span> 
     </span>
    </p>
   </div>
   <div class='ocr_carea' id='block_1_100' title="bbox 356 5138 1937 5215">
    <p class='ocr_par' dir='ltr' id='par_1_100' title="bbox 356 5138 1937 5215">
     <span class='ocr_line' id='line_1_100' title="bbox 356 5138 1937 5215; baseline 0.006 -24"><span class='ocrx_word' id='word_1_732' title='bbox 356 5138 531 5203; x_wconf 66' lang='grc' dir='ltr'><strong>ἐστιν,</strong></span> <span class='ocrx_word' id='word_1_733' title='bbox 563 5138 592 5190; x_wconf 85' lang='grc' dir='ltr'><strong>ὃ</strong></span> <span class='ocrx_word' id='word_1_734' title='bbox 621 5139 709 5193; x_wconf 79' lang='grc' dir='ltr'><strong>διά</strong></span> <span class='ocrx_word' id='word_1_735' title='bbox 736 5140 844 5194; x_wconf 86' lang='grc' dir='ltr'><strong>τῶν</strong></span> <span class='ocrx_word' id='word_1_736' title='bbox 874 5142 1092 5195; x_wconf 76' lang='grc' dir='ltr'><strong>οἰκείων</strong></span> <span class='ocrx_word' id='word_1_737' title='bbox 1124 5147 1518 5215; x_wconf 72' lang='grc' dir='ltr'><strong>ἐνεργημάτων</strong></span> <span class='ocrx_word' id='word_1_738' title='bbox 1556 5162 1614 5197; x_wconf 88' lang='grc' dir='ltr'><strong>τε</strong></span> <span class='ocrx_word' id='word_1_739' title='bbox 1647 5147 1742 5198; x_wconf 77' lang='grc' dir='ltr'><strong>καὶ</strong></span> <span class='ocrx_word' id='word_1_740' title='bbox 1792 5147 1937 5200; x_wconf 88' lang='grc' dir='ltr'><strong>ἰδιω-</strong></span> 
     </span>
    </p>
   </div>
   <div class='ocr_carea' id='block_1_101' title="bbox 361 5233 1939 5312">
    <p class='ocr_par' dir='ltr' id='par_1_101' title="bbox 361 5233 1939 5312">
     <span class='ocr_line' id='line_1_101' title="bbox 361 5233 1939 5312; baseline 0.006 -25"><span class='ocrx_word' id='word_1_741' title='bbox 361 5233 579 5301; x_wconf 82' lang='grc' dir='ltr'><strong>μάτων,</strong></span> <span class='ocrx_word' id='word_1_742' title='bbox 612 5238 1059 5309; x_wconf 83' lang='grc' dir='ltr'><strong>περιωρισμένην</strong></span> <span class='ocrx_word' id='word_1_743' title='bbox 1099 5241 1208 5292; x_wconf 89' lang='grc' dir='ltr'><strong>τῶν</strong></span> <span class='ocrx_word' id='word_1_744' title='bbox 1251 5242 1508 5312; x_wconf 75' lang='grc' dir='ltr'><strong>ὁμοφυῶν</strong></span> <span class='ocrx_word' id='word_1_745' title='bbox 1546 5242 1710 5296; x_wconf 84' lang='grc' dir='ltr'><strong>αὑτοῦ</strong></span> <span class='ocrx_word' id='word_1_746' title='bbox 1757 5243 1939 5312; x_wconf 84' lang='grc' dir='ltr'><strong>παρά-</strong></span> 
     </span>
    </p>
   </div>
   <div class='ocr_carea' id='block_1_102' title="bbox 360 5327 1940 5401">
    <p class='ocr_par' dir='ltr' id='par_1_102' title="bbox 360 5327 1940 5401">
     <span class='ocr_line' id='line_1_102' title="bbox 360 5327 1940 5401; baseline 0.014 -27"><span class='ocrx_word' id='word_1_747' title='bbox 360 5339 553 5392; x_wconf 86' lang='grc' dir='ltr'><strong>σχεται</strong></span> <span class='ocrx_word' id='word_1_748' title='bbox 580 5327 682 5397; x_wconf 79' lang='grc' dir='ltr'><strong>τὴν</strong></span> <span class='ocrx_word' id='word_1_749' title='bbox 706 5329 1030 5397; x_wconf 71' lang='grc' dir='ltr'><strong>ἐμφάνειαν.</strong></span> <span class='ocrx_word' id='word_1_750' title='bbox 1076 5331 1138 5383; x_wconf 85' lang='grc' dir='ltr'><strong>Ἡ</strong></span> <span class='ocrx_word' id='word_1_751' title='bbox 1159 5331 1252 5385; x_wconf 79' lang='grc' dir='ltr'><strong>οὖν</strong></span> <span class='ocrx_word' id='word_1_752' title='bbox 1285 5333 1373 5384; x_wconf 77' lang='grc' dir='ltr'><strong>διὰ</strong></span> <span class='ocrx_word' id='word_1_753' title='bbox 1390 5332 1489 5401; x_wconf 82' lang='grc' dir='ltr'><strong>τῆς</strong></span> <span class='ocrx_word' id='word_1_754' title='bbox 1531 5332 1814 5400; x_wconf 71' lang='grc' dir='ltr'><strong>ἐνεργείας</strong></span> <span class='ocrx_word' id='word_1_755' title='bbox 1847 5333 1940 5398; x_wconf 68' lang='grc' dir='ltr'><strong>ἐγ·</strong></span> 
     </span>
    </p>
   </div>
   <div class='ocr_carea' id='block_1_103' title="bbox 360 5417 1939 5494">
    <p class='ocr_par' dir='ltr' id='par_1_103' title="bbox 360 5417 1939 5494">
     <span class='ocr_line' id='line_1_103' title="bbox 360 5417 1939 5494; baseline 0.006 -27"><span class='ocrx_word' id='word_1_756' title='bbox 360 5417 628 5487; x_wconf 84' lang='grc' dir='ltr'><strong>γινομένη</strong></span> <span class='ocrx_word' id='word_1_757' title='bbox 663 5420 808 5482; x_wconf 80' lang='grc' dir='ltr'><strong>τινὸς</strong></span> <span class='ocrx_word' id='word_1_758' title='bbox 841 5422 972 5492; x_wconf 81' lang='grc' dir='ltr'><strong>ἡμῖν</strong></span> <span class='ocrx_word' id='word_1_759' title='bbox 1006 5423 1207 5490; x_wconf 86' lang='grc' dir='ltr'><strong>γνῶσις</strong></span> <span class='ocrx_word' id='word_1_760' title='bbox 1241 5424 1307 5476; x_wconf 84' lang='grc' dir='ltr'><strong>ὲκ</strong></span> <span class='ocrx_word' id='word_1_761' title='bbox 1342 5424 1596 5494; x_wconf 84' lang='grc' dir='ltr'><strong>θεωρίας,</strong></span> <span class='ocrx_word' id='word_1_762' title='bbox 1643 5424 1939 5494; x_wconf 88' lang='grc' dir='ltr'><strong>πρόσωπον</strong></span> 
     </span>
    </p>
   </div>
   <div class='ocr_carea' id='block_1_104' title="bbox 359 5506 1937 5585">
    <p class='ocr_par' dir='ltr' id='par_1_104' title="bbox 359 5506 1937 5585">
     <span class='ocr_line' id='line_1_104' title="bbox 359 5506 1937 5585; baseline 0.004 -24"><span class='ocrx_word' id='word_1_763' title='bbox 359 5506 525 5562; x_wconf 88' lang='grc' dir='ltr'><strong>τοῦτο</strong></span> <span class='ocrx_word' id='word_1_764' title='bbox 556 5509 817 5579; x_wconf 70' lang='grc' dir='ltr'><strong>ἐνεργοῦν</strong></span> <span class='ocrx_word' id='word_1_765' title='bbox 850 5512 1036 5566; x_wconf 74' lang='grc' dir='ltr'><strong>καλεῖν</strong></span> <span class='ocrx_word' id='word_1_766' title='bbox 1062 5516 1209 5585; x_wconf 77' lang='grc' dir='ltr'><strong>ἡμᾶς</strong></span> <span class='ocrx_word' id='word_1_767' title='bbox 1245 5513 1572 5570; x_wconf 82' lang='grc' dir='ltr'><strong>ἐκδιδάσκει.</strong></span> <span class='ocrx_word' id='word_1_768' title='bbox 1605 5508 1729 5567; x_wconf 73' lang='grc' dir='ltr'><strong>Οἷον</strong></span> <span class='ocrx_word' id='word_1_769' title='bbox 1760 5514 1937 5569; x_wconf 81' lang='grc' dir='ltr'><strong>Μελέ-</strong></span> 
     </span>
    </p>
   </div>
   <div class='ocr_carea' id='block_1_105' title="bbox 438 5677 811 5750">
    <p class='ocr_par' dir='ltr' id='par_1_105' title="bbox 438 5677 811 5750">
     <span class='ocr_line' id='line_1_105' title="bbox 438 5677 811 5750; baseline 0.008 -20"><span class='ocrx_word' id='word_1_770' title='bbox 438 5679 482 5710; x_wconf 65' lang='lat'>”</span> <span class='ocrx_word' id='word_1_771' title='bbox 520 5677 811 5750; x_wconf 75' lang='grc' dir='ltr'><strong>μετάθεσιν</strong></span> 
     </span>
    </p>
   </div>
   <div class='ocr_carea' id='block_1_106' title="bbox 2044 4597 3609 4670">
    <p class='ocr_par' dir='ltr' id='par_1_106' title="bbox 2044 4597 3609 4670">
     <span class='ocr_line' id='line_1_106' title="bbox 2044 4597 3609 4670; baseline -0.006 -17"><span class='ocrx_word' id='word_1_772' title='bbox 2044 4603 2208 4670; x_wconf 81' lang='lat' dir='ltr'><strong>dagra</strong></span> <span class='ocrx_word' id='word_1_773' title='bbox 2265 4600 2491 4662; x_wconf 89' lang='lat' dir='ltr'><strong>laboret,</strong></span> <span class='ocrx_word' id='word_1_774' title='bbox 2535 4600 2679 4667; x_wconf 88' lang='lat' dir='ltr'><strong>quod</strong></span> <span class='ocrx_word' id='word_1_775' title='bbox 2732 4600 3044 4653; x_wconf 85' lang='lat' dir='ltr'><strong>cicatricem</strong></span> <span class='ocrx_word' id='word_1_776' title='bbox 3094 4599 3146 4651; x_wconf 91' lang='lat' dir='ltr'><strong>in</strong></span> <span class='ocrx_word' id='word_1_777' title='bbox 3184 4597 3358 4651; x_wconf 90' lang='lat' dir='ltr'><strong>fronte</strong></span> <span class='ocrx_word' id='word_1_778' title='bbox 3393 4597 3609 4662; x_wconf 84' lang='lat' dir='ltr'><strong>habeat,</strong></span> 
     </span>
    </p>
   </div>
   <div class='ocr_carea' id='block_1_107' title="bbox 2044 4686 3613 4765">
    <p class='ocr_par' dir='ltr' id='par_1_107' title="bbox 2044 4686 3613 4765">
     <span class='ocr_line' id='line_1_107' title="bbox 2044 4686 3613 4765; baseline -0.006 -18"><span class='ocrx_word' id='word_1_779' title='bbox 2044 4695 2187 4765; x_wconf 88' lang='lat' dir='ltr'><strong>quod</strong></span> <span class='ocrx_word' id='word_1_780' title='bbox 2223 4691 2469 4759; x_wconf 81' lang='lat' dir='ltr'><strong>Gregorii</strong></span> <span class='ocrx_word' id='word_1_781' title='bbox 2526 4690 2667 4744; x_wconf 74' lang='lat' dir='ltr'><strong>[ilius</strong></span> <span class='ocrx_word' id='word_1_782' title='bbox 2693 4690 2784 4745; x_wconf 87' lang='lat' dir='ltr'><strong>sit.</strong></span> <span class='ocrx_word' id='word_1_783' title='bbox 2816 4688 2940 4745; x_wconf 70' lang='lat' dir='ltr'><strong>Haec</strong></span> <span class='ocrx_word' id='word_1_784' title='bbox 2984 4689 3128 4743; x_wconf 89' lang='lat' dir='ltr'><strong>enim</strong></span> <span class='ocrx_word' id='word_1_785' title='bbox 3153 4688 3332 4743; x_wconf 90' lang='lat' dir='ltr'><strong>omnia</strong></span> <span class='ocrx_word' id='word_1_786' title='bbox 3367 4686 3419 4739; x_wconf 92' lang='lat' dir='ltr'><strong>in</strong></span> <span class='ocrx_word' id='word_1_787' title='bbox 3446 4700 3613 4739; x_wconf 91' lang='lat' dir='ltr'><strong>unum</strong></span> 
     </span>
    </p>
   </div>
   <div class='ocr_carea' id='block_1_108' title="bbox 2046 4776 3615 4842">
    <p class='ocr_par' dir='ltr' id='par_1_108' title="bbox 2046 4776 3615 4842">
     <span class='ocr_line' id='line_1_108' title="bbox 2046 4776 3615 4842; baseline -0.008 -4"><span class='ocrx_word' id='word_1_788' title='bbox 2046 4784 2269 4838; x_wconf 88' lang='lat' dir='ltr'><strong>collecta</strong></span> <span class='ocrx_word' id='word_1_789' title='bbox 2309 4780 2578 4834; x_wconf 80' lang='lat' dir='ltr'><strong>Mcletium</strong></span> <span class='ocrx_word' id='word_1_790' title='bbox 2611 4795 2787 4834; x_wconf 91' lang='lat' dir='ltr'><strong>meum</strong></span> <span class='ocrx_word' id='word_1_791' title='bbox 2813 4778 3077 4841; x_wconf 80' lang='lat' dir='ltr'><strong>eﬂiciunt,</strong></span> <span class='ocrx_word' id='word_1_792' title='bbox 3118 4791 3218 4832; x_wconf 89' lang='lat' dir='ltr'><strong>nec</strong></span> <span class='ocrx_word' id='word_1_793' title='bbox 3272 4776 3387 4829; x_wconf 79' lang='lat' dir='ltr'><strong>fieri</strong></span> <span class='ocrx_word' id='word_1_794' title='bbox 3435 4782 3615 4842; x_wconf 86' lang='lat' dir='ltr'><strong>potest</strong></span> 
     </span>
    </p>
   </div>
   <div class='ocr_carea' id='block_1_109' title="bbox 2046 4867 3616 4941">
    <p class='ocr_par' dir='ltr' id='par_1_109' title="bbox 2046 4867 3616 4941">
     <span class='ocr_line' id='line_1_109' title="bbox 2046 4867 3616 4941; baseline -0.006 -13"><span class='ocrx_word' id='word_1_795' title='bbox 2046 4885 2104 4928; x_wconf 92' lang='lat' dir='ltr'><strong>ut</strong></span> <span class='ocrx_word' id='word_1_796' title='bbox 2158 4875 2211 4928; x_wconf 90' lang='lat' dir='ltr'><strong>in</strong></span> <span class='ocrx_word' id='word_1_797' title='bbox 2257 4872 2362 4927; x_wconf 90' lang='lat' dir='ltr'><strong>alio</strong></span> <span class='ocrx_word' id='word_1_798' title='bbox 2411 4873 2642 4941; x_wconf 87' lang='lat' dir='ltr'><strong>quodam</strong></span> <span class='ocrx_word' id='word_1_799' title='bbox 2688 4872 3002 4939; x_wconf 80' lang='lat' dir='ltr'><strong>cogitentur</strong></span> <span class='ocrx_word' id='word_1_800' title='bbox 3048 4886 3062 4922; x_wconf 90' lang='lat'><strong>:</strong></span> <span class='ocrx_word' id='word_1_801' title='bbox 3111 4867 3276 4921; x_wconf 88' lang='lat' dir='ltr'><strong>tnulta</strong></span> <span class='ocrx_word' id='word_1_802' title='bbox 3304 4867 3448 4920; x_wconf 84' lang='lat' dir='ltr'><strong>enim</strong></span> <span class='ocrx_word' id='word_1_803' title='bbox 3488 4874 3616 4919; x_wconf 89' lang='lat' dir='ltr'><strong>sunt</strong></span> 
     </span>
    </p>
   </div>
   <div class='ocr_carea' id='block_1_110' title="bbox 2046 4956 3010 5021">
    <p class='ocr_par' dir='ltr' id='par_1_110' title="bbox 2046 4956 3010 5021">
     <span class='ocr_line' id='line_1_110' title="bbox 2046 4956 3010 5021; baseline -0.008 -1"><span class='ocrx_word' id='word_1_804' title='bbox 2046 4966 2445 5021; x_wconf 87' lang='lat' dir='ltr'><strong>individuorum</strong></span> <span class='ocrx_word' id='word_1_805' title='bbox 2476 4961 2814 5014; x_wconf 62' lang='lat' dir='ltr'><strong>differentiae.</strong></span> <span class='ocrx_word' id='word_1_806' title='bbox 2968 4982 2969 4987; x_wconf 50' lang='grc' dir='ltr'><strong>η</strong></span> <span class='ocrx_word' id='word_1_807' title='bbox 3000 4956 3010 4966; x_wconf 85' lang='grc'><em>’</em></span> 
     </span>
    </p>
   </div>
   <div class='ocr_carea' id='block_1_111' title="bbox 2109 5047 3676 5123">
    <p class='ocr_par' dir='ltr' id='par_1_111' title="bbox 2109 5047 3676 5123">
     <span class='ocr_line' id='line_1_111' title="bbox 2109 5047 3676 5123; baseline -0.007 -14"><span class='ocrx_word' id='word_1_808' title='bbox 2109 5056 2312 5111; x_wconf 84' lang='lat' dir='ltr'><strong>Deinde</strong></span> <span class='ocrx_word' id='word_1_809' title='bbox 2332 5066 2617 5123; x_wconf 86' lang='lat' dir='ltr'><strong>personam</strong></span> <span class='ocrx_word' id='word_1_810' title='bbox 2639 5051 2902 5104; x_wconf 79' lang='lat' dir='ltr'><strong>definiunt</strong></span> <span class='ocrx_word' id='word_1_811' title='bbox 2923 5050 3002 5103; x_wconf 89' lang='lat' dir='ltr'><strong>sic</strong></span> <span class='ocrx_word' id='word_1_812' title='bbox 3035 5066 3048 5102; x_wconf 89' lang='lat'>:</span> <span class='ocrx_word' id='word_1_813' title='bbox 3077 5047 3315 5103; x_wconf 83' lang='lat' dir='ltr'><strong>Persona</strong></span> <span class='ocrx_word' id='word_1_814' title='bbox 3339 5058 3441 5111; x_wconf 81' lang='lat' dir='ltr'><strong>est,</strong></span> <span class='ocrx_word' id='word_1_815' title='bbox 3470 5062 3610 5113; x_wconf 63' lang='lat' dir='ltr'><strong>quae,</strong></span> <span class='ocrx_word' id='word_1_816' title='bbox 3673 5119 3676 5122; x_wconf 8' lang='grc' dir='ltr'><em>ῃ</em></span> 
     </span>
    </p>
   </div>
   <div class='ocr_carea' id='block_1_112' title="bbox 2044 5137 3615 5217">
    <p class='ocr_par' dir='ltr' id='par_1_112' title="bbox 2044 5137 3615 5217">
     <span class='ocr_line' id='line_1_112' title="bbox 2044 5137 3615 5217; baseline -0.008 -15"><span class='ocrx_word' id='word_1_817' title='bbox 2044 5163 2140 5217; x_wconf 89' lang='lat' dir='ltr'><strong>per</strong></span> <span class='ocrx_word' id='word_1_818' title='bbox 2169 5161 2298 5201; x_wconf 91' lang='lat' dir='ltr'><strong>suos</strong></span> <span class='ocrx_word' id='word_1_819' title='bbox 2323 5154 2477 5199; x_wconf 89' lang='lat' dir='ltr'><strong>actus</strong></span> <span class='ocrx_word' id='word_1_820' title='bbox 2506 5153 2560 5197; x_wconf 90' lang='lat' dir='ltr'><strong>et</strong></span> <span class='ocrx_word' id='word_1_821' title='bbox 2588 5140 3068 5212; x_wconf 78' lang='lat' dir='ltr'><strong>particulat‘itates,</strong></span> <span class='ocrx_word' id='word_1_822' title='bbox 3107 5140 3173 5192; x_wconf 86' lang='lat' dir='ltr'><strong>ab</strong></span> <span class='ocrx_word' id='word_1_823' title='bbox 3210 5141 3276 5193; x_wconf 86' lang='lat' dir='ltr'><strong>iis</strong></span> <span class='ocrx_word' id='word_1_824' title='bbox 3315 5154 3435 5207; x_wconf 76' lang='lat' dir='ltr'><strong>qua:</strong></span> <span class='ocrx_word' id='word_1_825' title='bbox 3478 5137 3615 5204; x_wconf 87' lang='lat' dir='ltr'><strong>ejus-</strong></span> 
     </span>
    </p>
   </div>
   <div class='ocr_carea' id='block_1_113' title="bbox 2041 5230 3614 5300">
    <p class='ocr_par' dir='ltr' id='par_1_113' title="bbox 2041 5230 3614 5300">
     <span class='ocr_line' id='line_1_113' title="bbox 2041 5230 3614 5300; baseline -0.008 -8"><span class='ocrx_word' id='word_1_826' title='bbox 2041 5239 2162 5293; x_wconf 90' lang='lat' dir='ltr'><strong>dem</strong></span> <span class='ocrx_word' id='word_1_827' title='bbox 2195 5248 2401 5293; x_wconf 72' lang='lat' dir='ltr'><strong>uaturze</strong></span> <span class='ocrx_word' id='word_1_828' title='bbox 2435 5244 2583 5300; x_wconf 91' lang='lat' dir='ltr'><strong>sunt,</strong></span> <span class='ocrx_word' id='word_1_829' title='bbox 2620 5234 2933 5287; x_wconf 88' lang='lat' dir='ltr'><strong>distinctam</strong></span> <span class='ocrx_word' id='word_1_830' title='bbox 2975 5247 3084 5299; x_wconf 71' lang='lat' dir='ltr'><strong>pra:</strong></span> <span class='ocrx_word' id='word_1_831' title='bbox 3123 5246 3181 5285; x_wconf 83' lang='lat' dir='ltr'><strong>se</strong></span> <span class='ocrx_word' id='word_1_832' title='bbox 3212 5230 3314 5283; x_wconf 85' lang='lat' dir='ltr'><strong>fert</strong></span> <span class='ocrx_word' id='word_1_833' title='bbox 3346 5230 3614 5296; x_wconf 88' lang='lat' dir='ltr'><strong>speciem.</strong></span> 
     </span>
    </p>
   </div>
   <div class='ocr_carea' id='block_1_114' title="bbox 2043 5318 3614 5397">
    <p class='ocr_par' dir='ltr' id='par_1_114' title="bbox 2043 5318 3614 5397">
     <span class='ocr_line' id='line_1_114' title="bbox 2043 5318 3614 5397; baseline -0.007 -15"><span class='ocrx_word' id='word_1_834' title='bbox 2043 5328 2100 5382; x_wconf 90' lang='lat' dir='ltr'><strong>Si</strong></span> <span class='ocrx_word' id='word_1_835' title='bbox 2131 5341 2289 5397; x_wconf 92' lang='lat' dir='ltr'><strong>quem</strong></span> <span class='ocrx_word' id='word_1_836' title='bbox 2315 5325 2479 5396; x_wconf 80' lang='lat' dir='ltr'><strong>igitur</strong></span> <span class='ocrx_word' id='word_1_837' title='bbox 2511 5339 2605 5392; x_wconf 77' lang='lat' dir='ltr'><strong>per</strong></span> <span class='ocrx_word' id='word_1_838' title='bbox 2632 5331 2812 5377; x_wconf 82' lang='lat' dir='ltr'><strong>actum</strong></span> <span class='ocrx_word' id='word_1_839' title='bbox 2840 5321 3275 5391; x_wconf 86' lang='lat' dir='ltr'><strong>qualemcunque</strong></span> <span class='ocrx_word' id='word_1_840' title='bbox 3308 5333 3427 5372; x_wconf 85' lang='lat' dir='ltr'><strong>sese</strong></span> <span class='ocrx_word' id='word_1_841' title='bbox 3454 5318 3614 5371; x_wconf 89' lang='lat' dir='ltr'><strong>nobis</strong></span> 
     </span>
    </p>
   </div>
   <div class='ocr_carea' id='block_1_115' title="bbox 2044 5410 3613 5483">
    <p class='ocr_par' dir='ltr' id='par_1_115' title="bbox 2044 5410 3613 5483">
     <span class='ocr_line' id='line_1_115' title="bbox 2044 5410 3613 5483; baseline -0.008 -9"><span class='ocrx_word' id='word_1_842' title='bbox 2044 5417 2484 5474; x_wconf 67' lang='lat' dir='ltr'><strong>manifestantcnz.</strong></span> <span class='ocrx_word' id='word_1_843' title='bbox 2534 5417 2799 5479; x_wconf 83' lang='lat' dir='ltr'><strong>videmus,</strong></span> <span class='ocrx_word' id='word_1_844' title='bbox 2858 5428 3147 5483; x_wconf 85' lang='lat' dir='ltr'><strong>personam</strong></span> <span class='ocrx_word' id='word_1_845' title='bbox 3204 5412 3434 5466; x_wconf 86' lang='lat' dir='ltr'><strong>activam</strong></span> <span class='ocrx_word' id='word_1_846' title='bbox 3475 5410 3613 5463; x_wconf 88' lang='lat' dir='ltr'><strong>hanc</strong></span> 
     </span>
    </p>
   </div>
   <div class='ocr_carea' id='block_1_116' title="bbox 2043 5499 3620 5582">
    <p class='ocr_par' dir='ltr' id='par_1_116' title="bbox 2043 5499 3620 5582">
     <span class='ocr_line' id='line_1_116' title="bbox 2043 5499 3620 5582; baseline -0.006 -15"><span class='ocrx_word' id='word_1_847' title='bbox 2043 5511 2313 5582; x_wconf 87' lang='lat' dir='ltr'><strong>appellare</strong></span> <span class='ocrx_word' id='word_1_848' title='bbox 2346 5508 2600 5565; x_wconf 85' lang='lat' dir='ltr'><strong>solemus.</strong></span> <span class='ocrx_word' id='word_1_849' title='bbox 2627 5506 2716 5562; x_wconf 89' lang='lat' dir='ltr'><strong>Sic</strong></span> <span class='ocrx_word' id='word_1_850' title='bbox 2735 5506 2979 5561; x_wconf 83' lang='lat' dir='ltr'><strong>Meletius</strong></span> <span class='ocrx_word' id='word_1_851' title='bbox 3005 5519 3176 5570; x_wconf 87' lang='lat' dir='ltr'><strong>meus,</strong></span> <span class='ocrx_word' id='word_1_852' title='bbox 3203 5504 3414 5575; x_wconf 86' lang='lat' dir='ltr'><strong>quando</strong></span> <span class='ocrx_word' id='word_1_853' title='bbox 3437 5499 3620 5572; x_wconf 75' lang='lat' dir='ltr'><strong>explo-</strong></span> 
     </span>
    </p>
   </div>
  </div>
