3944 6152
481 289 617 352 1507

1782 278 2059 336 MELETII
2105 276 2416 335 MONACIII

3606 280 3722 338 1308

481 419 592 475 rat,
631 414 728 463 aut
755 419 945 462 venam
999 403 1211 471 incidit,
1262 411 1357 459 aut
1390 404 1501 459 urit
1543 402 1805 474 aliquem,
1855 390 2077 458 distin-P

2189 416 2276 461 τιος
2295 401 2324 452 6
2348 397 2509 470 ἐμὸς,
2534 397 2624 451 ὅτε
2643 395 2816 460 ἑστὼς
2839 394 3235 464 ἀναγινώσκει,
3264 394 3299 466 ἢ
3332 372 3664 464 φλεδοτομεῖ,
3693 395 3721 468 ἢ

484 509 634 556 ctum
698 513 732 553 a
789 495 1005 552 ceteris
1063 496 1323 552 fratribus
1375 510 1434 551 se
1473 497 1726 566 praebet:
1773 502 2060 564 propterea

484 591 845 654 individuum,
877 589 1022 655 quod
1050 602 1148 659 per
1191 603 1320 643 suas
1354 589 1636 658 prosprias
1673 588 1918 643 actiones
1951 588 2063 642 dis-

485 685 750 754 tinguitur
797 698 827 738 a
861 682 1095 746 caeteris,
1130 691 1399 750 quatenus
1456 681 1574 734 haec
1628 679 1779 746 facit,
1829 694 2064 748 persona

485 774 710 830 dicitur.
746 772 866 829 .lam
897 786 1028 826 vero
1061 786 1171 827 non
1214 773 1445 840 amplius
1477 769 1680 825 Meletii
1735 770 1908 825 solius
1934 769 2063 824 illud

487 865 687 927 factum
719 872 802 920 est
833 862 1184 934 particulare,
1234 862 1378 931 quod
1426 862 1671 930 exploret
1721 869 1814 915 aut
1875 874 2064 914 venam

490 956 716 1019 incidat,
755 955 849 1010 sed
885 954 1145 1024 Stephani
1175 968 1392 1022 quoque
1418 962 1473 1005 et
1512 951 1716 1007 Nicolai
1749 967 1763 1006 :
1795 951 2064 1022 ejusmodi

485 1050 630 1104 enim
661 1046 1011 1117 operationes
1046 1044 1354 1108 rationalis,
1379 1059 1482 1097 non
1509 1044 1645 1096 alius
1675 1053 1884 1097 natura:
1917 1052 2065 1105 sunt,

487 1140 754 1210 siquidem
782 1149 999 1205 semper
1028 1150 1092 1190 ea
1117 1148 1236 1203 qua:
1266 1135 1511 1187 eamdem
1533 1133 1806 1202 energiam
1837 1132 2065 1192 habent,

488 1235 732 1306 ejusdem
765 1230 1084 1287 substantiae
1105 1242 1228 1283 esse
1247 1227 1448 1292 solent,
1475 1227 1644 1296 quod,
1665 1224 1886 1294 quando
1913 1224 1979 1277 de
2003 1223 2068 1275 iis

490 1341 611 1396 quae
633 1333 762 1380 sunt
789 1323 1016 1378 diversa:
1047 1329 1270 1386 natura},
1303 1319 1499 1389 agitur,
1521 1317 1875 1388 improbabile
1891 1314 2066 1369 etint-

491 1416 752 1487 possibile
787 1423 891 1470 est.
919 1413 1184 1468 Craterum
1215 1427 1336 1481 qua:
1364 1411 1722 1480 heterogenea
1754 1418 1807 1462 et
1838 1409 2067 1463 diversae

494 1517 700 1564 naturae
723 1518 874 1573 sunt,
915 1506 1160 1564 eamdem
1188 1503 1390 1558 habere
1411 1502 1712 1571 energiam,
1746 1501 2068 1571 prudentio-

495 1616 614 1657 rum
653 1615 814 1653 nemo
841 1596 1141 1653 concedet:
1189 1610 1362 1663 neque
1391 1595 1536 1648 enim
1571 1593 1710 1663 ignis
1753 1593 2065 1664 refrigerat,

495 1705 672 1762 neque
704 1690 905 1761 glacies
937 1689 1224 1754 calefacit;
1253 1687 1531 1756 multiplex
1572 1695 1752 1741 autem
1785 1699 1870 1741 est
1897 1701 2068 1740 ener-

493 1783 594 1854 gia:
622 1783 790 1836 notio.

567 1876 779 1932 Dicitur
809 1874 951 1929 enim
982 1873 1203 1942 energia
1237 1871 1470 1940 primum
1506 1869 1764 1939 cogitatio
1812 1868 1864 1923 itt
1891 1877 2072 1922 mente

496 1967 822 2029 subsistens,
872 1975 1034 2034 atque
1061 1973 1142 2017 est
1171 1963 1400 2032 simplex
1426 1973 1478 2015 et
1509 1963 1821 2016 necessaria
1855 1961 2075 2029 energia

497 2060 720 2124 mentis,
749 2073 869 2128 qua:
895 2057 1152 2112 invisibili
1180 2058 1339 2112 modo
1376 2056 1518 2109 intra
1569 2070 1630 2111 se
1663 2054 1833 2110 volvit
1870 2054 2076 2121 cogita-

501 2155 675 2209 tiones
693 2166 841 2215 suas,
861 2151 979 2205 sine
997 2151 1193 2220 quibus
1220 2163 1319 2203 nec
1350 2163 1502 2202 mens
1525 2147 1628 2200 dici
1652 2145 1848 2216 possit.
1867 2145 2077 2199 Deinde

500 2243 720 2315 energia
765 2243 966 2296 dicitur
1016 2240 1403 2310 cogitationum
1453 2236 1830 2292 manifestatio
1880 2247 1935 2289 et
1965 2250 2066 2288 ex-

503 2335 724 2405 plicatio
744 2349 864 2403 qua:
889 2335 948 2385 lit
971 2345 1067 2400 per
1095 2331 1259 2383 verba
1301 2329 1443 2399 :jant
1476 2343 1605 2382 vero
1634 2328 1750 2380 haec
1776 2340 1957 2396 neque
1993 2338 2082 2380 ne-

503 2426 742 2482 cessaria
767 2435 848 2480 est
875 2437 1052 2492 neque
1083 2420 1338 2488 simplex,
1372 2422 1465 2472 sed
1501 2419 1825 2474 relationem
1873 2419 2075 2483 habet;

506 2519 622 2586 ipsa
659 2517 803 2570 enim
839 2515 1052 2576 relatio,
1087 2525 1250 2580 quam
1290 2524 1456 2578 agens
1487 2509 1654 2562 habet
1709 2511 1775 2562 ad
1824 2509 1876 2562 id
1934 2508 2078 2576 quod

507 2609 589 2672 fit,
628 2607 848 2676 energia
887 2604 1131 2674 quaedam
1159 2610 1260 2666 est,
1297 2613 1351 2655 et
1384 2602 1587 2670 pariter
1612 2601 1663 2654 id
1695 2615 1911 2669 quoque
1936 2600 2078 2668 quod

509 2704 588 2756 lit.
638 2700 802 2755 Verbi
858 2712 1044 2764 causa,
1086 2711 1240 2751 mens
1296 2709 1415 2749 mea
1472 2694 1714 2748 vulneris
1770 2691 2080 2747 cicatricem

507 2791 777 2862 praevidit,
813 2804 1004 2844 manus
1029 2802 1149 2842 mea
1176 2787 1426 2854 curavit,
1473 2794 1528 2839 et
1560 2800 1723 2840 causa
1771 2784 2036 2853 disparuit
2065 2803 2079 2840 :

507 2898 690 2940 nonne
717 2883 910 2938 horum
935 2882 1164 2949 quodvis
1198 2881 1511 2950 energicum
1539 2879 1636 2934 tibi
1666 2878 1908 2933 videtur?
1938 2877 2084 2948 Ope-

509 2976 682 3032 rantis
703 2975 925 3030 omnino
949 2986 1072 3028 esse
1107 2972 1277 3026 dices.
1310 2971 1574 3026 Nimirum
1605 2971 1800 3025 anima:
1837 2980 1919 3025 est
1953 2971 2086 3024 sim-

2175 488 2322 542 καίει
2353 487 2498 554 τινά,
2545 486 2987 558 ἀποκεκριμένον
3017 485 3216 538 ἐαυτὸν
3251 484 3364 538 τῶν
3414 484 3612 538 λοιπῶν
3631 486 3721 538 δεί-

2171 595 2364 633 κνυσιν
2379 578 2628 648 ἀδελφῶν
2651 595 2667 610 ·
2691 578 2835 633 ὥστε
2856 578 2918 631 τὸ
2941 578 3030 632 διά
3051 576 3164 631 τῶν
3193 578 3414 632 οἰκείων
3435 577 3721 648 ἐνεργειῶν,

2170 673 2280 727 τῶν
2302 672 2507 726 λοιπῶν
2529 670 2932 743 διαιρούμενον,
2955 670 3160 742 ἄτομον
3179 671 3474 741 πρόσωπον
3505 669 3725 723 καλεῖται

2171 768 2355 822 τοιάδε
2386 768 2595 823 ποιοῦν.
2643 769 2814 822 Τοῦτο
2847 769 2905 821 δέ
2931 769 3032 822 οὐκ
3081 768 3165 822 ἐτι
3198 768 3470 822 Μελετίου
3502 768 3652 836 τυχὸν
3676 767 3728 820 τὸ

2173 858 2458 930 ἐνέργημα
2501 857 2662 929 μόνον
2693 859 3249 929 ἀποκεχειρισμένον,
3279 857 3672 927 ἀναγινώσκειν
3701 857 3728 926 ἧ

2176 950 2534 1022 φλεῦοτομεξν
2564 952 2630 1017 ⁸⁸,
2671 951 2809 1004 ἀλλὰ
2841 953 2936 1006 καὶ
2987 952 3268 1020 Στεφάνου
3316 954 3411 1004 καὶ
3454 951 3728 1005 Νικολάουθ

2173 1041 2406 1111 λογικῆς
2441 1043 2550 1111 γάρ
2573 1043 2689 1095 ἐστι
2728 1041 2948 1113 φύσεως
2976 1043 3046 1096 τὰ
3081 1042 3310 1096 τοιαῦτα
3339 1045 3506 1116 ἔργα,
3540 1043 3626 1096 καὶ
3649 1043 3732 1095 οὐκ

2174 1133 2344 1204 ἄλλης
2364 1151 2376 1164 ·
2415 1134 2562 1200 φιλεί
2592 1134 2700 1205 γὰρ
2728 1135 2815 1188 ἀεὶ
2841 1134 2908 1187 τὰ
2929 1136 3030 1204 τὴν
3055 1134 3227 1206 αὐτὴν
3256 1135 3543 1205 ἐνέργειαν
3567 1134 3733 1204 ἔχοντα

2174 1223 2274 1293 τῆς
2313 1223 2483 1293 αὐτῆς
2523 1224 2793 1294 ὑπάρχειν
2849 1224 3036 1288 οὐσίας
3065 1241 3078 1257 ·
3113 1208 3211 1279 καὶ
3266 1225 3330 1278 τὸ
3381 1225 3669 1296 ἐτεροφυὲς
3686 1226 3735 1277 ἐν

2175 1313 2388 1377 τούτοις
2420 1313 2687 1370 ἀπίθανον
2719 1316 2812 1369 καὶ
2841 1316 3215 1371 ἀνεπίδεκτον.
3246 1318 3329 1372 Τά
3378 1319 3662 1388 ἑτερογενῆ
3688 1316 3734 1369 δὲ

2178 1402 2274 1456 καὶ
2297 1403 2568 1474 ἐτεροφυῆ
2604 1404 2705 1474 τὴν
2741 1405 2915 1475 αὐτὴν
2947 1407 3232 1476 ἐνέργειαν
3268 1406 3371 1460 οὐκ
3415 1406 3483 1460 ἄν
3512 1423 3591 1469 τις
3611 1405 3735 1476 ἔχειν

2176 1493 2292 1566 δοίη
2333 1497 2628 1566 σωφρονῶν
2655 1513 2670 1530 ο
2707 1499 2832 1550 οὔτε
2864 1498 2972 1568 γάρ
2999 1497 3168 1569 ψυχεῖ
3192 1498 3253 1552 τὸ
3301 1498 3440 1571 πῦρ,
3477 1497 3598 1552 οὔτε
3630 1497 3737 1567 059-

2183 1585 2364 1654 μαίνει
2398 1586 2428 1637 6
2459 1586 2797 1655 κρύσταλλος
2824 1603 2838 1618 ³
2876 1589 3196 1661 πολύσημος
3239 1589 3297 1648 δέ
3326 1591 3449 1644 ἐστι
3479 1591 3576 1661 τῆς
3604 1589 3736 1659 gilii"

2178 1676 2338 1744 γείας
2372 1679 2613 1752 ήφωνή.

2246 1892 2484 1960 Λέγεται
2514 1893 2624 1964 γὰρ
2646 1893 2903 1964 ἐνέργεια
2921 1894 2982 1949 τὸ
3008 1894 3228 1967 πρῶτον
3247 1896 3308 1950 ἐν
3327 1896 3411 1950 νοτ
3434 1894 3738 1962 συνιστάμεο

2177 2000 2268 2038 νον
2290 1985 2472 2056 νόημα
2496 2003 2511 2017 θ
2571 1987 2666 2039 καὶ
2700 1987 2850 2039 ἐστιν
2896 1988 3043 2057 ἁπλῆ
3077 1988 3172 2041 καὶ
3229 1988 3466 2059 ἄσχετος
3513 1989 3736 2059 ἐνέργεια

2177 2074 2274 2129 τοῦ
2307 2077 2420 2140 νοῦ,
2457 2076 2583 2130 καθ’
2623 2078 2793 2132 αὑτὸν
2833 2079 3064 2148 ἀφανῶς
3092 2081 3162 2134 τὰ
3191 2079 3301 2134 ίδια
3332 2081 3598 2151 νοήματα
3627 2095 3738 2148 προ-

2179 2168 2515 2238 ϐαλλομένου
2542 2186 2555 2202 ο
2577 2163 2655 2223 ὧν
2687 2170 2861 2240 χωρὶς
2894 2171 3019 2225 οὺδέ
3046 2170 3174 2235 νοῦς
3205 2171 3273 2226 ἂν
3303 2172 3562 2244 κληθείη.
3596 2170 3740 2237 Λέγε-

2177 2274 2270 2311 ται
2323 2257 2487 2312 πάλιν
2520 2258 2792 2329 ἐνέργεια,
2824 2261 2857 2328 ἡ
2889 2259 2977 2314 διὰ
3008 2260 3110 2330 τῆς
3145 2262 3435 2331 προφορᾶς
3481 2258 3575 2313 τοῦ
3604 2259 3738 2326 λόγου

2180 2349 2490 2420 φανέρωσις
2524 2350 2616 2404 καὶ
2647 2349 2960 2414 ἐξάπλωσις
2987 2351 3097 2405 τῶν
3131 2349 3478 2420 νενοημένων
3500 2363 3512 2374 ·
3547 2347 3674 2416 αὕτη
3695 2346 3741 2400 δέ

2179 2440 2281 2494 οὐκ
2328 2440 2408 2494 ἐτι
2437 2441 2666 2511 ἀσχετος
2695 2442 2790 2495 καὶ
2837 2441 3006 2510 ἁπλῆ,
3036 2440 3154 2494 ἀλλ’
3209 2442 3271 2493 ἐν
3307 2440 3495 2511 σχέσει
3538 2439 3742 2508 θεωρον·

2185 2531 2322 2602 μένη
2349 2547 2363 2560 ⁸
2399 2531 2628 2601 καὶγὰρ
2667 2532 2806 2602 αὑτὴ
2833 2533 2867 2601 ὴ
2901 2532 3112 2602 σχέσις,
3142 2531 3210 2602 ἢν
3245 2531 3362 2601 ἔχει
3412 2530 3554 2600 πρὸς
3587 2528 3644 2581 τδ
3674 2543 3742 2595 γι-

2182 2624 2407 2693 νόμενον
2437 2624 2465 2676 ό
2497 2622 2690 2685 ποιῶν,
2719 2623 2974 2693 ἐνέργειά
3009 2623 3092 2685 τίς
3117 2623 3237 2676 ἐστι
3269 2637 3283 2652 ⁸
3315 2621 3413 2675 καὶ
3439 2621 3579 2691 αὑτὴ
3599 2617 3742 2672 πάλιν

2181 2713 2243 2767 τὸ
2289 2713 2726 2785 ἀποτελούμενον
2761 2715 2984 2785 ὁμοίως.
3011 2709 3167 2781 .Οἷον,
3217 2711 3610 2784 προεθεώρησέ
3655 2726 3742 2780 μου

2182 2807 2211 2860 ὁ
2237 2804 2361 2868 νοῦς
2383 2805 2446 2859 τὸ
2468 2806 2628 2870 ἐλκος
2657 2805 2753 2860 τοῦ
2787 2807 3126 2876 τραύματος,
3159 2805 3567 2876 ἐχειρούργησέ
3596 2818 3686 2873 μου
3713 2800 3740 2868 ἡ

2184 2899 2324 2969 χεὶρ,
2348 2899 2444 2952 καὶ
2472 2897 2781 2967 ἐξεκενώθη
2828 2897 2891 2951 τὸ
2917 2899 3122 2952 αῐτιον·
3177 2895 3524 2967 ἀπετελέσθη
3547 2898 3576 2948 6
3603 2891 3744 2946 ἀσθε-

2186 2989 2292 3043 νῶν
2319 2989 2510 3060 ύγιής’
2561 2986 2651 3060 ἆρ’
2699 2985 2793 3044 οὖν
2825 2990 2976 3043 δοκεῖ
3001 3006 3085 3043 σοι
3113 2989 3326 3043 τούτων
3353 2988 3590 3045 ἕκαστον
3613 2987 3747 3051 ἐνερ-

507 3065 723 3135 pliciter
740 3065 1002 3132 cogitare,
1029 3061 1096 3116 de
1126 3076 1290 3115 causa
1318 3061 1551 3126 scilicet,
1592 3060 1787 3115 anima:
1814 3071 1997 3114 autem
2033 3070 2080 3114 et

2189 3081 2317 3146 γόν;
2349 3080 2456 3133 Τοῦ
2479 3081 2765 3144 ποιοῦντος
2804 3077 2946 3134 εἶναι
2976 3080 3196 3143 πάντως
3225 3080 3398 3149 ἐρεῖς.
3427 3078 3541 3132 Καὶ
3577 3075 3636 3128 τὺ
3663 3072 3749 3144 μέν

507 3155 777 3224 corporis,
815 3168 1040 3217 curare;
1079 3153 1312 3219 cnergia
1344 3161 1527 3207 autem
1572 3151 1720 3219 ﬁnis,
1763 3161 1821 3206 ut
1850 3163 2080 3222 aegrotus

2189 3143 2311 3222 ἐστι⁷
2332 3171 2514 3241 ψυχῆς
2552 3143 2826 3234 ἀπλῶςῖτὸ
2854 3171 3050 3241 νοῆσαι
3071 3143 3326 3240 δηλονότι
3353 3169 3418 3222 τὸ
3457 3169 3629 3224 αῐτιον
3651 3143 3675 3196 '7
3701 3162 3750 3214 τὺ

509 3249 802 3303 sanitatem
843 3253 1146 3313 recuperet.
1189 3241 1309 3297 Jam
1351 3243 1397 3297 si
1429 3244 1604 3312 ipsam
1646 3244 1813 3297 vitam
1839 3255 2082 3299 nostram

510 3340 827 3402 humanam,
878 3348 982 3404 qua
1031 3334 1097 3386 ad
1149 3332 1328 3387 cibum
1375 3342 1671 3402 potumque
1720 3334 2083 3400 appetendum

509 3429 883 3500 propellimur,
927 3425 1206 3496 energiant
1256 3423 1560 3488 vocaveris,
1610 3438 1953 3495 nequaquam
1993 3439 2085 3480 er-

510 3522 675 3576 rabis.

586 3692 704 3746 Vita
735 3693 896 3759 igitur
924 3706 1141 3761 quoque
1177 3700 1259 3746 est
1296 3692 1536 3761 energia,
1570 3702 1627 3746 et
1663 3693 1835 3760 prima
1867 3692 2085 3761 quidem

513 3783 765 3838 animalis
784 3783 1002 3849 energia
1028 3799 1042 3846 ;
1065 3781 1177 3850 jam
1213 3783 1256 3834 si
1294 3797 1400 3836 non
1428 3781 1670 3850 energia,
1707 3780 1939 3838 aﬂ'ectus
1971 3799 2090 3836 om-

515 3877 647 3930 nino
675 3875 815 3927 erit:
851 3873 1076 3926 all'ectus
1115 3881 1296 3926 autem
1330 3875 1548 3940 energia
1586 3881 1668 3927 est
1695 3883 1870 3927 motus
1899 3884 2088 3928 contra

515 3975 790 4028 naturam,
831 3963 1074 4031 quodest
1098 3963 1389 4015 absurdum
1417 3979 1431 4014 :
1455 3975 1586 4031 ergo
1608 3962 1720 4016 vita
1749 3964 1972 4020 omnino
2007 3975 2092 4021 est

515 4055 758 4123 energia.
806 4054 980 4107 Etiam
1000 4053 1538 4116 voluntas,_emente
1558 4054 1822 4122 originem
1863 4054 2088 4121 ducens,

515 4146 737 4215 energia
766 4154 851 4200 est
879 4157 895 4197 :
925 4158 1077 4197 utens
1102 4143 1246 4197 enim
1279 4159 1506 4199 suorum
1538 4155 1780 4199 motuum
1805 4153 1859 4198 et
1882 4146 2090 4213 cogita-

515 4237 721 4291 tionum
749 4247 830 4291 est
850 4237 1021 4305 prima
1056 4249 1222 4288 causa
1270 4253 1299 4301 ι,
1340 4235 1580 4304 qualitas
1627 4245 1810 4290 autem
1850 4246 2092 4290 motuum

516 4337 598 4382 est
627 4327 882 4381 voluntas
933 4327 1000 4380 ad
1056 4341 1172 4379 rem
1229 4326 1668 4394 qualemcunque
1707 4324 1934 4379 directa.
1974 4323 2092 4379 Jam

518 4428 783 4485 quatenus
803 4426 885 4470 est
914 4415 1184 4480 voluntas,
1239 4423 1322 4468 est
1360 4414 1581 4483 quidem
1610 4413 1930 4484 simpliciter
1967 4429 2093 4478 una,

519 4508 617 4564 sed
655 4523 834 4563 rerum
868 4507 1221 4576 qualitatibus
1245 4504 1640 4560 etdilferentiis
1665 4514 1889 4560 mutata.
1919 4505 2097 4572 Quare

520 4615 626 4654 non
663 4616 825 4654 unum
860 4600 1113 4668 idemque
1137 4607 1220 4652 est
1243 4598 1438 4658 anima:
1470 4599 1773 4654 substantia
1815 4608 1871 4654 et
1898 4614 2095 4669 corpo-

523 4692 598 4748 ris
625 4691 920 4756 inclinatio,
950 4691 1044 4745 sed
1078 4691 1164 4744 illa
1193 4689 1409 4760 quidem
1436 4699 1519 4745 est
1540 4706 1674 4760 opus
1701 4691 1822 4754 Dei,
1855 4691 1970 4745 haec
1997 4707 2096 4744 au-

521 4791 629 4836 tem
663 4796 728 4836 ex
759 4781 911 4836 nobis
935 4780 1065 4850 ipsis
1091 4780 1324 4835 oriunda
1351 4781 1642 4850 pr0pensio
1663 4782 1728 4835 ad
1759 4782 1831 4845 id,
1853 4781 1920 4835 ad
1950 4782 2094 4851 quod

521 4871 664 4924 illam
693 4884 907 4924 movere
932 4871 1234 4926 studemus.
1269 4870 1532 4926 Voluntas
1569 4871 1736 4934 enim,
1772 4886 1867 4940 per
1890 4887 1971 4937 se,
2011 4873 2094 4926 in-

522 4971 710 5018 natum
762 4961 892 5031 quid
943 4971 1048 5028 est,
1080 4973 1136 5016 et
1201 4977 1230 5015 a
1263 4961 1374 5017 Deo
1400 4962 1661 5032 originem
1692 4964 1925 5029 ducens;
1976 4963 2100 5018 talis

521 5069 648 5107 vero
673 5063 765 5108 attt
789 5053 912 5109 talis
937 5053 1188 5109 voluntas
1210 5055 1278 5108 ad
1300 5069 1401 5112 nos
1424 5063 1660 5123 pertinet
1683 5062 1738 5109 et
1759 5055 1825 5108 ad
1849 5063 2094 5110 nostrum

519 5145 824 5200 arbitrium.

593 5234 918 5290 Deliberatio
971 5243 1153 5289 autem
1201 5243 1285 5290 est
1325 5235 1632 5304 disquisitio
1674 5235 1741 5290 de
1787 5235 2049 5291 faciendis
2084 5253 2097 5290 :

523 5326 885 5380 deliberamus
911 5328 1054 5381 enim
1087 5329 1151 5382 dc
1183 5328 1251 5382 iis
1284 5343 1404 5396 quae
1431 5328 1804 5392 indiﬂ‘erenter
1864 5328 2100 5398 possibi-

525 5417 590 5470 lia
617 5427 765 5472 sunt.
800 5415 918 5472 iam
946 5434 1074 5474 vero
1108 5419 1484 5477 indifferenter
1516 5422 1794 5492 possibilia
1825 5428 1958 5476 sunt
1977 5435 2100 5492 quae

525 5521 615 5570 aut
649 5509 829 5565 facere
865 5527 1176 5581 possumus,
1215 5522 1308 5569 aut
1346 5530 1473 5583 non,
1509 5515 1657 5571 verbi
1688 5530 1881 5582 causa,
1913 5514 2100 5569 ambu-

600 5690 644 5722 θ’
680 5690 804 5740 πελε
813 5691 910 5757 κᾷν
951 5689 1012 5744 Ρ.

2187 3261 2242 3312 δὲ
2279 3259 2458 3331 ψυχῆς
2494 3261 2587 3314 καὶ
2624 3261 2896 3329 σώματος,
2926 3254 3040 3314 οἷον
3067 3259 3129 3312 τὸ
3159 3258 3567 3330 χειρουργῆσαι
3589 3272 3601 3282 ·
3632 3252 3751 3322 πλὴΰ

2187 3352 2288 3422 τῆς
2314 3351 2598 3423 ἐνεργείας
2629 3349 2839 3404 ἔνεστιν
2865 3348 3219 3422 ἀποτέλεσμα
3251 3349 3312 3402 τὸ
3341 3345 3663 3417 ἐγγενέσθαι
3679 3341 3754 3396 τὸν

2187 3443 2523 3498 ἀσθενοῦντα
2550 3441 2679 3510 ὑγιῆ
2709 3457 2725 3472 ο
2777 3440 3066 3510 ἐνέργειαν
3090 3439 3146 3492 δὲ
3182 3439 3279 3493 καὶ
3307 3441 3411 3508 τὴν
3443 3437 3592 3507 ζωὴν
3617 3431 3752 3504 ἡμῶν

2187 3531 2288 3600 τὴν
2317 3531 2458 3584 κατὰ
2491 3529 2804 3599 ἄνθρωπον,
2841 3527 2967 3580 καθ’
2989 3527 3057 3598 ἥν
3088 3525 3392 3596 κινούμεθα
3428 3527 3569 3596 πρὸς
3598 3520 3752 3592 ὄρεξιν

2189 3621 2404 3694 τροφῶν
2435 3621 2468 3692 ἢ
2505 3619 2694 3683 ποτοῦ,
2729 3617 2900 3670 εἰπὼν
2932 3618 3033 3671 οὐκ
3058 3617 3124 3672 ἂν
3161 3617 3445 3687 ἁμάρτῃς.

2273 3714 2556 3784 Ἐνέργεια
2580 3708 2676 3764 οὖν
2715 3712 2811 3766 καὶ
2837 3713 2870 3781 ἡ
2901 3709 3040 3780 ζωὴ,
3070 3711 3168 3762 καὶ
3190 3709 3223 3778 ή
3248 3707 3448 3780 πρώτη
3497 3706 3594 3761 τοῦ
3635 3702 3754 3769 ζῶον

2189 3805 2443 3876 ἐνέργεια
2463 3821 2476 3834 ·
2510 3805 2558 3856 εξ
2585 3804 2640 3858 δὲ
2671 3803 2746 3874 μὴ
2775 3804 3052 3873 ἐνέργεια,
3089 3801 3308 3864 πάντως
3356 3800 3576 3863 πάθος·
3609 3795 3756 3854 πάθος

2191 3896 2301 3966 γάρ
2332 3895 2606 3964 ἐνέργεια,
2636 3896 2670 3964 ἡ
2707 3892 2862 3964 παρά
2893 3891 3058 3962 φύσιν
3081 3891 3327 3962 κίνησιςο
3361 3890 3513 3962 ὅπερ
3545 3889 3754 3944 ἄτοπον·

2192 3985 2389 4038 οὐκοῦν
2436 3983 2689 4054 ἐνέργεια
2733 3982 2952 4048 πάντως
2995 3982 3030 4050 ἡ
3072 3979 3210 4050 ζωή.
3267 3977 3570 4048 Ἐνέργεια
3605 3973 3694 4030 καὶ
3723 3971 3757 4040 -ή

2196 4075 2437 4144 θέλησις,
2467 4075 2717 4144 γέννημα
2764 4068 2901 4127 οῦσα
2935 4071 3055 4134 νοός
3075 4088 3090 4102 ·
3130 4071 3256 4133 νοῦς
3298 4070 3401 4141 μὲν
3449 4070 3564 4141 γάρ
3589 4067 3690 4122 τῶν
3713 4066 3760 4116 ἐν

2195 4167 2345 4236 αὐτῷ
2362 4167 2636 4236 κινήσεων
2657 4165 2751 4220 καὶ
2773 4163 2994 4218 ἐννοιῶν
3024 4163 3542 4233 προκαταρκτικόςο
3564 4158 3761 4224 ποιότης

2195 4253 2251 4307 δέ
2278 4255 2620 4324 κινημάτων,
2658 4256 2692 4325 ἡ
2723 4257 2810 4324 ἐφ’
2843 4252 3054 4321 ὁτῳοῦν
3089 4254 3186 4307 καὶ
3235 4250 3324 4320 ἐφ’
3351 4253 3580 4322 ἑκάστῳ
3629 4249 3762 4317 θέλη-

2200 4364 2285 4410 σις
2307 4363 2323 4378 ο
2369 4345 2648 4416 μονοειδὴς
2685 4347 2786 4416 μέν
2817 4364 2902 4410 τις
2929 4342 3068 4399 οὖσα
3096 4344 3242 4402 κατὰ
3275 4360 3340 4412 γε
3367 4344 3430 4398 τὸ
3454 4340 3601 4398 εἶναι
3631 4340 3761 4404 θέλη-

2201 4454 2285 4499 σις
2315 4437 2533 4500 ἁπλῶς’
2593 4438 2714 4499 ταῖς
2764 4436 2822 4488 δὲ
2854 4436 2968 4489 τῶν
3024 4433 3372 4504 πραγμάτων
3407 4433 3662 4502 ποιότησι
3685 4427 3761 4484 καὶ

2202 4526 2486 4598 διαφοραῖς
2505 4526 2948 4597 ἐξαλλασσομένη
2965 4543 2980 4557 ο
3007 4526 3089 4578 ὅτι
3114 4526 3176 4578 ού
3197 4524 3397 4579 ταύτὸν
3421 4525 3608 4594 ψυχῆς
3629 4517 3760 4590 οὐσίᾳ

2203 4617 2298 4669 καὶ
2346 4615 2598 4686 σώματος
2633 4615 2959 4686 προαίρεσις
2985 4631 2999 4646 ο
3031 4613 3149 4668 ἀλλ’
3197 4615 3231 4682 ἠ
3268 4612 3371 4685 μέν
3425 4615 3586 4667 ἐστιν
3625 4611 3759 4680 ἔργον

2201 4707 2337 4762 Θεοῦ
2360 4723 2374 4739 ·
2409 4710 2442 4779 ἡ
2473 4707 2531 4761 δὲ
2559 4707 2620 4772 ἐξ
2647 4706 2805 4777 ήμῶν
2858 4705 3050 4760 αὐτῶν.
3089 4705 3353 4776 γινομένη
3384 4705 3606 4774 κίνησις
3645 4698 3758 4769 πρὸς

2199 4798 2337 4869 ὅπερ
2383 4797 2450 4851 ἂν
2503 4799 2675 4866 αὐτὴν
2719 4795 3073 4867 βουληθῶμεν
3117 4796 3348 4865 ἀγαγεῖν
3377 4812 3392 4828 ο
3436 4797 3478 4867 ἡ
3531 4795 3631 4866 μὲν
3669 4789 3756 4859 γὰρ

2201 4889 2453 4959 βούλησις
2479 4889 2742 4959 ἔμφυτον,
2786 4889 2885 4942 καὶ
2924 4888 3076 4957 παρά
3103 4887 3241 4941 Θεοῦ
3265 4903 3279 4918 ·
3317 4889 3351 4958 ὴ
3375 4887 3435 4948 δὲ
3455 4887 3634 4943 τοιάδε
3651 4881 3752 4954 βού⁶

2201 4979 2357 5052 λησις
2394 4982 2664 5052 ἡμετέρα,
2693 4980 2793 5034 καὶ
2820 4979 2922 5052 τῆς
2945 4979 3174 5052 γνώμης
3202 4981 3382 5051 ἡμῶν.

2278 5239 2540 5310 Βούλησις
2586 5238 2644 5292 δέ
2703 5239 2822 5291 ἐστι
2867 5239 3099 5309 ζήτησις
3149 5237 3276 5310 περὶ
3341 5236 3749 5308 αὕτοπράκτων·

2208 5329 2512 5401 βουλόμεθα
2543 5328 2651 5398 γάρ
2681 5329 2811 5400 περὶ
2858 5327 2969 5381 τῶν
3001 5327 3200 5395 ἐπίσης
3223 5325 3596 5398 ἐνδεχομένων
3619 5339 3634 5356 ·
3660 5321 3747 5373 εστι

2206 5422 2264 5476 δέ
2288 5421 2486 5491 ἐπίσης
2515 5418 2886 5489 ἐνδεχόμενον,
2937 5417 2966 5471 6
2995 5417 3126 5471 αὐτό
3159 5434 3218 5472 τε
3267 5417 3560 5487 δυνάμεθα
3587 5412 3746 5468 ποιεῖν.

2209 5511 2304 5568 καὶ
2327 5513 2386 5566 τὸ
2413 5509 2787 5580 ἀντικείμενον
2814 5506 2989 5579 αὐτῷ·
3012 5501 3146 5576 οἷον,
3164 5507 3227 5561 τὸ
3256 5507 3661 5578 περιπατῆσαι.
3679 5499 3747 5553 καὶ
