3944 6152
287 295 309 346 1
319 289 422 347 509

1537 285 1623 340 DE
1663 283 1950 344 NATURA
1991 284 2297 342 HOMINIS.

3407 291 3546 350 15ἰο

290 405 368 476 μὴ
394 402 797 473 περιπατῆσαι·
829 403 889 456 τὸ
940 403 1187 469 πλεῦσαι,
1211 391 1310 455 καὶ
1352 391 1427 468 μὴ
1459 401 1695 458 πλεῦσαι
1724 420 1738 434 ο
1773 403 1868 456 ἐπὶ

1978 405 2086 457 lare
2113 413 2207 457 aut
2237 418 2345 456 non
2378 402 2684 469 ambulare,
2711 403 2970 475 navigare
2991 413 3085 460 aut
3111 419 3218 462 non
3249 410 3505 481 navigare
3526 429 3543 464 __-

286 493 496 548 τούτων
517 496 622 566 γὰρ
650 495 743 547 καὶ
771 493 880 547 τῶν
904 495 1102 566 ὁμοίων
1131 491 1463 567 ἡβρύλησις.
1502 496 1576 549 Τὸ
1604 497 1660 550 δὲ
1679 498 1742 550 ἐκ
1768 497 1865 566 τῆς

289 584 598 655 βουλήσεως
623 585 924 655 προκριθὲν
950 585 1280 656 προαιρετὸν
1310 585 1637 654 ποιούμεθα.
1677 586 1866 639 Ἔστιν

287 668 381 728 οὖν
421 677 454 744 ἡ
487 674 810 745 προαίρεσις
850 675 1041 744 μικτόν
1071 692 1126 727 τι
1175 676 1407 746 πρᾶγμα
1443 677 1507 729 ὲκ
1537 675 1864 746 βουλήσεως,

290 765 383 819 καὶ
412 765 669 836 κρίσεως,
700 765 796 818 καὶ
844 765 1111 832 ὀρέξεως.’
1140 767 1476 837 Προαιρετὸν
1519 767 1626 838 γάρ
1658 770 1778 820 ἐστι·
1806 770 1867 819 τὸ

289 858 476 929 ἕτερον
511 859 616 927 πρὸ
645 857 836 929 ἐτέρου
875 859 1113 929 αἱρετόν.
1170 860 1359 923 Οὐδεὶς
1406 859 1462 912 δὲ
1501 859 1786 930 προκρίνει
1816 875 1867 911 τι

292 950 370 1020 μὴ
403 950 868 1019 βουλευσάμενος,
892 951 1012 1003 οὑδὲ
1070 951 1331 1021 αἱρεῖται,
1367 952 1442 1022 μὴ
1488 952 1703 1022 κρίνας,
1736 949 1869 1003 Τότε

292 1037 386 1093 οὖν
412 1042 730 1111 προαίρεσις
764 1043 857 1094 καὶ
880 1044 1205 1114 προαιρετὸν
1233 1043 1440 1110 γίνεται
1465 1044 1528 1095 τὸ
1569 1041 1870 1114 προκριθὲν

295 1131 361 1182 ὲκ
393 1129 494 1199 τῆς
527 1130 856 1200 βουλήσεως,
883 1131 1014 1184 ὅταν
1042 1131 1330 1204 προσλάὸῃ
1381 1131 1478 1202 τὴν
1506 1130 1708 1200 ὄρεξιν.
1741 1130 1872 1181 Euv-

298 1222 490 1286 ἁγαται
538 1222 594 1273 δὲ
628 1225 694 1274 ὲκ
735 1222 962 1287 τούτων,
989 1223 1315 1292 προαίρεσιν
1344 1219 1486 1274 εἶναι
1525 1221 1702 1290 ὄρεξιν
1747 1219 1870 1290 βου-

299 1311 552 1380 λευτικὴν
581 1312 628 1342 "°
658 1313 769 1364 τῶν
795 1315 881 1380 ἐφ’
921 1315 1073 1382 ἡμῖν.
1097 1313 1204 1365 Τοῦ
1238 1314 1346 1384 γὰρ
1381 1311 1774 1383 προκριθέντος
1810 1313 1874 1364 ἐκ

298 1403 402 1473 τῆς
454 1403 652 1472 βουλῆς
705 1404 974 1474 ἐφιέμεθα
1027 1406 1498 1476 προαιρούμενοι,
1557 1404 1632 1468 ὼς
1695 1403 1874 1474 κύριοι

301 1497 676 1567 προαιρέσεως
717 1497 810 1548 καὶ
854 1497 1048 1567 βουλῆς
1078 1497 1261 1561 ὄντεςο
1317 1498 1410 1551 καὶ
1456 1495 1518 1561 ἐξ
1560 1497 1876 1550 ὑποστὰτων

300 1587 521 1655 λογικαὶ⁵
544 1588 891 1653 ὑποστάσεις.

1969 496 2020 548 in
2056 495 2141 550 his
2165 494 2309 548 enim
2359 508 2425 549 ac
2453 494 2723 551 similibus
2755 495 3077 551 deliberatio
3125 508 3394 554 versatur.
3425 500 3544 556 Jam

1967 586 2136 654 quod,
2165 585 2410 640 instituta
2435 585 2850 654 deliberatione,
2874 590 3301 657 praeponendum
3327 591 3543 660 putavi-

1969 693 2114 742 mus,
2153 678 2255 733 hoc
2283 676 2441 732 nobis
2472 679 2852 748 pmponimus.
2885 679 2980 733 Est
3013 680 3180 750 igitur
3207 684 3543 751 propositum

1970 769 2190 823 mistum
2227 770 2355 839 quid
2381 785 2412 824 e
2449 769 2847 836 diliberatione,
2872 769 3075 838 judicio
3104 773 3542 831 etinclinatione.
3577 773 3586 780 ’

1967 859 2397 928 Praeponendum
2449 862 2593 915 enim
2639 863 2837 916 dicitur
2882 863 3025 930 quod
3079 878 3189 930 pra:
3233 863 3406 920 altero
3459 875 3547 921 est

1969 953 2300 1020 ponendum.
2337 952 2509 1008 Nemo
2537 965 2718 1008 autem
2751 954 3169 1024 praeponendum
3197 957 3326 1026 quid
3362 967 3548 1012 censet
3585 1027 3587 1031 ι

1972 1044 2074 1098 nisi
2103 1054 2260 1100 antea
2293 1045 2697 1109 deliberaverit,
2727 1060 2902 1116 neque
2937 1046 3110 1116 eligit,
3142 1058 3430 1118 antequam
3462 1050 3549 1116 ju-

1972 1134 2254 1190 dicaverit.
2283 1133 2418 1188 Cum
2442 1134 2604 1204 igitur
2624 1135 2690 1188 ad
2716 1135 2766 1188 id
2799 1137 2941 1203 quod
2963 1134 3359 1205 praeferendum
3390 1137 3549 1191 duxi-

1973 1237 2114 1286 mus,
2167 1223 2382 1278 accedit
2437 1221 2930 1285 inclinatio,Itunc
2993 1225 3329 1294 propositum
3389 1240 3550 1279 voca-

1976 1321 2082 1366 tur.
2108 1313 2182 1366 Ex
2220 1313 2303 1367 his
2347 1312 2582 1368 ellicitur
2611 1314 2945 1383 propositum
2992 1329 3113 1371 esse
3149 1315 3552 1370 inclinationem

1975 1404 2271 1458 voluntatis
2305 1414 2530 1459 nostras.
2573 1405 2655 1459 Ad
2687 1404 2816 1459 illud
2847 1408 2992 1460 enim
3015 1407 3159 1476 quod
3181 1447 3198 1472 ,
3226 1406 3428 1476 judicio
3467 1409 3554 1460 in-

1977 1496 2188 1559 stituto,
2219 1496 2577 1566 prtetulimus,
2603 1499 2898 1553 voluntatis
2933 1512 3035 1567 ope
3063 1499 3428 1568 aggredimur,
3465 1507 3555 1553 ut-

1979 1596 2106 1656 pote
2133 1587 2227 1656 qui
2259 1588 2520 1656 pr0positi
2552 1603 2618 1643 ac
2654 1589 2947 1644 voluntatis
2973 1589 3176 1643 domini
3209 1590 3406 1654 simus,
3457 1602 3556 1643 nec

1982 1694 2086 1732 non
2117 1679 2438 1732 substantia;
2465 1679 2786 1734 rationales.

389 1745 786 1821 ’νυπόστατον
826 1767 885 1821 δέ
937 1769 1057 1822 ἐστι
1093 1769 1318 1841 κυρίως,
1369 1771 1404 1840 ἢ
1445 1771 1506 1824 τὸ
1549 1771 1674 1823 καθ’
1718 1770 1876 1823 ἑαυτὸ

2051 1769 2472 1825 Consubsistens
2499 1779 2681 1826 autem
2711 1779 2797 1825 est
2823 1769 3059 1840 proprie,
3085 1770 3169 1824 vel
3192 1768 3336 1838 quod
3372 1781 3468 1838 per
3496 1782 3556 1823 se

307 1855 412 1926 μὲν
471 1857 546 1926 μὴ
601 1858 994 1929 ὑφιστάμενον,
1045 1861 1182 1916 ἀλλὰ
1243 1864 1302 1915 ὲν
1368 1865 1491 1926 ταῖς
1545 1863 1878 1915 ὑποστάσεσι

306 1947 686 2019 θεωρούμενον
710 1952 778 1981 ⁷³·
802 1951 992 2024 ὥσπερ
1013 1953 1076 2006 τὸ
1097 1949 1236 2016 εἶδος
1260 1955 1440 2025 ἡμῶν,
1462 1954 1628 2025 ἤγουν
1652 1955 1683 2024 ἡ
1719 1954 1880 2023 φύσις

306 2041 416 2095 τῶν
469 2043 792 2114 ἀνθρώπων.
846 2049 904 2102 ἐν
963 2048 1070 2120 ὶδιᾳ
1101 2049 1401 2102 ὑποστάσει
1453 2049 1515 2102 οὑ
1570 2049 1879 2120 θεωρεῖται,

303 2132 422 2188 ἀλλ’
458 2135 514 2187 ὲν
558 2135 885 2206 Ἀθανασιῳ,
933 2139 967 2209 ἢ
1019 2139 1271 2211 Μελετίῳ
1303 2142 1370 2205 ⁷³,
1421 2121 1771 2211 ἢηκυριακῷ
1805 2137 1882 2209 τῷ

304 2227 700 2295 χρυσογράφῳ,
731 2229 824 2280 καὶ
857 2230 978 2292 ταῖς
1019 2229 1236 2295 λοιπαῖς
1268 2231 1378 2283 τῶν
1411 2230 1717 2301 ἀνθρώπων
1747 2231 1884 2282 ὑπο-

307 2317 587 2382 στάσεσιν,
621 2317 654 2387 ἦ
698 2319 757 2370 τὸ
786 2319 882 2372 σὺν
929 2320 1074 2391 ἄλλῳ
1105 2322 1350 2392 διαφόρῳ
1387 2324 1530 2377 κατὰ
1570 2322 1670 2394 τὴν
1696 2323 1883 2376 οὐσίαν

307 2406 393 2466 εἰς
443 2405 572 2475 ὅλην
627 2408 746 2470 νοὸς
777 2408 824 2440 ’³³
867 2409 1086 2477 γένεσιν
1135 2411 1554 2483 συντιθέμενον·
1601 2416 1695 2468 καὶ
1754 2415 1883 2484 μίαν

309 2495 612 2548 ὑπόστασιν
651 2497 952 2551 ἀποτελοῦν
997 2499 1298 2553 ὑπόστασιν
1348 2500 1628 2554 σύνθετον.
1667 2496 1814 2564 Οἷον,
1856 2503 1885 2554 ό

307 2583 600 2655 ἄνθρωπος
626 2588 690 2641 ὲκ
718 2587 897 2660 ψυχῆς
928 2592 1044 2644 ἐστι
1070 2592 1164 2645 καὶ
1198 2591 1448 2662 σώματος
1477 2593 1882 2664 συντιθέμενον,

308 2675 411 2728 καὶ
438 2676 562 2730 οὔτε
609 2680 642 2749 ἡ
700 2679 846 2751 ψυχὴ
891 2683 1027 2751 μόνη
1071 2684 1282 2751 γίνεται
1317 2685 1636 2751 ὑπόστασις,
1674 2684 1796 2738 οὔτε
1825 2686 1886 2739 τὺ

312 2763 500 2834 σῶμα,
534 2766 649 2819 ἀλλ’
685 2771 744 2821 ὲν
783 2769 1065 2844 ὑποστάτῳ
1087 2788 1099 2802 ⁸
1139 2772 1199 2825 τὸ
1220 2773 1276 2826 δὲ
1304 2774 1363 2839 ἐξ
1401 2776 1726 2846 ἀμφοτέρων
1749 2779 1886 2830 ἀπο-

307 2854 640 2926 τελούμενον
695 2860 988 2926 ὑπόστασις
1034 2865 1384 2934 ἀμφοτέρων.
1461 2867 1611 2920 Ἐπεὶ
1670 2864 1764 2920 οὖν
1815 2868 1888 2930 ὼς

311 2945 617 3013 ὑπόστασις
649 2952 706 3017 ἐξ
735 2953 1118 3010 ὲνυποστάτων
1149 2957 1302 3011 τουτὶ
1339 2958 1400 3010 τὸ
1433 2958 1616 3029 νόημα
1653 2960 1890 3012 συνείλε-

1981 1873 2086 1913 non
2118 1859 2369 1914 subsistit
2396 1875 2410 1914 :
2446 1869 2503 1914 ut
2533 1860 2703 1931 ﬁgura
2732 1869 2937 1927 nostra,
2960 1867 3052 1913 aut
3076 1869 3270 1913 natura
3297 1859 3556 1922 humana,

1981 1959 2103 2021 qua:
2129 1966 2236 2007 non
2277 1961 2578 2007 cernuntur
2622 1952 2676 2006 in
2726 1952 2942 2022 propria
2999 1951 3324 2016 substantia,
3373 1951 3468 2005 sed
3501 1950 3556 2003 in

1982 2043 2292 2099 Atba'nasio
2321 2043 2404 2097 vel
2438 2043 2676 2108 Meletio,
2731 2042 2815 2097 vel
2862 2042 3092 2112 Cyriaco
3140 2040 3382 2105 librario,
3411 2049 3465 2094 et
3503 2040 3557 2092 in

1982 2137 2198 2191 caeteris
2233 2135 2555 2191 substantiis
2577 2137 2869 2190 humanis:
2904 2135 2987 2189 vel
3011 2135 3152 2204 quod
3175 2147 3296 2188 cum
3335 2133 3442 2186 alio
3465 2145 3556 2187 se—

1982 2229 2216 2283 cundum
2243 2230 2537 2283 essentiam
2567 2226 2851 2283 diﬂ'erente
2883 2228 2950 2281 ad
2969 2235 3142 2282 totum
3176 2225 3305 2294 quid
3324 2222 3562 2279 eﬂieien-

1983 2319 2110 2374 dum
2128 2329 2212 2374 est
2227 2319 2603 2390 compositum,
2619 2326 2673 2374 et
2688 2332 2846 2372 unam
2868 2315 3156 2373 essentiam
3175 2314 3344 2371 el‘llcit
3373 2329 3562 2370 essen-

1986 2410 2115 2464 tiam
2129 2411 2501 2478 compositam.
2523 2407 2716 2473 Homo,
2732 2407 2958 2477 exempli
2974 2408 3172 2477 gratia,
3190 2414 3273 2462 est
3289 2407 3563 2478 composi-

1987 2511 2072 2556 tus
2091 2517 2155 2555 ex
2188 2503 2365 2555 anima
2396 2510 2449 2555 et
2484 2499 2868 2570 corpore;jam
2891 2512 3021 2554 vero
3042 2512 3216 2568 neque
3242 2498 3424 2552 anima
3447 2499 3558 2554 sola

1986 2603 2069 2649 est
2095 2595 2422 2659 substantia,
2455 2609 2634 2664 neque
2656 2607 2873 2658 corpus,
2895 2591 2989 2646 sed
3016 2591 3068 2644 in
3094 2590 3371 2645 substrata
3394 2601 3556 2658 sunt;

1987 2688 2130 2754 quod
2170 2695 2349 2739 autem
2391 2701 2461 2741 ex
2517 2673 3037 2753 utroque'eﬂicitur,
3087 2682 3370 2751 utriusque
3429 2680 3562 2736 sub-

1988 2775 2191 2829 stantia
2247 2783 2350 2829 est.
2398 2775 2532 2830 Cum
2585 2777 2751 2845 igitur
2793 2773 2908 2827 haec
2957 2786 3177 2841 quoque
3220 2771 3561 2838 dissertatio,

1989 2866 2308 2921 substantia:
2340 2866 2532 2930 instar,
2563 2879 2594 2920 e
2633 2863 3158 2918 consubsistentibus
3205 2860 3427 2916 collecta
3481 2862 3554 2915 sit

1990 2964 2046 3011 et
2080 2955 2383 3026 composita
2421 2971 2435 3009 :
2484 2954 2728 3024 corporis
2759 2953 2902 3006 enim
2946 2950 3198 3004 animalis
3236 2948 3431 3004 similis
3481 2961 3566 3005 est

311 3053 447 3090 κται
481 3039 576 3092 καὶ
623 3044 1000 3099 συντέθειται·
1048 3047 1260 3118 σώματι
1317 3049 1426 3122 γὰρ
1467 3049 1609 3114 ζώου
1659 3049 1876 3104 ἔοικενὲ

1995 3049 2174 3104 oratio
2215 3047 2425 3118 prolixa
2453 3056 2507 3101 et
2529 3045 2874 3116 explicativa,
2901 3053 2955 3099 et
2986 3042 3165 3112 quoad
3202 3057 3290 3098 res
3311 3044 3362 3097 in
3393 3055 3454 3096 ea
3478 3057 3567 3096 ex-

313 3130 466 3182 κατὰ
503 3131 781 3204 ἀποτάδην
814 3137 908 3190 καὶ
958 3137 1246 3203 διεξοδικδς
1275 3141 1433 3209 λόγος
1457 3157 1471 3171 °
1521 3141 1876 3210 dvaloyoﬁcm

1997 3142 2201 3212 positas
2245 3141 2465 3204 animae,
2516 3139 2692 3207 quoad
2738 3146 2916 3190 autem
2959 3134 3251 3190 dictionem
3306 3133 3554 3202 corporis

313 3220 463 3289 ἔχων
491 3222 637 3295 ψυχῇ
666 3226 766 3295 μὲν
794 3227 893 3297 τὴν
918 3228 1151 3298 ἔννοιαν,
1188 3231 1401 3302 σώματι
1433 3232 1491 3286 δὲ
1537 3232 1636 3305 τὴν
1674 3235 1874 3306 φράσιν

1998 3233 2288 3303 imaginem
2347 3231 2536 3285 refert.
2575 3228 2755 3285 Gloria
2788 3230 2858 3282 sit
2886 3234 3046 3296 atque
3104 3224 3292 3296 gratia:
3340 3223 3567 3280 Domino

313 3313 464 3378 Δόξα
498 3317 692 3390 Κυρίῳ
726 3319 804 3391 τῷ
832 3320 972 3392 Θεῷ,
1023 3324 1120 3377 καὶ
1159 3325 1482 3396 εὐχαριστία
1530 3326 1610 3398 τῷ
1653 3329 1876 3400 συνεργῷ

2000 3339 2064 3379 ac
2091 3324 2222 3387 Deo,
2254 3321 2345 3392 qui
2369 3322 2614 3376 omnium
2646 3320 2911 3374 bonorum
2945 3324 3134 3372 auctor
3169 3323 3254 3372 est
3279 3323 3440 3386 atque
3466 3316 3561 3373 ad-

315 3406 433 3460 τῶν
461 3407 640 3462 καλῶν
669 3411 766 3464 καὶ
790 3412 970 3482 αἰτίῳ.
1011 3413 1205 3485 Ἀμήν.

1989 3418 2163 3483 jntor.
2189 3415 2383 3469 Amen.

397 3563 448 3595 "°
483 3563 892 3641 προϐλεπτικήν
922 3566 982 3622 Ρ.
1057 3570 1100 3602 ⁷¹
1125 3568 1335 3625 mn...
1370 3570 1533 3642 θεωρ.
1557 3584 1665 3626 om.
1700 3569 1851 3627 ABG.

2000 3570 2031 3641 ἢ
2063 3569 2313 3640 Μελετεῳ
2342 3583 2451 3625 om.
2487 3568 2547 3624 P.
2625 3567 2671 3600 ⁷³
2704 3568 2784 3623 ὄλ.
2819 3556 2866 3635 ἑ,
2899 3565 3035 3623 Cod.
3084 3565 3207 3620 ὅλου
3235 3563 3380 3628 τινός
3398 3562 3462 3619 Ρ.
