3912 6146
447 317 3688 364 W

613 505 783 679 S.
923 505 1029 678 J
1042 491 1623 678 OANN
1631 493 1825 670 IS
1961 483 3512 667 CHRYSOSTOMI

1813 788 2314 886 OPERUM

1254 991 1700 1104 INDEX
1779 982 2855 1140 ALPHABETICUS

1797 1209 1865 1246 ΕΧ
1902 1205 2076 1245 PRIMIS
2113 1205 2298 1245 VERBIS

765 1333 1339 1405 TRACTATUUM,
1385 1331 1866 1404 SERMONUM,
1922 1329 2448 1392 HOMILIARUM
2498 1329 2603 1391 ET
2654 1325 3223 1389 EPISTULARUM

431 1481 506 1528 E1
528 1472 744 1525 Fabricii
769 1479 815 1524 et
839 1471 1055 1524 Harlesii
1076 1473 1363 1534 recensione,
1376 1477 1440 1525 ad
1461 1489 1636 1526 novam
1655 1474 1915 1527 editionem
1933 1474 2379 1524 accommodata.—
2393 1475 2640 1525 Numerus
2663 1474 2903 1521 Romanus
2925 1476 3127 1529 tomum,
3143 1465 3373 1519 Arabicus
3397 1468 3688 1522 calumniam

492 1542 890 1662 glitionisrnotvae
920 1539 1186 1607 signiﬁcat;
1222 1545 1415 1608 Suppl.,
1451 1545 1862 1609 Supplementum.
1897 1541 2166 1596 Asteriscus
2209 1540 2419 1594 numeris
2464 1539 2658 1590 additus
2698 1536 2880 1589 indicat
2914 1544 3068 1589 tomos
3108 1534 3332 1587 editionis
3363 1538 3606 1590 Duceanc
3631 1539 3688 1589 in

547 1625 691 1662 ovum
759 1623 810 1662 es
831 1617 1097 1661 amentum.

547 1625 691 1663 ovum
717 1617 1097 1662 Testamentum.

1877 1698 2178 1713 Ψ

2029 1766 2073 1818 Α

497 1869 763 2028 rane?
795 1872 894 1940 μέν
925 1873 1040 1924 ἐστι
1068 1874 1161 1926 καὶ
1184 1861 1482 1930 ἐπαινετόν.
1513 1877 1589 1931 De
1620 1877 1962 1933 confessione
1987 1894 2042 1948 pi

497 1971 703 2011 rmlssa.

2141 1886 2359 1932 uorum.
2387 1874 2449 1929 In
2480 1872 2706 1929 Taurin.
2734 1872 3090 1928 bibliotheca.
3115 1867 3313 1940 Spuria
3337 1876 3394 1923 et
3421 1867 3514 1922 hic
3537 1883 3686 1937 pra:-

425 1955 703 2012 termissa.

491 2039 695 2114 [Ἂγαν
725 2045 1003 2114 αἰδέσιμον
1025 2047 1302 2115 τράπεζαν
1334 2050 1664 2121 παρέθηκεν.
1688 2053 1747 2106 In
1776 2051 1985 2117 Jesum,
2014 2070 2036 2108 ε

2102 2068 2176 2107 πε
2209 2067 2359 2106 mare
2388 2050 2780 2105 ambulantem.
2804 2047 3003 2118 Spuria
3035 2056 3090 2102 et
3112 2046 3202 2100 hic
3225 2043 3647 2115 praetermissa]

509 2128 750 2198 Ἀγαπᾷν
782 2131 873 2183 τὸν
902 2131 1052 2184 Θεόν.
1084 2133 1286 2203 Ecloga
1308 2150 1339 2189 e
1372 2136 1781 2208 Chrysostomo,
1819 2137 1959 2202 Quid
1991 2139 2197 2195 faciens
2231 2138 2584 2194 Christianus
2629 2137 2798 2190 vitam
2832 2143 3096 2189 mternam
3133 2139 3544 2200 consequatur-
3572 2131 3686 2184 Ed.

423 2227 552 2268 nov.
575 2213 692 2277 XII,
729 2215 852 2270 899.
883 2247 953 2257 —
982 2218 1174 2289 Montf.
1203 2221 1320 2286 XII,
1346 2223 1472 2277 7'57.
1506 2221 1674 2277 Savil.
1712 2224 1824 2287 VII,
1852 2224 1974 2279 954.
2020 2225 2154 2280 Duc.
2188 2227 2365 2280 deest.

427 2301 936 2442 ΜἈγεπὲἔέητεϊ
961 2305 1087 2376 παρ’
1112 2307 1286 2376 ἡμῶν.
1320 2309 1518 2363 Homil.
1547 2310 1617 2364 XI
1648 2311 1700 2363 in
1729 2310 1902 2379 Epist.
1933 2327 1972 2365 at

516 2403 561 2440 ε.
649 2427 662 2442 .
801 2430 816 2442 .

2138 2311 2320 2365 ICSIOS.
2369 2309 2460 2374 XI,
2509 2309 2597 2362 79.
2629 2338 2698 2346 —
2724 2306 2912 2376 Montf.
2943 2304 3037 2370 XI,
3064 2303 3153 2359 80.
3210 2302 3378 2358 Savil.
3408 2301 3501 2367 III,
3553 2302 3683 2357 8I8.

516 2403 561 2440 c.
606 2403 816 2452 nam.

513 2476 756 2548 ’Δγάπην
787 2479 886 2550 τὴν
916 2482 1381 2553 ούρανακλίμακα.
1409 2485 1552 2540 Laus
1584 2487 1887 2542 charitatis.
1909 2487 2028 2543 Non

2137 2488 2282 2542 letur
2308 2501 2430 2542 esse
2458 2480 2854 2553 Chrysostomi.
2883 2479 2953 2546 X,
2986 2479 3111 2534 681.
3135 2509 3205 2518 -
3231 2477 3418 2547 Montf.
3448 2477 3520 2541 Χ,
3551 2477 3682 2544 751,

428 2559 578 2616 inter
600 2565 836 2633 spurias.
893 2566 1061 2621 Sat-il.
1101 2570 1214 2636 VII,
1245 2571 1369 2626 299.
1431 2572 1566 2625 Duc.
1597 2573 1777 2628 deest.

503 2647 861 2720 [’Λγαπητοὶ,
888 2654 1342 2725 ἀκολουθήσωμεν
1366 2657 1556 2726 ἀγαθῷ
1585 2660 1850 2729 Δεσπότῃ.
1890 2661 1963 2713 De
2001 2676 2048 2713 at

1892 2661 1963 2713 De
2001 2659 2228 2713 avaritia
2255 2666 2310 2713 et
2335 2656 2568 2712 divitiis.
2605 2654 2803 2724 Spuria
2829 2664 2884 2708 et
2903 2653 2994 2706 hic
3016 2648 3437 2721 prastermissaj

501 2733 856 2807 [Ἀγαπητοὶη
884 2739 1204 2811 ἀκούσωμεν
1236 2743 1328 2795 τοῦ
1361 2743 1593 2796 Παύλου.
1625 2745 1698 2797 De
1727 2745 1949 2800 virtutis
1976 2746 2046 2799 fat

1563 2767 1593 2796 ι.
1625 2745 1698 2797 De
1727 2745 1949 2800 virtutis
1976 2746 2255 2799 facilitate.
2285 2744 2483 2813 Spuria
2504 2753 2561 2797 et
2581 2743 2670 2798 hic
2696 2738 3108 2811 praetermissa]

506 2818 862 2894 [Ἀγαπητοὶ,
883 2825 1053 2882 δεινὸν
1078 2829 1111 2897 ἡ
1152 2829 1416 2899 ἁμαρτία.
1448 2830 1522 2883 De
1549 2830 1891 2900 pmnitentia,
1931 2848 2051 2901 qum

2137 2847 2211 2886 .on
2242 2831 2405 2886 liceat
2439 2830 2620 2884 ridere
2639 2838 2696 2883 et
2723 2829 2917 2893 laetari,
2947 2845 3000 2881 v.
3032 2827 3182 2881 aliud
3219 2827 3456 2890 initium,
3493 2829 3682 2880 Δεινὺν

432 2910 472 2979 ἡ
499 2910 790 2984 ἁμαρτία.]

506 2993 858 3069 [Ἀγαπητοᾊ
885 2998 1312 3070 εὐχαριστοῦμεν
1337 3003 1394 3053 ὲν
1429 3003 1582 3055 πᾶσι.
1613 3003 1689 3057 De
1724 3002 2019 3073 gratiarum

1492 3003 1582 3055 ἱσι.
1613 3003 1689 3057 De
1724 3002 2019 3073 gratiarum
2055 3005 2290 3059 actione.
2324 3003 2524 3072 Spuria
2546 3013 2602 3058 et
2625 3001 3037 3072 praetermissa]

517 3085 838 3153 ’Δγαπητοὶ,
874 3086 986 3137 ὅσοι
1013 3085 1082 3138 τὰ
1105 3085 1199 3138 τοῦ
1230 3086 1345 3155 βίου
1376 3088 1603 3156 μάταια.
1629 3090 1704 3144 De
1731 3091 1927 3145 animae
1959 3093 2062 3147 salt

2141 3132 2153 3145 .
2180 3092 2418 3146 Dubium
2453 3107 2523 3145 an
2548 3090 2947 3161 Chrysostomi.
2977 3089 3068 3155 IX,
3101 3088 3224 3141 735.
3257 3119 3325 3126 —
3356 3088 3552 3156 Montf.
3581 3085 3679 3151 IX,

435 3171 563 3228 819.
597 3169 766 3225 Savil.
835 3172 920 3232 VI,
957 3172 1082 3226 968.
1133 3173 1266 3226 Duc.
1317 3175 1494 3228 deest.

508 3255 862 3330 [Ἀγαπητοὶ,
891 3256 1131 3309 παιδεύει
1149 3259 1293 3327 ἡμᾶς
1312 3260 1340 3310 ὁ
1365 3261 1632 3328 μακάριος
1666 3258 2003 3336 Ἀπρστολρς.
2025 3259 2053 3313 I

2135 3261 2209 3330 ip.
2240 3261 2308 3314 ad
2337 3259 2632 3313 Romanos.
2655 3257 2803 3312 llanc
2827 3267 2886 3311 ut
2911 3259 3152 3328 spuriam
3175 3257 3680 3330 praetermisimus]

517 3343 838 3411 Ἀγαπητοὶ,
861 3342 1050 3412 ὥσπερ
1075 3344 1258 3414 μήτηρ
1287 3345 1619 3412 φιλότεκνος.
1669 3345 1728 3398 In
1765 3345 2030 3400 Lazarum

2141 3347 2512 3401 atriduanum.
2555 3346 2675 3400 Non
2731 3353 2816 3400 cst
2859 3345 3255 3415 Chrysostomi.
3313 3344 3402 3400 XI.
3453 3347 3578 3401 7'75.
3613 3375 3684 3385 --

435 3429 626 3500 Hontf.
661 3429 754 3495 XI,
779 3429 905 3484 850.
947 3427 1114 3482 Savil.
1143 3429 1256 3496 VII,
1295 3429 1418 3484 528.
1457 3429 1584 3483 Due.
1623 3431 1797 3485 deest.

527 3516 808 3584 ’Δγγέλοις
834 3516 932 3585 μὲν
971 3516 1220 3586 οὐρανός.
1246 3515 1329 3570 Ad
1352 3531 1449 3581 eos
1474 3517 1568 3586 qui
1596 3517 1774 3588 magni
1794 3523 2072 3572 aestumanl

2139 3531 2254 3584 pes.
2274 3515 2372 3570 Ed.
2394 3515 2623 3570 Becher.
2647 3515 2844 3584 Lipsiae
2868 3514 3018 3569 1839.
3042 3514 3180 3577 XIII,
3203 3513 3391 3584 Suppl.
3417 3518 3524 3570 col.
3549 3517 3681 3573 454.

519 3603 810 3672 Ἀγγέλους
843 3603 1214 3672 ἐγκωμιάζειν
1242 3604 1369 3674 χρή.
1399 3605 1458 3658 In
1490 3604 1587 3659 SS.
1613 3606 1993 3674 archangelos.
2019 3605 2062 3656 D

2137 3603 2256 3656 rium
2288 3618 2355 3656 an
2375 3601 2769 3672 Chrysostomi,
2799 3602 2930 3656 licet
2956 3601 3059 3655 sub
3089 3603 3209 3671 ejus
3228 3603 3450 3657 nomine
3481 3619 3682 3660 occur-

436 3698 525 3746 rat
552 3690 608 3744 in
643 3705 797 3754 mss.,
830 3697 891 3742 ut
912 3689 1057 3758 apud
1093 3689 1348 3744 Lambec.
1389 3707 1504 3756 vm,
1537 3707 1590 3760 p.
1626 3691 1750 3747 9.57.
1778 3692 1912 3753 VIII,
1951 3690 2073 3744 7-55.
2105 3719 2175 3729 -—
2209 3690 2396 3758 Montf.
2425 3688 2558 3747 VIII.
2585 3689 2708 3742 285.
2738 3688 2904 3742 Savil.
2940 3689 3005 3751 V,
3042 3689 3165 3744 997.
3195 3687 3331 3745 Duc.
3358 3690 3535 3747 deest.

505 3776 807 3851 [‘Aasltcpot,
848 3776 1138 3846 βασιλικῶν
1179 3779 1491 3848 μυστηρίων
1521 3781 1733 3850 ἑορτήν.
1765 3780 1823 3833 In
1852 3781 2045 3832 Annun

1706 3798 1733 3832 ν.
1765 3780 1823 3833 In
1852 3777 2350 3832 Annuntiationem.
2375 3776 2439 3831 γ.
2473 3776 2528 3830 in
2565 3775 2866 3829 Βασιλικῶν
2890 3775 3251 3848 μυστηρίων]

506 3863 807 3939 [Ἂδελφοὶ.
833 3865 1099 3936 ἠκούσατε
1131 3865 1228 3918 τοῦ
1256 3867 1587 3934 Εὐαγγελίου
1631 3865 1880 3935 λῖγοντος
1911 3869 1968 3917 ὲν
1996 3882 2051 3916 κο

1949 3883 1968 3917 ν
1996 3864 2188 3933 καιρῷ.
2233 3863 2291 3916 1η
2325 3862 2494 3916 ﬁlium
2535 3863 2734 3917 viduae.
2767 3863 2966 3932 Spuria
2994 3873 3050 3917 et
3075 3865 3494 3939 praetermissa]

507 3949 809 4024 [Ἀδελφώη
837 3955 869 4020 ἠ
902 3953 1110 4024 μεγάλη
1141 3954 1234 4006 καὶ
1267 3953 1577 4023 θεοπρεπὴς
1604 3954 1698 4008 τοῦ
1729 3954 2000 4023 Σωτῆρος.
2033 3953 2052 4007 ξ

1223 3964 1234 4006 ι
1267 3953 1577 4023 Θεοπρεπὴς
1604 3954 1698 4008 τοῦ
1729 3954 2000 4023 Σωτῆρος.
2033 3951 2229 4021 Spuria
2256 3959 2312 4004 et
2350 3950 2768 4021 praetermissa]

509 4037 862 4113 [Ἀδιήγητον
899 4041 966 4094 δι’
999 4041 1194 4104 αἰῶνος
1223 4042 1579 4112 ἐμφανίζεται
1621 4043 1874 4111 πέλαγος.
1910 4043 1971 4096 In
1993 4059 2054 4096 na

1812 4060 1874 4105 ig.
1910 4043 1971 4096 In
1993 4041 2335 4096 nativitatem
2365 4040 2592 4095 Christi.
2635 4042 2836 4110 Spuria
2857 4051 2914 4096 ct
2943 4042 3357 4114 praetermissa]

517 4125 631 4179 ’Δεὶ
665 4125 785 4196 μὲν,
813 4126 1052 4194 ἀδελφοὶ,
1085 4127 1183 4197 τὴν
1215 4128 1306 4180 τοῦ
1331 4129 1465 4180 Θεοῦ
1493 4127 1926 4196 φιλανθρωπίαν.
1959 4129 2062 4196 Inp

2137 4128 2353 4181 abolam
2395 4127 2461 4181 de
2513 4128 2624 4182 ﬁlio
2678 4129 2925 4198 prodigo.
2973 4127 3149 4183 Vertit
3184 4127 3390 4182 Fronto
3417 4129 3681 4192 Ducaaus.

437 4213 657 4286 Spuria.
685 4214 823 4278 VIII,
857 4215 981 4269 515.
1009 4245 1076 4254 —
1110 4215 1296 4285 Montf.
1317 4215 1453 4278 VIII,
1485 4218 1574 4270 35.
1601 4215 1766 4270 Savil.
1796 4216 1907 4280 vn,
1934 4216 1982 4270 5:

968 4254 981 4267 .
1009 4245 1076 4254 —
1110 4215 1296 4285 Montf.
1317 4215 1453 4278 VIII,
1485 4218 1574 4270 35.
1601 4215 1766 4270 Savil.
1796 4216 1907 4280 VII,
1934 4215 2058 4270 559.
2115 4214 2245 4267 Duc.
2276 4213 2363 4278 VI,
2391 4214 2513 4268 308.

500 4298 577 4373 [1-
610 4301 719 4353 Ἀεὶ
743 4301 841 4371 μὲν
863 4301 987 4370 ἐμοὶ
1015 4301 1163 4354 δοκεί
1191 4301 1602 4372 χρησιμώτατος
1629 4298 1788 4355 εἶναι.
1812 4303 1896 4356 Jo.
1931 4301 2042 4357 Chr

2138 4309 2212 4355 νει.
2243 4301 2369 4372 περὶ
2401 4300 2776 4371 σωφροσύνης.
2808 4301 2894 4365 VI,
2933 4302 3060 4356 291.
3083 4332 3154 4341 —
3185 4301 3374 4372 Hontf.
3402 4303 3490 4363 VI.
3523 4305 3683 4380 299.]

509 4385 656 4460 [Ἀεὶ
691 4388 788 4458 μὲν
818 4389 852 4458 ἡ
878 4387 973 4440 τοῦ
1010 4388 1164 4455 ἁγίου
1197 4389 1512 4456 Πνεύματος
1532 4387 1708 4458 χάρις.
1755 4388 1831 4442 De
1887 4403 2052 4458 synax

2147 4387 2202 4441 in
2236 4387 2454 4442 schedis
2497 4387 2750 4451 Bentleii,
2802 4388 3004 4444 dicitur
3033 4389 3305 4443 Anastasii
3358 4389 3587 4460 Sinai_tae
3628 4395 3683 4449 in

435 4453 580 4531 Bibl.
605 4453 940 4536 Combefisii,
977 4453 1107 4528 tom.
1140 4475 1180 4539 l,
1209 4489 1263 4543 p.
1287 4453 1436 4546 881.]
1604 4453 1616 4458 ’
1916 4453 1931 4458 ’
3495 4453 3525 4484 ο

522 4562 636 4615 Ἀεὶ
665 4563 781 4631 μὲν,
818 4562 1049 4632 μάλιστα
1084 4563 1138 4614 δὲ
1167 4563 1282 4628 νῦν,
1315 4559 1568 4630 εὔκαιρον
1598 4562 1788 4614 εἰπεῖν.
1820 4562 1877 4615 In
1920 4561 2067 4615 Eutn

2134 4561 2244 4615 ium
2273 4559 2609 4623 eunuchum,
2659 4559 2724 4613 ad
2765 4560 2937 4615 altare
2967 4562 3211 4617 ecclesiae
3243 4563 3679 4634 confugientem,

439 4648 530 4706 cui
553 4649 644 4720 jus
669 4648 803 4720 asyli
823 4648 1086 4718 abrogare
1112 4656 1344 4703 conatus
1365 4647 1561 4702 fuerat.
1586 4648 1761 4702 Vertit
1778 4647 2161 4718 Sigismundus
2181 4647 2458 4702 Gelenius.
2490 4647 2564 4700 De
2586 4646 2688 4701 hac
2717 4649 2963 4702 oratione
2985 4649 3108 4704 vide
3132 4650 3529 4720 Nicephorum,
3559 4670 3676 4718 nu,

438 4735 494 4793 ι.
525 4735 704 4801 -ΙΙΙ,
735 4736 860 4791 591.
888 4763 960 4776 —-
981 4735 1170 4805 Montf.
1202 4734 1291 4800 III,
1319 4734 1444 4788 581.
1475 4732 1642 4789 Savil.
1673 4735 1811 4799 VIII,
1840 4737 1927 4790 67.
1964 4736 1983 4789 l

831 4777 860 4791 ..
888 4763 960 4776 —-
981 4735 1170 4805 Montf.
1202 4734 1291 4800 III,
1319 4734 1444 4788 581.
1475 4732 1642 4789 Savil.
1673 4735 1811 4799 VIII,
1840 4737 1927 4790 67.
1964 4736 2096 4790 Duc.
2133 4737 2221 4800 IV,
2255 4737 2376 4791 48L

511 4889 588 4958 (1)
614 4887 774 4955 Quod
807 4887 1106 4961 Montfauc.
1161 4888 1221 4961 in
1262 4903 1360 4942 sua
1402 4886 1493 4961 ed.
1531 4887 1700 4961 alium
1749 4886 2000 4961 ordinem
2106 4903 2326 4961 quoque
2365 4889 2690 4954 auctiorem,
2727 4905 2889 4960 quam
2929 4890 3142 4945 Fabric.
3175 4891 3360 4946 facere
3399 4903 3678 4961 potuerat,

437 4957 759 5034 sermonum
812 4968 978 5028 atque
1034 4957 1693 5034 humiliarumjnstituit,
1742 4957 2009 5034 temporis
2109 4959 2323 5034 reddidi
2348 4974 2639 5012 numerum
2663 4957 3380 5034 eratt._tum_genuinarum
3402 4957 3524 5018 tum
3548 4957 3679 5034 ει)ηέ

439 5027 721 5100 ordinem,
771 5037 1040 5100 quantum
1085 5028 1202 5100 fieri
1259 5027 1472 5100 potuit,
1510 5036 1755 5100 secutus,
1809 5027 2010 5100 multas
2112 5029 2355 5100 riarum;
2391 5043 2512 5100 quae
2531 5046 2661 5083 vero
2686 5030 2873 5083 Montf.
2899 5027 3052 5084 dedit
3073 5032 3418 5100 notavitque,
3439 5051 3506 5087 ea
3528 5027 3682 5089 uinci-

441 5098 680 5168 primum
715 5096 1014 5168 evulgavit,
1069 5099 1272 5166 ubique
1334 5097 1498 5152 codd.
1546 5096 1751 5165 quibus
1813 5096 2010 5168 uteba-
2110 5098 2198 5150 nis
2221 5096 2452 5163 inclusi;
2487 5098 2743 5152 homilias
2776 5108 2959 5154 autem
2995 5115 3187 5154 omnes
3207 5096 3539 5158 memoravit
3569 5104 3680 5168 ille,

443 5165 533 5220 iur
555 5206 591 5243 ,_
639 5165 922 5243 indicavit,
981 5165 1214 5243 singulis
1270 5183 1426 5236 paene
1471 5181 1686 5243 _0pusc.
1746 5165 2012 5243 praemisit
2118 5176 2233 5220 tum
2257 5183 2372 5243 eas,
2396 5184 2534 5243 quas
2549 5169 2744 5232 edidit,
2774 5179 2887 5243 tum
2911 5170 3067 5243 alias,
3097 5186 3233 5239 quas
3258 5174 3520 5243 consulto
3549 5165 3683 5243 prie-

443 5236 739 5309 monitum,
782 5237 861 5309 inA
889 5253 998 5307 quo
1040 5237 1110 5290 de
1167 5235 1438 5309 tempore,
1471 5235 1748 5290 interdum
1791 5235 1859 5288 de
1896 5235 2008 5297 die,
2117 5237 2373 5291 lermisit.
2405 5235 2535 5302 Qua:
2558 5254 2684 5307 opp.
2719 5239 2958 5306 primum
2992 5241 3045 5292 in
3067 5235 3187 5309 ejus
3215 5241 3352 5294 edit.
3375 5252 3509 5296 sunt
3533 5235 3680 5296 rece-

442 5321 554 5376 quo
593 5307 795 5385 .habita
838 5306 1008 5360 fuerit
1047 5307 1247 5385 oratio,
1285 5307 1374 5385 de“
1399 5313 1756 5385 argumento,
1791 5313 1847 5359 et
1877 5320 2005 5385 num
2115 5316 2229 5385 pta,
2255 5322 2319 5385 ea
2350 5323 2476 5385 ego_
2497 5306 2716 5376 quoque
2748 5309 2838 5385 hic
2888 5318 3017 5363 nota
3052 5306 3365 5385 fisignavi.
3397 5312 3552 5385 Orat.
3588 5313 3677 5368 Gr.

441 5375 688 5450 genuina
710 5377 803 5439 sit,
827 5391 948 5450 nec
975 5391 1066 5450 ne,
1093 5378 1243 5450 etde
1285 5376 1429 5450 aliis,
1466 5391 1615 5450 quae
1650 5375 1758 5450 huc
1788 5383 2005 5450 specta:
2115 5375 2239 5428 ideo
2286 5375 2404 5450 ipse
2453 5375 2770 5450 frequenter
2816 5378 2934 5432 Lat.
2963 5375 3204 5450 _vertit,'
3226 5383 3538 5450 prtesertim
3591 5397 3678 5435 eas

443 5444 588 5509 rent,
613 5446 779 5522 rebus
798 5446 973 5522 _d_octe_
998 5446 1283 5512 disseruit,
1342 5446 1434 5499 hic
1464 5446 1519 5499 in
1567 5444 1814 5522 margine
1870 5444 2002 5497 tomi
2111 5460 2232 5513 qua:
2263 5444 2335 5522 ab
2362 5444 2587 5522 incertis
2620 5448 2750 5501 olim
2779 5457 2936 5501 erant
2963 5448 3118 5522 baud
3140 5444 3280 5504 bene
3312 5451 3371 5506 in
3402 5451 3536 5522 Iing.
3563 5451 3675 5505 Lat.

442 5524 500 5596 et
534 5514 765 5596 paginae.
798 5516 1098 5596 IIIontfauc.
1134 5526 1320 5571 nolam
1352 5515 1604 5596 apposui2
1637 5513 1864 5596 ex'lejus
1905 5529 2000 5582 po-
2106 5517 2425 5596 t‘ranslatae:
2463 5516 2697 5572 aliorum
2745 5527 2929 5573 autem
2976 5521 3264 5574 versiones
3313 5535 3464 5592 saepe
3486 5513 3678 5577 Emen-

447 5582 717 5655 tissimum
753 5584 933 5655 indice
981 5595 1276 5655 sumptam,
1310 5582 1506 5655 ordine
1531 5582 1997 5655 _Aalphabet§co_ex
2105 5582 2272 5638 davit.
2307 5585 2465 5640 HARL.

451 5651 642 5717 primis
665 5652 846 5706 verbis
865 5651 1180 5706 sermonum
1211 5663 1373 5722 atque
1395 5651 1763 5706 homiliarum.
1799 5652 1876 5706 Ex
1906 5652 1998 5706 illo
