3944 6152
492 259 634 317 1545
1489 253 1548 310 S.
1589 250 1870 309 JOANNIS
1915 248 2049 304 CIIII

2146 246 2407 305 .OSTOMI
2450 247 2731 304 OPEIIUM
3590 255 3703 310 1544

568 377 748 430 Εῖδετε
771 375 896 446 χθὲς
924 372 1016 429 τοῦ
1047 375 1430 446 φιλανθρώπου
1456 371 1735 425 δεσπότου.
1766 371 1856 435 27,
1891 370 1944 423 in
1969 369 2108 424 Gen.

2146 369 2233 431 IV,
2261 368 2386 422 259.
2407 399 2472 408 -—
2489 368 2676 437 Montf.
2700 368 2788 432 IV,
2820 367 2944 422 255.
2965 366 3134 422 Savil.
3167 368 3208 432 I,
3227 367 3348 422 204.
3375 365 3504 422 Duc.
3520 367 3580 430 II,
3603 368 3703 422 28-1-

568 465 630 515 Εἰ
661 464 754 516 καὶ
781 463 942 524 αὐτὸς
966 465 1097 532 ἡμῖν
1128 464 1231 515 οὐκ
1266 459 1628 521 ἐπέσταλκας,
1659 459 1838 511 καίτοι
1865 458 1994 510 τῶν.
2025 457 2125 526 Mat

2058 457 2218 527 Iagno
2248 457 2446 524 episc..
2491 456 2657 524 epist.
2683 456 2772 509 26.
2804 456 2890 515 III,
2925 456 3046 510 626.
3080 487 3152 496 —-
3174 456 3359 524 Montf.
3393 455 3486 521 III,
3512 457 3615 512 699.

565 552 627 603 Εἰ
651 549 792 620 [καὶ]
823 552 883 602 ἐν
911 553 975 621 τῇ
1010 553 1080 620 γῇ
1103 550 1372 602 τοιαῦται.
1406 549 1464 601 In
1497 547 1553 601 S.
1582 547 1882 610 Julianum,
1907 544 2122 599 Cilicem

2145 549 2494 609 .martyrem.
2530 539 2700 593 Vertit
2731 539 3196 594 FrontoDucaaus.
3223 538 3286 602 II,
3319 540 3443 593 665.
3469 541 3702 611 —Montf.

499 637 564 699 II,
595 637 720 691 671.
771 636 938 692 Savil.
970 638 1032 700 V,
1060 637 1182 690 621.
1212 635 1346 688 Duc.
1372 635 1414 698 I,
1450 634 1573 688 555.

564 725 625 775 Εἰ
655 723 748 775 καὶ
769 724 980 795 δάκρυα
1004 725 1095 777 καὶ
1118 723 1424 792 στεναγμὸς
1451 718 1538 793 ἦν.
1576 719 1657 773 Ad
1684 716 2035 771 Theodorum
2055 713 2121 782 Ia]

2147 727 2288 766 sum.
2312 712 2354 776 I,
2387 711 2508 766 509.
2543 743 2610 752 —
2642 711 2826 781 Montf.
2850 714 2968 766 Non
3005 713 3300 767 indicatur.
3341 715 3508 769 Savil.
3531 717 3608 779 VI,
3636 717 3701 770 55.

497 807 625 862 Duc.
653 809 740 874 IV,
771 811 894 864 581.

567 897 629 948 Εἰ
651 898 743 949 καὶ
781 897 1043 950 etiamm
1066 899 1231 967 ἡμᾶς.
1258 897 1318 950 In
1343 896 1685 951 Cananaaam.
1733 892 1967 947 Dubium
1989 907 2054 945 an
2099 888 2124 944 (

2148 885 2496 958 hrysostomi.
2525 885 2662 946 VIII,
2695 884 2818 938 655.
2842 914 2909 922 —
2938 881 3128 954 Montf.
3155 885 3292 950 VIII,
3328 888 3451 940 177.
3479 887 3625 942 Sapit.
3657 887 3705 952 ν,

500 981 622 1034 771.
648 981 780 1036 Duc.
804 983 980 1038 deest.

566 1069 629 1119 Εἰ
656 1069 748 1121 καὶ
781 1071 972 1140 ὴμᾶςή
1009 1069 1288 1140 ἀρρωστία
1325 1069 1563 1123 ἐκώλυσε
1583 1061 1860 1139 χόρεῦσαι.
1894 1065 2093 1119 110ιηὶ1.

1894 1065 2093 1119 IIomil.
2125 1063 2181 1116 in
2222 1070 2384 1117 terrae
2414 1071 2642 1116 motum.
2687 1061 2875 1130 Montf.
2919 1061 2985 1123 II,
3031 1062 3153 1114 717.
3190 1061 3257 1122 ll,
3301 1062 3426 1115 715.

565 1152 626 1205 Εἰ
650 1154 744 1206 καὶ
781 1153 854 1225 μὴ
884 1155 1122 1225 συνεχῶς
1143 1157 1558 1226 ἐπεστάλκαμεν
1579 1158 1644 1224 τῇ
1667 1153 1939 1225 τιμιότητί
1975 1168 2090 1204 σου.

2153 1151 2418 1222 Iymnetio
2449 1151 2744 1213 archiatro,
2781 1151 2942 1219 epist.
2976 1151 3045 1204 58
3073 1151 3162 1214 III,
3193 1151 3314 1203 651.
3350 1180 3418 1188 —
3445 1150 3703 1222 MonthlI,

523 1237 647 1293 615.

566 1327 630 1378 Εἰ
661 1327 756 1379 καὶ⁵
783 1327 960 1380 πάντα
988 1327 1069 1380 δεῖ
1105 1327 1197 1380 τὸν
1221 1328 1483 1383 ἀναίτιον.
1514 1328 1820 1383 Innocentii
1853 1329 2010 1395 Papae
2038 1326 2118 1393 Ep

1932 1342 2010 1395 pte
2038 1325 2211 1393 Epist.
2244 1324 2311 1378 ad
2340 1324 2620 1395 Chrysost.
2647 1323 2736 1386 IIl,
2769 1323 2892 1377 557.
2922 1351 2989 1361 -
3019 1322 3206 1392 Montf.
3245 1324 3335 1387 III,
3366 1324 3489 1378 522.

562 1413 626 1464 Εἰ
654 1415 745 1465 καὶ
780 1414 957 1483 πολλῷ
991 1414 1339 1486 διειργόμεοα
1364 1417 1441 1486 τῷ
1462 1416 1562 1485 τῆς
1588 1415 1706 1469 ὁδοῦ
1731 1415 2095 1482 διαστήματι.

2152 1411 2366 1464 limeoni
2402 1421 2457 1464 et
2522 1410 2657 1464 Mari
2711 1426 2797 1479 pr.
2846 1418 2979 1473 etc.,
3012 1411 3177 1478 epist.
3243 1411 3330 1463 55.
3368 1411 3471 1475 III,
3512 1410 3622 1465 659.
3654 1438 3709 1452 -ι-

497 1497 684 1569 ιιοηεί.
707 1500 796 1562 ιιι,
824 1502 941 1556 624.
1569 1523 1574 1527 -

569 1586 630 1636 Εἰ
675 1586 763 1637 καὶ
794 1586 971 1656 πολλῷ
993 1587 1340 1658 διειργόμεθα
1355 1589 1432 1652 τῷ
1465 1589 1566 1656 τῆς
1594 1587 1714 1641 όδοῦ
1744 1587 1928 1658 μήκει.
1955 1586 2126 1656 IIesyc

2148 1585 2227 1638 ιὶο
2259 1584 2566 1650 Salonensi,
2600 1584 2762 1654 epist.
2796 1585 2919 1639 185.
2951 1583 3042 1648 III,
3077 1583 3164 1638 71.
3189 1580 3478 1654 -Μοηιιὶ
3502 1583 3705 1650 111,705.

569 1673 631 1723 Εἰ
665 1673 758 1724 καὶ
781 1673 960 1742 πολλῷ
1001 1675 1359 1745 διῳκίσμεθα.
1398 1676 1589 1730 Proba:
1611 1687 1896 1738 matronm,
1927 1673 2087 1742 epist.
2119 1683 2126 1724 4

1557 1692 1589 1730 e
1611 1687 1896 1738 matronae,
1927 1673 2087 1742 epist.
2119 1672 2240 1726 168.
2275 1672 2363 1734 III,
2407 1671 2528 1724 709.
2563 1670 2845 1738 —Montf.
2876 1671 2965 1732 III,
2991 1671 3114 1724 696.

570 1759 633 1811 El
660 1759 752 1812 καὶ
783 1760 961 1830 πολλῷ
990 1763 1068 1831 τῷ
1092 1763 1241 1833 μέσῳ
1267 1765 1365 1834 τῆς
1392 1764 1510 1817 ὁδοῦ
1541 1763 1928 1832 διεστήκαμεν.
1958 1759 2127 1814 Lucio

1776 1778 1928 1831 ιμεν.
1958 1759 2150 1823 Lucio,
2182 1761 2343 1830 epist.
2369 1760 2455 1815 85.
2485 1759 2574 1824 III,
2604 1760 2729 1815 655.
2772 1788 2842 1797 —
2873 1759 3056 1828 Montf.
3091 1759 3178 1822 III,
3208 1760 3333 1814 658.

569 1847 630 1898 Εἰ
663 1847 754 1899 καὶ
777 1848 942 1901 πολὺν
963 1848 1070 1919 ἔχω
1097 1852 1286 1920 χρόνον
1322 1851 1395 1921 μὴ
1427 1852 1843 1921 συγγενόμενος.
1878 1849 2125 1912 Urbicio,

1791 1869 1843 1914 ις.
1878 1849 2125 1912 Urbicio,
2165 1849 2327 1916 epist.
2365 1847 2483 1901 108.
2511 1848 2601 1908 III,
2638 1847 2763 1902 667.
2791 1877 2860 1888 —-
2883 1847 3072 1915 Montf.
3103 1847 3194 1908 III,
3225 1848 3348 1901 655.

569 1931 631 1985 Εἰ
661 1935 752 1986 καὶ
778 1933 942 1997 πολὺς
976 1937 1178 2002 μεταξὺ
1212 1937 1402 2006 χρόνος
1428 1938 1485 2003 ἐξ
1524 1931 1584 1990 οὗ
1617 1939 1714 2004 τῆς
1755 1938 1921 2006 Θαυμ.
1955 1935 2126 2005 Agape

1844 1954 1921 2006 ιμ.
1955 1935 2216 2005 Agapeto,
2251 1935 2413 2004 epist.
2453 1935 2540 1988 75.
2569 1932 2656 1998 111,
2683 1934 2808 1988 648.
2835 1965 2898 1973 -
2932 1933 3121 2002 Montf.
3152 1934 3246 1996 III,
3279 1934 3401 1988 655.

569 2020 631 2072 Εἰ
668 2022 762 2075 καὶ
793 2022 892 2090 τῆς
924 2023 1044 2076 κατ’
1072 2024 1195 2093 δψιν
1234 2043 1325 2077 σου
1360 2025 1668 2095 συντυχίας.
1703 2025 1901 2079 Basilio
1933 2023 2126 2093 presby

1933 2023 2273 2093 presbytero,
2308 2023 2468 2089 epist.
2498 2019 2586 2074 28.
2622 2019 2710 2084 III,
2747 2020 2869 2074 627.
2906 2051 2972 2064 ν-
2997 2019 3181 2089 Montf.
3219 2020 3308 2083 III,
3333 2022 3460 2076 610.

573 2105 631 2158 El
663 2109 756 2160 καὶ
780 2107 904 2176 χθὲς
937 2109 1091 2178 ὑμῶν
1121 2111 1474 2182 ἀπελείφθην.
1508 2113 1581 2166 De
1607 2113 1948 2182 pmnitentia.
1983 2111 2130 2165 Verti

2148 2118 2160 2164 t
2209 2107 2506 2163 Godfridus
2539 2107 2881 2161 Tilmannus.
2919 2105 2984 2168 II,
3019 2105 3143 2159 555.
3179 2136 3244 2148 ——
3297 2105 3488 2177 Hom].
3533 2105 3705 2168 “.510.

498 2190 664 2245 Savil.
698 2193 782 2256 VI,
823 2195 944 2250 784.
977 2195 1107 2249 Duc.
1140 2197 1228 2262 IV,
1251 2198 1374 2251 478.

571 2279 725 2340 Εἰκὸς
756 2274 822 2348 ἦν
855 2280 1079 2342 πολλοὺς
1110 2282 1216 2333 τῶν
1247 2283 1669 2354 ἀσθενεστέρως.
1703 2285 1786 2346 16,
1820 2283 1874 2336 in
1899 2283 2074 2352 Epist.
2109 2298 2128 2336 ί]

2150 2282 2176 2336 [1
2210 2281 2488 2337 Hebraeos.
2512 2280 2628 2346 XII,
2675 2281 2793 2334 125,
2820 2310 2889 2319 -
2914 2278 3106 2350 Montf.
3140 2279 3258 2345 XII,
3291 2281 3416 2334 157.
3457 2281 3612 2336 Savil.
3637 2280 3707 2342 IV,

498 2364 620 2417 517.
665 2364 793 2418 Duc.
831 2369 848 2387 '
882 2366 969 2428 VI,
1003 2367 1128 2422 845.

568 2453 629 2504 Εἰ
665 2452 894 2516 καὶτοῖς
935 2453 1206 2523 Ἑϐραίοις
1244 2457 1272 2508 ό
1298 2455 1530 2525 ψαλμός.
1567 2455 1625 2508 In
1657 2454 1848 2523 psalm.
1882 2468 2022 2507 χειν.
2057 2451 2125 2520 Sp

1442 2455 1530 2518 ἰός.
1567 2455 1625 2508 In
1657 2454 1848 2523 psalm.
1882 2468 2022 2507 χειν.
2057 2450 2255 2520 Spuria
2279 2452 2336 2504 in
2372 2459 2504 2505 tom.
2537 2452 2600 2506 Υ.
2623 2452 2746 2506 785.
2779 2453 2842 2516 V,
2879 2454 2999 2508 769.

572 2538 631 2590 Εἰ
659 2539 754 2592 καὶ
781 2538 858 2608 τῷ
884 2537 1512 2610 σώματι-κεχωρίσμεοά
1549 2558 1641 2594 σου
1672 2541 1770 2608 τῆς
1796 2539 2095 2606 εὐγενείας.
2122 2539 2129 2591 ]

1997 2539 2095 2598 lac.
2122 2538 2377 2602 Evethio,
2398 2539 2559 2608 epist.
2595 2539 2714 2594 175.
2749 2538 2836 2601 III,
2865 2541 2986 2593 710.
3026 2570 3092 2580 -
3111 2539 3417 2609 Montf.fIlI,
3439 2539 3554 2595 698.

571 2621 634 2676 Εἰ
661 2625 755 2676 καὶ
783 2625 858 2693 τῷ
890 2624 1101 2694 σώματι
1128 2627 1510 2696 κεχωρίσμεθά
1544 2644 1636 2679 σου
1659 2626 1759 2693 τῆς
1787 2625 1988 2692 τιμιότ.
2022 2623 2128 2678 Seb

2148 2625 2344 2678 Istiano
2368 2625 2574 2694 presb..
2610 2626 2769 2692 epist.
2795 2625 2918 2679 214.
2956 2626 3045 2688 III,
3078 2626 3276 2680 729.—
3295 2626 3584 2696 MonthlI,
3605 2623 3705 2679 718.

571 2710 635 2762 Εἰ
673 2710 767 2768 καὶ
801 2711 1033 2780 χαλεπὸς
1063 2715 1090 2765 ὁ
1122 2712 1328 2783 χειμὼν
1353 2714 1444 2764 καὶ
1473 2714 1608 2782 πρὸς
1635 2712 1786 2780 ὕψος.
1820 2710 2104 2765 Theodulo

2031 2711 2104 2764 ιΙο
2134 2711 2385 2774 diacono,
2419 2712 2581 2780 epist.
2613 2711 2735 2765 206.
2765 2710 2854 2774 Ill,
2898 2713 3020 2766 726.
3049 2712 3318 2781 —Montf.
3345 2713 3436 2777 III,
3477 2712 3588 2766 715.

568 2797 804 2861 Εἰκότως
831 2799 1048 2867 ἀγωνιῶ
1068 2804 1191 2864 τοῖς
1216 2804 1314 2870 τῆς
1340 2800 1543 2863 δειλίας
1581 2800 1818 2870 δεσμοῖς.
1853 2800 1913 2853 In
1946 2798 2125 2868 prodit

1540 2819 1543 2854 τ
1581 2800 1818 2870 δεσμοῖς.
1853 2800 1913 2853 In
1946 2798 2320 2868 proditionem
2353 2797 2526 2852 Judaa.
2563 2797 2762 2865 Spuria
2793 2806 2849 2850 et
2874 2799 3097 2851 omissa.

570 2883 805 2947 Εἰκότως
829 2886 925 2938 καὶ
951 2887 1210 2957 τήμερον.
1234 2887 1292 2940 1η
1322 2886 1696 2941 sanctissimos
1725 2885 2014 2939 duodecim
2064 2902 2127 2954 ap

2150 2886 2360 2939 )stolos.
2394 2885 2571 2940 Vertit
2611 2885 2777 2939 Gerh.
2829 2886 3075 2940 Vossius.
3110 2885 3269 2940 Rom.
3303 2885 3462 2940 1580.
3514 2884 3707 2954 Spuria.

503 2968 634 3028 VIII,
670 2969 794 3024 495.
834 3002 903 3012 —
928 2971 1116 3040 Montf.
1145 2973 1279 3034 VIII,
1307 2973 1393 3026 11.
1424 2972 1590 3028 Savil.
1632 2974 1695 3036 V,
1727 2973 1850 3026 995.
1884 2971 2015 3024 Duc.
2057 2973 2060 2979 ’

743 2971 794 3024 5.
834 3002 903 3012 -
928 2971 1116 3040 Montf.
1145 2973 1279 3034 VIII,
1307 2973 1393 3026 11.
1424 2972 1590 3028 Savil.
1632 2974 1695 3036 V,
1727 2973 1850 3026 995.
1884 2971 2015 3024 Duc.
2057 2972 2144 3035 VI,
2178 2971 2300 3024 268.

571 3057 807 3118 Εἰκότως
834 3059 972 3126 μετὰ
1012 3059 1109 3128 τὴν
1137 3060 1337 3130 πολλὴν
1362 3061 1724 3130 κατασκευήν.
1755 3060 1842 3123 56,
1880 3059 1934 3111 in
1974 3059 2016 3124 I,
2053 3059 2121 3113 ad

2152 3057 2392 3118 Corinth.
2427 3057 2496 3121 X,
2527 3056 2649 3110 505.
2675 3087 2745 3095 -—
2769 3057 2958 3127 illaut].
3004 3057 3074 3122 Χ,
3111 3057 3232 3112 552.
3267 3056 3439 3112 Savil.
3493 3058 3574 3123 III,
3606 3055 3709 3111 482.

498 3141 654 3193 Duc.‘
669 3143 734 3204 V,
761 3143 884 3197 597.

574 3245 808 3308 Εἰκότως
841 3247 982 3318 ᾠδὴν
1011 3250 1104 3300 καὶ
1133 3250 1345 3319 ψαλμὸν
1370 3249 1469 3320 τὴν
1497 3268 1630 3320 παρ.
1662 3252 1718 3304 in
1749 3253 1886 3320 psal.
1922 3266 2120 3312 LXXXII,

1662 3252 1718 3304 in
1749 3253 1886 3320 psal.
1922 3266 2120 3312 LXXXII,
2153 3247 2371 3316 Spuria.
2405 3248 2469 3309 Υ,
2503 3247 2627 3301 752.
2665 3275 2730 3287 ——-
2754 3247 2941 3317 Montf.
2977 3247 3041 3311 V,
3078 3248 3201 3302 7.15.

569 3332 630 3383 Et
664 3333 762 3400 μὲν
790 3329 858 3405 ἦν
889 3336 1130 3390 δυνατόν.
1167 3338 1242 3391 De
1271 3338 1524 3392 Abraami
1553 3345 1609 3391 et
1628 3338 1754 3392 Noae
1785 3338 2068 3391 nominum
2088 3336 2390 3390 mutatione
2419 3343 2474 3388 et
2498 3335 2773 3402 quomodo
2800 3334 3030 3388 fratrum
3064 3341 3285 3402 peccata
3311 3349 3547 3405 arguere
3570 3346 3712 3403 opor-

499 3423 629 3471 teat.
657 3417 833 3473 Vertit
871 3421 1074 3475 Fronto
1099 3422 1346 3477 Ducazus.
1373 3423 1458 3488 IV,
1487 3423 1610 3477 619.
1641 3453 1710 3464 —
1739 3424 1923 3494 Montf.
1950 3423 2038 3486 IV,
2076 3423 2196 3477 68-1.
2231 3421 2396 3476 Savil.
2425 3422 2489 3482 V.
2519 3423 2606 3474 51.
2637 3421 2770 3475 Duc.
2796 3423 2863 3486 II,
2900 3422 3022 3474 775.

569 3506 631 3557 Εἰ
657 3506 754 3574 μὲν
791 3508 1045 3579 Ἰωάννης
1078 3511 1210 3580 ἡμῖν
1236 3509 1427 3580 ἔμελλε
1459 3509 1823 3578 διαλέγεσθαι.
1857 3510 2014 3564 IIom.
2047 3509 2126 3564 Iit

2168 3509 2324 3564 Joan.
2362 3507 2600 3570 VIII,29.
2619 3508 2885 3576 —-—Mont[.
2910 3507 3046 3571 VIII,
3079 3508 3132 3560 7.
3154 3505 3322 3561 Savil.
3351 3507 3424 3572 II,
3449 3508 3570 3563 559.
3599 3504 3708 3559 Duc.

499 3590 597 3650 ’11.
623 3593 676 3646 9.

566 3680 630 3731 Εἰ
657 3680 754 3748 μὲν
780 3681 873 3735 καὶ
890 3681 978 3735 διὰ
1005 3682 1207 3746 παντὸς
1242 3680 1336 3735 τοῦ
1367 3682 1502 3736 Θεοῦ
1537 3683 1651 3752 φιλ.
1680 3686 1737 3739 1η
1773 3684 1942 3738 ﬁlium
1973 3681 2123 3753 prodi

1368 3682 1502 3736 Θεοῦ
1537 3683 1651 3752 φιλ.
1680 3686 1737 3739 1η
1773 3684 1942 3738 ﬁlium
1973 3681 2284 3753 prodigum.
2314 3680 2567 3734 Lambec.
2593 3680 2681 3743 IV,
2714 3696 2769 3749 p.
2805 3680 2925 3734 125.

569 3766 632 3818 Εἰ
667 3767 764 3836 μὲν
798 3764 909 3821 οἷόν
945 3786 1005 3821 τε
1030 3765 1097 3839 ἦν
1119 3772 1210 3823 καὶ
1237 3771 1408 3824 ἐλθεῖν
1442 3775 1536 3826 καὶ
1558 3772 2004 3845 περιπτύξεσθαι.
2037 3769 2126 3822 Τ1κ

1967 3789 2004 3823 ι.
2037 3768 2344 3829 Theodoro,
2368 3767 2529 3835 epist.
2560 3766 2679 3818 112.
2711 3765 2798 3828 III,
2830 3766 2952 3819 668.
2985 3762 3371 3834 —Montf.|IlI,
3391 3765 3520 3820 655.

570 3854 632 3905 Εἰ
665 3857 763 3923 μὲν
801 3852 892 3909 οὖν
912 3857 1211 3920 τελείωσις.
1250 3859 1334 3911 15.
1369 3859 1420 3912 in
1441 3861 1613 3929 Epist.
1639 3862 1706 3915 ad
1745 3860 2020 3914 Hebraeos.
2052 3854 2124 3909 XI

2155 3895 2168 3919 ,
2193 3853 2314 3906 101.
2339 3881 2404 3891 —-
2450 3852 2636 3922 Montf.
2677 3852 2791 3916 XII,
2829 3852 2948 3906 128.
2981 3850 3145 3906 Savil.
3190 3852 3278 3916 IV,
3306 3851 3436 3906 500.
3469 3853 3600 3906 Duc.
3623 3848 3710 3910 ‘VI,

498 3938 624 3993 8I9.

569 4028 631 4079 Εἰ
666 4029 762 4095 μὲν
782 4027 941 4082 τοῦτο
964 4030 1287 4100 παρακαλῶ.
1336 4032 1393 4085 In
1431 4033 1565 4087 illud
1597 4051 1609 4087 :
1641 4036 1792 4089 Mitte
1822 4032 2108 4084 Lazarum.

1336 4032 1393 4085 In
1431 4033 1565 4087 illud
1597 4051 1609 4087 :
1641 4036 1792 4089 Mitte
1822 4032 2108 4084 Lazarum.
2145 4029 2340 4101 Spuria
2369 4040 2425 4085 et
2462 4036 2848 4100 pnetermissa.

569 4118 630 4168 Εἰ
655 4118 728 4188 μὴ
750 4119 890 4171 δοκῶ
919 4123 1228 4191 προσκορής
1261 4139 1420 4174 τισιν.
1451 4123 1528 4177 De
1565 4125 1718 4178 Anna
1738 4133 1793 4180 et
1823 4125 1889 4178 de
1921 4122 2126 4178 Samuel

2157 4137 2189 4174 πε
2211 4119 2558 4174 educatione.
2587 4118 2764 4172 Vertit
2792 4119 3067 4172 Erasmus.
3095 4117 3182 4181 IV,
3202 4117 3327 4171 652.
3346 4116 3620 4185 —Montf.
3641 4112 3714 4176 IV,

499 4204 620 4257 721.
647 4202 810 4258 Savil.
844 4206 903 4269 V,
929 4207 1016 4261 66.
1041 4207 1173 4259 Duc.
1206 4207 1273 4270 II,
1303 4208 1424 4262 810.

567 4293 629 4344 Εἰ
659 4293 732 4362 μὴ
758 4294 962 4362 σφόδρα
995 4293 1090 4363 τὴν
1113 4295 1344 4362 γνησίαν
1381 4295 1410 4346 ὑ
1419 4293 1534 4364 μῶν
1552 4294 1772 4362 ἀγάπην
1794 4293 1959 4364 ᾔδειν.
1982 4292 2119 4347 Seve

2155 4291 2256 4346 inae
2273 4300 2331 4344 et
2351 4290 2614 4352 Romula,
2637 4290 2798 4360 epist.
2819 4290 2944 4345 219.
2965 4291 3053 4356 111,
3076 4291 3167 4345 751
3184 4291 3472 4362 .-Μοηεῖ.
3499 4292 3589 4358 111,
3609 4289 3712 4344 7%.

565 4372 732 4431 Εἶπεν
753 4379 782 4430 ὁ
811 4379 998 4450 κύριος
1024 4383 1137 4442 τοῖς
1172 4380 1367 4433 ἑαυτοῦ
1411 4380 1701 4451 μαθηταῖς·
1721 4379 1859 4446 Ἐγώ
1889 4382 2058 4448 εἰμιή
2093 4379 2120 4431 θ

1432 4380 1701 4451 ιαθηταῖς·
1721 4379 1859 4446 Ἐγώ
1889 4382 2058 4448 εἰμιή
2093 4378 2250 4447 θύρα.
2285 4377 2484 4446 Spuria
2520 4385 2577 4431 et
2605 4379 2989 4445 praetermissa.

564 4460 731 4517 Εἶπεν
771 4465 854 4518 δτι
888 4466 972 4534 ἐφ’
1000 4468 1120 4520 ὅσον
1147 4470 1262 4536 εἰμί
1288 4468 1454 4521 ἐθνῶν
1477 4468 1793 4529 ἀπόστολος.
1819 4467 1877 4521 In
1901 4467 2072 4535 Epist.
2097 4481 2121 4519 a

1986 4467 2072 4520 ist.
2097 4465 2164 4519 ad
2200 4463 2357 4518 Rom.
2400 4463 2548 4517 hom.
2581 4464 2670 4518 29.
2698 4463 2789 4526 IX,
2821 4464 2944 4518 655.
2977 4494 3046 4504 -
3070 4464 3256 4534 ΜοηεῙ.
3281 4465 3374 4529 IX,
3407 4466 3536 4520 729.

564 4552 753 4616 Εἶπεν,
784 4552 866 4604 ὅτι
887 4551 1084 4605 λίθιναι
1111 4554 1166 4604 αἰ
1201 4553 1424 4616 πλάκες.
1452 4555 1503 4620 7,
1532 4554 1586 4607 in
1621 4555 1686 4616 II,
1718 4555 1786 4608 ad
1816 4553 2064 4608 Corinth.
2096 4552 2121 4606 Ἰ

2158 4552 2387 4615 ,441.--
2418 4549 2603 4619 Hontf.
2629 4549 2697 4611 Χ,
2722 4552 2842 4605 479.
2871 4549 3038 4605 Savil.
3071 4551 3160 4615 III,
3188 4551 3308 4606 584.
3341 4551 3482 4605 Duc.
3512 4551 3594 4614 'V,
3611 4547 3715 4603 568.

567 4635 754 4700 Εἶπεν,
781 4637 863 4690 ὅτι
890 4638 992 4691 οὑκ
1019 4638 1278 4692 ἀπώσατο
1302 4641 1330 4692 ὁ
1359 4641 1508 4702 Θεός.
1540 4641 1624 4694 19.
1649 4640 1702 4694 in
1742 4640 1916 4709 Epist.
1948 4639 2015 4693 ad
2043 4639 2124 4693 Ro

2156 4654 2200 4692 ιι.
2239 4636 2332 4702 1x,
2366 4637 2490 4690 585.
2521 4666 2589 4673 -
2617 4636 2802 4706 ΜοηεῙ.
2853 4636 2941 4700 Ix,
2974 4636 3096 4691 642.
3121 4636 3289 4691 Savil.
3315 4638 3405 4701 III,
3447 4637 3566 4692 162.
3602 4635 3713 4688 υκε.

493 4721 604 4787 ‘IV,
637 4722 761 4777 272.

556 4826 723 4881 Εἶπεν
747 4829 827 4881 ὅτι
858 4833 928 4883 τὰ
963 4832 1198 4902 κατ’ὲμὲ
1228 4833 1310 4895 εἰς
1343 4833 1644 4903 προκοπήν.
1675 4834 1732 4897 9,
1770 4833 1826 4886 in
1860 4832 2034 4902 Epist,
2075 4849 2113 4886 at

2175 4832 2413 4902 Philipp.
2453 4831 2545 4897 XI,
2570 4831 2693 4885 245.
2725 4827 2792 4870 σέ
2814 4831 3001 4901 Montf.
3045 4832 3138 4896 XI,
3170 4833 3295 4887 265.
3336 4831 3511 4887 Savil.
3542 4832 3626 4894 IV,
3642 4827 3710 4882 50.

492 4914 625 4968 Duc.
646 4915 758 4979 ‘VI,
789 4916 876 4970 85.

565 5002 748 5054 Εἰπὼν
787 5002 869 5054 ὅτι
902 5000 962 5053 τὸ
988 5001 1166 5072 μωρὸν
1192 5001 1287 5053 τοῦ
1319 5001 1473 5055 Θεοῦ.
1514 5002 1566 5065 5,
1592 5001 1646 5055 in
1667 5002 1710 5063 I,
1739 5002 1804 5056 ad
1843 5001 1969 5057 Cor.
2004 5002 2049 5056 X

2066 5044 2072 5064 .
2102 5003 2190 5058 59.
2224 5033 2290 5042 -—
2324 5004 2509 5075 Montf.
2543 5006 2611 5068 X,
2636 5007 2724 5060 55.
2755 5006 2921 5061 Savil.
2963 5006 3053 5068 III,
3085 5009 3208 5063 267.
3242 5008 3375 5062 Duc.
3413 5010 3503 5072 'V,
3540 5009 3623 5062 41.

563 5087 747 5140 Εἰπὼν
785 5089 896 5141 ἄνω
921 5089 1050 5158 περὶ
1080 5087 1178 5156 τῆς
1209 5088 1542 5157 εὐεργεσίας.
1571 5088 1628 5141 1η
1653 5089 1789 5157 psal.
1818 5104 2008 5143 cxxxv.
2036 5091 2101 5154 V,

2129 5090 2250 5146 599.
2273 5121 2342 5129 —
2367 5092 2553 5162 Montf.
2584 5095 2647 5156 V,
2676 5094 2797 5148 596.
2849 5093 3014 5148 Savil.
3049 5093 3089 5157 1,
3122 5095 3244 5149 851.
3282 5097 3420 5150 Duc.
3456 5098 3547 5160 III,
3574 5092 3681 5150 459.

562 5175 749 5229 Εἰπὼν
781 5178 964 5230 ἐκεῖνα
1001 5176 1069 5230 τὰ
1096 5175 1303 5245 φοϐερὰ
1326 5177 1418 5229 καὶ
1448 5176 1719 5246 φρικώδη.
1749 5179 1837 5241 55,
1884 5178 1939 5231 in
1991 5178 2119 5231 Matt

2152 5193 2323 5232 laeum.
2359 5179 2472 5246 vn,
2500 5181 2625 5234 597.
2653 5212 2720 5221 —
2765 5182 2952 5251 Montf.
2986 5181 3099 5246 vn,
3147 5183 3266 5237 588.
3303 5181 3479 5238 Savil.
3507 5183 3573 5247 ιι,
3605 5179 3709 5234 2'53.

495 5263 621 5316 Duc.
656 5263 720 5326 ’1,
752 5261 876 5316 405.

563 5349 746 5402 Εἰπὼν
771 5351 826 5401 ὲν
853 5352 919 5420 τῇ
956 5349 1193 5421 προτέρα
1227 5351 1504 5422 ἐπιστολῇ.
1542 5352 1590 5417 1,
1632 5353 1686 5406 in
1711 5353 1776 5418 II,
1798 5353 1865 5407 ad
1901 5352 2120 5407 Thessal

2150 5367 2220 5407 In.
2254 5353 2342 5417 XI,
2381 5355 2503 5409 467.
2535 5386 2603 5394 --
2632 5355 2818 5424 Montf.
2852 5355 2943 5420 XI,
2981 5356 3103 5410 510.
3137 5353 3302 5412 Savil.
3326 5356 3422 5421 IV,
3452 5357 3577 5410 221.
3603 5351 3707 5404 Dur.

493 5435 600 5500 'VI,
620 5435 742 5490 561.

559 5541 742 5595 Εἰπὼν
773 5542 899 5611 μίαν
931 5543 1026 5596 καὶ
1055 5544 1298 5614 πρώτην.
1335 5545 1401 5609 11,
1438 5549 1490 5601 2.
1522 5548 1574 5601 in
1607 5549 1651 5606 II
1679 5549 1744 5602 ad
1763 5549 2009 5604 Corinth.
2040 5551 2107 5604 X.

2150 5551 2262 5604 591.
2294 5580 2366 5589 —
2395 5549 2580 5618 Montf.
2607 5548 2676 5612 X,
2701 5548 2822 5603 427.
2858 5547 3023 5604 Sam't.
3054 5550 3144 5614 III,
3171 5550 3292 5605 548.
3324 5549 3470 5603 Duc.
3498 5549 3581 5609 Ὗ,
3606 5544 3707 5599 507.

562 5626 764 5693 Εἰπὼν,
784 5629 865 5680 ὅτι
892 5629 1151 5684 ἀδύνατον
1174 5633 1451 5701 ποτριήον.
1472 5634 1560 5698 25,
1599 5634 1650 5686 in
1675 5636 1714 5698 I,
1747 5637 1810 5688 ad
1842 5636 2088 5693 Corinth.

2150 5637 2186 5702 ἱ,
2211 5636 2599 5703 205.-ΜοηιῙ.
2620 5636 2691 5701 Χ,
2708 5636 2830 5690 219.
2866 5634 3033 5691 Savil.
3051 5635 3140 5704 III,
3163 5635 3283 5692 401.
3309 5633 3453 5691 Duc.
3479 5634 3581 5701 ‘V,
3601 5627 3707 5686 263.
