3944 6152
461 264 606 320 Δ15ῗῖ5
1589 261 1645 316 8.
1687 259 1738 317 J.
1782 258 2018 314 CIIRYS‘

2160 258 2272 315 DMI
2310 254 2594 315 OPERUM
3037 247 3040 250 ’
3578 258 3717 312 1556

538 384 603 436 Ἦ
630 381 761 436 Θεία
792 380 943 450 φωνὴ
973 378 1068 432 τοῦ
1103 376 1330 448 Κυρίου.
1359 379 1569 434 Bonum
1598 378 1804 435 Christi
1833 381 2095 451 (IISCIPIIII

2160 397 2170 434 ι
2200 381 2500 451 benignum
2530 395 2685 451 esse,
2718 395 2820 434 nec
2851 379 2963 433 cito
2993 377 3176 432 irasci.
3201 377 3407 440 ,Edidit
3441 377 3574 434 Fed.
3609 379 3717 435 Ito-

458 471 629 526 rellus
661 469 817 524 1594.
840 466 1021 523 Vertit
1051 465 1258 520 Fronto
1290 465 1541 521 Ducaaus.
1583 467 1861 522 Incertum
1895 484 1961 520 an
1992 484 2015 522 s

2158 469 2490 538 trysostomi.
2523 467 2565 533 Ι,
2598 465 2828 523 1069.—
2852 466 3039 535 Montf.
3066 465 3109 530 l,
3137 462 3264 520 815.
3294 463 3464 523 Sam'l.
3482 467 3572 532 IV,
3597 467 3715 522 905.

458 555 592 609 Duc.
621 555 795 609 deest.

531 641 629 713 [Ἡ
658 641 814 712 θεῖκὴ
845 643 940 696 καὶ
967 640 1292 714 προαιώνιος
1316 641 1381 694 ἐκ
1402 639 1500 692 τοῦ
1528 641 1720 708 τάφου.
1753 639 1814 694 In
1843 640 1975 708 psal.
2009 656 2088 695 γη]

1330 643 1381 694 ὲκ
1402 639 1500 692 τοῦ
1528 641 1720 708 τάφου.
1753 639 1814 694 In
1843 640 1975 708 psal.
2009 656 2123 704 vm,
2155 640 2356 712 Spuria
2385 651 2442 697 et
2479 640 2887 712 praetermissa]

530 726 792 800 [Ἢθελον
819 729 977 797 κάγὼ
1010 731 1250 799 σήμερον
1279 729 1536 797 παρεῖναι
1563 729 1680 790 τοῖς
1712 727 1909 794 ἁγίοις.
1940 727 2085 797 Spur

2128 746 2140 784 ι
2169 739 2225 786 et
2253 729 2504 800 omissa.]
3683 755 3685 758 7

533 814 769 869 Ἤθελον
800 816 898 886 μὲν
928 817 1016 869 ἀεὶ
1050 816 1142 869 καὶ
1181 815 1436 868 πάντοτε.
1468 815 1526 868 In
1555 814 1848 869 Herodem.
1885 815 2090 871 Dubiur

2156 832 2219 871 an
2253 818 2327 872 sit
2354 816 2756 888 Cbrysostomi.
2799 815 3072 889 [Spuria.]
3099 815 3168 883 X,
3197 815 3320 872 699.
3339 847 3404 857 ——
3430 816 3618 886 Montf.
3651 817 3713 881 Χ,

460 901 582 957 750.
615 901 781 957 Sauil.
816 903 930 968 VII,
961 903 1084 958 518.
1121 903 1254 956 Duc.
1288 902 1464 957 deest.

473 974 489 988 ’
535 988 799 1061 [Ἦθικὴν
823 989 1059 1046 ἐνταῦθα
1078 991 1456 1044 διδασκαλίαν.
1485 988 1544 1043 In
1575 991 1714 1059 psal.
1747 1005 1821 1043 IV.
1857 989 2030 1060 Spuri:

1034 991 1456 1044 πιδιδασκαλίαν.
1485 988 1544 1043 In
1575 991 1714 1059 psal.
1747 1005 1821 1043 IV.
1857 989 2056 1060 Spuria
2083 999 2142 1045 et
2177 989 2591 1063 prqermissaJ

545 1075 608 1130 Ἡ
633 1079 777 1132 κατὰ
804 1078 905 1149 τὴν
929 1079 1265 1150 Σαμαρεῖτιν
1297 1077 1571 1139 ὑπόθεσις.
1612 1077 1682 1130 44
1701 1117 1718 1142 ,
1759 1079 1815 1131 in
1847 1077 2102 1134 Genesin.

2158 1078 2387 1148 ,v,_405.
2421 1108 2494 1120 —
2525 1077 2716 1148 Montf.
2745 1079 2833 1145 1v,
2868 1080 2995 1134 m.
3023 1078 3190 1134 Savil.
3225 1079 3278 1143 ι,
3309 1076 3435 1132 558.
3487 1079 3621 1134 Duc.
3652 1080 3715 1143 ιι,

532 1252 676 1312 Ἧκε
708 1259 802 1312 καὶ
829 1260 1072 1331 σήμερον
1099 1261 1388 1332 Ἱερεμίας.
1419 1261 1496 1315 De
1529 1259 1743 1332 jejunio
1773 1274 1942 1314 serm.
1974 1259 2028 1314 6.
2063 1259 2089 1313 Ι

2141 1257 2335 1323 ὼίυω,
2372 1272 2442 1312 an
2472 1257 2545 1311 sit
2573 1256 2975 1328 Chrysostomi.
3007 1257 3110 1319 IX,
3147 1257 3270 1310 721.
3304 1285 3373 1294 ——-
3399 1255 3586 1326 Hom].
3631 1253 3698 1307 IX

463 1345 586 1400 804.
619 1343 786 1401 Savil.
815 1346 908 1412 VI,
933 1346 1059 1402 940.
1097 1347 1232 1401 Duc.
1266 1347 1444 1402 deest.

534 1433 701 1486 Ἥκει
731 1435 922 1504 καιρὸς
949 1434 1026 1503 τῷ
1059 1434 1222 1487 παντὶ
1249 1435 1559 1504 πράγματι.
1591 1434 1652 1488 In
1681 1431 2024 1488 Dominicam
2044 1448 2078 1487 V

2161 1431 2313 1501 iunii.
2334 1430 2577 1485 Dubium
2609 1445 2680 1484 an
2705 1434 2779 1486 sit
2795 1429 3368 1500 Chrysostomi.an.
3388 1429 3485 1485 Est
3507 1429 3718 1503 eadem,

463 1532 586 1588 qua:
618 1521 911 1591 superior;
948 1520 1043 1575 sed
1085 1521 1261 1575 variat
1291 1521 1347 1574 in
1380 1520 1568 1575 multis
1592 1520 1780 1591 judice
1807 1519 2108 1576 Montfauc.
2138 1521 2304 1576 IIABL.
2334 1520 2426 1586 XI,
2460 1521 2582 1576 751.
2612 1550 2684 1560 -
2713 1519 2882 1574 Sam’l.
2919 1520 3009 1575 VII
3029 1560 3045 1584 ,
3072 1519 3198 1574 469.
3234 1519 3368 1573 Duc.
3406 1519 3582 1574 deest.

533 1601 712 1660 Ἧκεν
737 1609 868 1678 ἡμῖν
899 1607 1168 1671 ἐνιαύσιος
1197 1609 1403 1678 ἡμέρα.
1436 1609 1513 1664 De
1545 1609 1868 1664 adoratione
1899 1611 2090 1674 crucis,

2165 1609 2314 1664 media
2338 1607 2887 1679 jejuniorum.Vertit
2911 1607 3232 1661 Joachimus
3259 1607 3557 1661 Perionius
3585 1624 3598 1668 ;
3624 1623 3722 1661 ex-

463 1702 571 1748 stat
599 1695 765 1748 etiam
795 1693 982 1750 Graece
1013 1703 1070 1750 et
1096 1694 1292 1750 Latine
1325 1695 1474 1749 edita
1499 1711 1529 1749 a
1555 1689 1979 1751 Jac.'Gretsero.
2011 1697 2272 1762 Dubium,
2308 1713 2378 1751 an
2407 1697 2480 1752 sit
2505 1695 2786 1766 Chrysost.
2810 1693 3079 1765 [Spuria.]
3105 1695 3331 1759 111,855.
3351 1695 3721 1766 -—-Montf.lll,

463 1781 586 1834 819.
615 1778 780 1834 Savil.
811 1781 876 1846 V,
913 1781 1036 1835 817.
1067 1781 1201 1835 Duc.
1235 1781 1323 1846 VI,
1355 1781 1480 1836 511.

533 1856 707 1921 *Ηκεν
741 1871 874 1940 ἡμῖν
898 1869 1191 1933 ἐνιαύσιος,
1226 1871 1470 1940 σήμερον
1499 1872 1528 1922 ὁ
1557 1870 1657 1939 τῆς
1681 1869 2012 1941 οἰκουμένης
2057 1870 2090 1922 ἀ

2163 1871 2319 1939 ητής.
2361 1869 2437 1924 De
2467 1870 2618 1940 justo
2647 1878 2703 1925 et
2731 1868 2895 1924 beato
2925 1867 3086 1925 Jobo.
3110 1869 3288 1923 Vertit
3317 1868 3519 1924 Lmlius
3542 1869 3720 1924 Tifer-

351 2007 353 2009 .
463 1955 582 2010 nas.
607 1955 870 2022 Dubium,
901 1972 970 2011 an
993 1955 1277 2028 Chrysost.
1311 1955 1534 2028 [Spuria
1561 1956 1581 2029 ]
1614 1957 1703 2021 V1,
1736 1958 1859 2012 563.
1901 1988 1971 1998 —
1996 1957 2186 2028 Montf.
2214 1957 2304 2020 Vl,
2337 1957 2460 2012 579.
2495 1956 2662 2012 Savil.
2695 1956 2760 2021 V,
2801 1956 2925 2011 949.
2958 1955 3092 2009 Duc.
3121 1957 3216 2020 V1,
3240 1957 3329 2010 67.

535 2043 783 2112 Ἥκομεν
812 2044 940 2113 ὑμῖν
966 2043 1329 2114 εὐγνώμονες.
1367 2044 1425 2097 In
1455 2043 1782 2099 Susannam.
1813 2043 1989 2101 Vertit
2034 2045 2092 2100 FI

2166 2056 2240 2102 Ito
2271 2047 2522 2103 Ducaeus.
2561 2044 2835 2118 [Spuria.]
2873 2046 2963 2107 VI,
2995 2046 3117 2100 589.
3149 2075 3220 2086 -—
3253 2046 3440 2116 Monii.
3475 2046 3570 2112 Vl,
3602 2046 3723 2102 607.

467 2127 633 2184 Savil.
657 2129 721 2197 V,
754 2131 877 2186 705.
907 2131 1039 2185 Duc.
1070 2132 1166 2198 Vl,
1199 2131 1322 2186 121.

547 2218 614 2270 Ἡ
645 2219 912 2288 Κόρινθός
940 2219 1058 2272 ἐστι
1091 2219 1189 2287 μὲν
1220 2218 1315 2273 νῦν
1343 2219 1519 2286 πᾴλις.
1547 2219 1708 2274 Hom.
1745 2220 1772 2274 1
1810 2220 1866 2274 in
1897 2219 1920 2274 Ι
1952 2219 2021 2273 ad
2049 2217 2104 2274 C4

2133 2219 2301 2274 rinth.
2324 2219 2393 2285 Χ,
2423 2219 2766 2288 9.—Montf.
2795 2220 2864 2285 Χ,
2895 2221 2944 2274 1.
2971 2219 3136 2275 Savil.
3164 2222 3231 2286 Il,
3254 2221 3382 2276 245.
3412 2221 3616 2285 Duc.V,
3643 2224 3690 2277 1.

541 2304 780 2367 Ἥκουες
805 2303 897 2358 τοῦ
928 2304 1228 2360 Δεσπὸτου.
1264 2306 1324 2359 In
1358 2305 1563 2362 Christi
1594 2307 2098 2376 transﬁgurationer

2180 2307 2452 2373 Dubium,
2482 2322 2551 2361 an
2581 2306 2990 2378 Chrysostomi;
3025 2309 3156 2364 licet
3195 2309 3262 2363 ad
3296 2324 3422 2363 eum
3455 2310 3728 2365 referatur

469 2392 525 2445 in
549 2392 806 2462 plurimis
837 2407 969 2447 mss.
1005 2392 1172 2447 etiam
1204 2392 1350 2462 apud
1380 2393 1735 2448 Lambecium
1769 2394 1857 2459 IV,
1886 2409 2009 2464 pag.
2048 2394 2174 2460 1'54;
2205 2395 2350 2461 VIII,
2384 2411 2507 2465 pag.
2542 2395 2662 2448 117.
2704 2394 2864 2449 FABB.
2899 2396 2957 2449 In
2988 2396 3111 2451 cod.
3149 2392 3286 2462 XIV,
3320 2413 3378 2450 n.
3414 2398 3500 2463 14,
3533 2399 3614 2452 sic
3645 2400 3730 2451 in-

468 2479 624 2550 cipit,
657 2495 770 2534 non
801 2479 987 2535 addito
1016 2485 1264 2536 auctoris
1286 2480 1508 2536 nomine
1540 2500 1552 2534 :
1590 2482 1870 2545 Ἤκουσας
1901 2481 2025 2552 ἁρτί

2172 2482 2428 2551 ιγαπητὲ,
2455 2481 2550 2534 τοῦ
2581 2482 2855 2554 Δεσπότου
2885 2483 3123 2552 Χριστοῦ
3150 2482 3424 2550 λέγοντος.
3458 2483 3520 2538 ιιι
3556 2492 3729 2538 trans-

471 2565 852 2637 ﬁgurationem
881 2566 1108 2622 Christi.
1142 2568 1207 2623 V.
1237 2566 1494 2622 Lambec.
1530 2568 1667 2632 VIII,
1694 2584 1817 2638 pag.
1844 2569 1970 2632 249,
2002 2583 2028 2622 s

2172 2577 2208 2620 It
2235 2567 2290 2621 in
2317 2568 2439 2622 cod.
2467 2567 2600 2630 CLI,
2625 2584 2681 2622 ιι.
2707 2568 2796 2632 57,
2821 2569 2990 2638 incip.
3015 2586 3030 2622 :
3063 2569 3297 2631 Ἦκουες
3327 2568 3426 2621 τοῦ
3457 2571 3729 2622 Δεσπότου

469 2652 710 2722 Χριστοῦ
740 2654 944 2724 ἀρτίως
969 2655 1109 2724 λέγ..
1146 2663 1201 2710 et
1227 2655 1498 2709 tribuitur
1525 2654 1944 2726 Chrysostomo;
1978 2663 2026 2709 al

2174 2670 2232 2719 e,
2263 2653 2449 2726 judice
2480 2654 2721 2709 Kollario
2751 2654 2822 2708 ad
2855 2655 3097 2724 priorem
3130 2654 3332 2709 locum.
3368 2653 3536 2709 ΒΑΜ..
3567 2655 3731 2725 Reje-

469 2749 578 2795 cta.
605 2769 677 2781 ——
703 2739 894 2810 Montf.
929 2740 1102 2797 deest.
1134 2737 1302 2795 Savil.
1334 2740 1447 2807 VII,
1477 2740 1602 2796 559.
1634 2740 1766 2797 Duc.
1803 2741 1976 2796 deest.

553 2827 900 2898 Ἦκούσαμεν
920 2867 934 2890 ,
961 2827 1224 2896 ἀδελφοὶ,
1257 2830 1314 2882 ἐν
1353 2827 1428 2898 τῷ
1455 2828 1793 2899 Εὑαγγελίῳ.
1828 2829 1886 2883 In
1918 2827 2110 2898 ραι-81)(

2178 2844 2235 2882 m
2279 2828 2347 2882 de
2392 2843 2494 2894 eo,
2531 2827 2624 2898 qui
2664 2828 2720 2882 in
2752 2828 2996 2883 latrones
3042 2827 3329 2883 inciderat.
3363 2828 3625 2892 Dubium,
3659 2845 3735 2884 an

467 2912 868 2984 Chrysostomi.
907 2911 1176 2987 [Spuria.]
1207 2915 1300 2981 XI,
1332 2915 1454 2970 755.
1492 2945 1563 2956 —
1586 2915 1774 2986 Montf.
1814 2916 1907 2982 XI,
1941 2916 2064 2970 892.
2098 2914 2264 2970 Savil.
2294 2916 2418 2981 VII,
2453 2915 2575 2970 506.
2615 2915 2748 2971 Duc.
2776 2915 2952 2970 deest.

553 3001 855 3055 Ἠκούσατε
887 3002 992 3055 ὅσα
1025 3000 1295 3073 Ἑϐραίοις
1321 3001 1661 3057 ἐνεκάλεσεν.
1691 3004 1745 3070 9,
1776 3003 1833 3058 in
1865 3004 2039 3074 Epist.
2067 3019 2110 3062 at

2177 3003 2456 3059 Hebraeos.
2487 3002 2602 3067 XII,
2634 3002 2987 3072 75.——Montf.
3021 3001 3138 3068 XII,
3172 3000 3467 3057 92.-Savt'l.
3494 3001 3733 3068 IV,480.

471 3087 630 3141 Duc.‘
653 3085 744 3151 VI,
773 3087 897 3141 787.

553 3173 859 3226 Ἠκούσατε
891 3173 990 3241 τῆς
1041 3173 1410 3245 ἀποστολικῆς
1443 3177 1650 3246 φωνῆς.
1678 3174 1919 3229 Homilia
1948 3175 1972 3228 1
2011 3175 2082 3230 ad

2177 3178 2504 3233 ttiochenos.
2536 3178 2856 3234 Versionem
2897 3178 3162 3233 Bernardi
3187 3178 3433 3233 Brixiani
3462 3193 3734 3249 recogno-

468 3256 552 3313 vit
579 3258 784 3314 Fronto
812 3259 1065 3314 Duczeus.
1097 3260 1164 3326 II,
1197 3261 1284 3316 15.
1317 3291 1387 3306 ν-
1415 3259 1582 3315 Savil.
1619 3261 1706 3323 VI,
1731 3263 1857 3315 447.
1890 3261 2025 3315 Duc.
2060 3264 2104 3326 Ι,
2130 3264 2181 3317 1.

552 3344 856 3428 Ἠκούσατε
885 3345 1011 3416 χθὲς
1037 3347 1157 3410 πῶς
1188 3347 1289 3416 μὲν
1314 3347 1556 3417 ἐποίησε.
1592 3348 1669 3402 De
1705 3349 1886 3402 tribus
1909 3349 2109 3404 servitu

2181 3352 2424 3417 smodis,
2457 3367 2555 3421 per
2579 3360 2865 3421 peccatum
2894 3351 3156 3408 inductis.
3189 3352 3250 3407 In
3276 3351 3414 3408 Cen.
3451 3368 3524 3407 tv.
3557 3351 3738 3407 Vertit

473 3435 677 3490 Fronto
712 3434 967 3491 Ducaeus.
994 3433 1084 3500 IV,
1113 3434 1237 3490 595.
1266 3464 1337 3474 -
1363 3434 1550 3504 Montf.
1584 3435 1674 3500 IV,
1709 3435 1836 3492 658.
1868 3434 2030 3490 Savil.

1113 3434 1237 3490 595.
1266 3464 1337 3474 ——
1363 3434 1550 3504 Montf.
1584 3435 1674 3500 IV,
1709 3435 1836 3492 658.
1868 3434 2035 3490 Savil.
2068 3437 2134 3501 V,
2165 3439 2252 3493 11.
2286 3439 2419 3492 Duc.
2450 3440 2514 3504 II,
2551 3439 2670 3493 740.

542 3519 819 3593 [Ἢκουσά
849 3538 1015 3575 τινων
1039 3521 1328 3591 λεγόντων,
1358 3523 1442 3575 ὅτι
1474 3524 1533 3575 ἐν
1559 3523 1761 3593 χάριτι.
1799 3523 1874 3579 De
1903 3524 2099 3594 gratia:

1506 3539 1533 3575 ν
1559 3523 1761 3593 χάριτι.
1799 3523 1874 3579 De
1903 3524 2206 3594 gratiarum
2231 3527 2468 3580 actione.
2502 3527 2702 3596 Spuria
2727 3535 2782 3581 et
2814 3526 3063 3597 rejecta.]

544 3630 878 3702 [Ἦκουσται
913 3633 1132 3695 πάντως
1163 3632 1326 3702 ὑμῖν,
1359 3626 1416 3699 ,ὦ
1449 3633 1797 3704 φιλόχριστος
1841 3635 2101 3705 πανήγυρπ

2215 3635 2276 3689 In
2329 3635 2565 3690 reditum
2619 3636 2979 3704 reliquiarum
3015 3633 3434 3706 Chrysostomi,
3484 3648 3553 3686 ex
3599 3647 3728 3685 mss.

471 3717 673 3772 Montis
697 3717 945 3785 Cassini;
975 3719 1031 3773 in
1061 3718 1184 3774 cod.
1218 3728 1398 3773 autem
1429 3719 1694 3778 Vaticano
1727 3719 1808 3774 sic
1834 3719 2028 3789 legitur

2066 3738 2079 3773 :
2120 3721 2421 3775 Ἠκούσατε
2451 3722 2670 3785 πάντως
2695 3724 2873 3792 ὑμεῖς,
2914 3714 2960 3773 ὦ
2994 3721 3213 3790 φιλοχρ.
3243 3717 3603 3790 πανήγυρις.]

543 3804 732 3945 [Ἵικιὲ
763 3806 823 3858 τὸ
853 3807 1011 3876 χρέος
1042 3805 1340 3860 ἀποδώσων
1371 3806 1520 3884 ὑμῖν.
1551 3807 1611 3861 In
1637 3805 2030 3863 incredulitate.

473 3888 620 3945 V111.
652 3891 685 3944 6
727 3893 776 3945 1.
1616 3893 1618 3896 ’

2193 3810 2353 3866 [idem
2372 3810 2614 3865 Thomas.
2643 3809 2834 3866 Montf.
2862 3808 3140 3873 tom.VllI,
3160 3807 3354 3877 p.207.
3387 3806 3448 3860 In
3471 3803 3734 3876 Spuriis.]

547 3931 794 4032 Ἵίκαζῖτὸ
824 3969 1172 4051 περιλειφθὲν
1196 3980 1438 4052 ὄφλημα.
1471 3981 1530 4036 In
1562 3995 1764 4035 novam
1788 3980 2104 4034 Dominican

2182 3988 2213 4035 :t
2242 3982 2297 4034 in
2349 3992 2598 4062 sanctum
2634 3983 2943 4051 apostolum
2993 3981 3282 4036 Thomam.
3329 3977 3575 4032 Dubium
3603 4019 3617 4041 ,
3666 3993 3739 4030 an

474 4062 876 4136 Chrysostomi.
910 4067 1030 4130 XII,
1060 4068 1184 4124 927.
1223 4099 1293 4109 —
1323 4067 1510 4137 Montf.
1537 4065 1657 4132 XII,
1684 4066 1808 4121 804.
1837 4065 2003 4120 Savil.
2041 4067 2166 4131 VII,
2203 4069 2324 4123 575.
2354 4068 2486 4124 Duc.
2522 4068 2700 4124 deest.

545 4174 750 4232 Ἦλθεν
779 4179 1046 4248 είςήμᾶς,
1076 4177 1160 4230 ὅτι
1191 4178 1353 4233 πάλιν
1385 4178 1601 4248 ἀνήφθη
1633 4179 1702 4231 τὰ
1723 4180 1781 4231 ἐν
1801 4177 2043 4250 Φοινίκῃ.
2077 4179 2102 4232 I

2149 4178 2280 4232 [lino
2310 4180 2520 4248 presb.,
2545 4178 2709 4249 epist.
2747 4179 2868 4233 126.
2889 4178 2982 4242 111,
3014 4174 3429 4244 685.-—-Montf.
3459 4175 3553 4238 Ill,
3577 4174 3706 4227 671.

548 4265 739 4328 Ἥλιος
774 4265 1029 4334 ἀνίσχων.
1059 4265 1120 4318 In
1147 4264 1353 4319 Christi
1395 4263 1951 4334 transﬁgurationem.
1992 4265 2105 4319 Dub

2183 4281 2250 4329 m,
2284 4281 2352 4320 an
2377 4264 2774 4336 Chrysostomi.
2802 4264 3072 4336 [Spuria.]
3100 4264 3171 4329 X,
3206 4263 3328 4317 721,
3355 4292 3424 4302 —
3443 4261 3637 4330 Montf.
3671 4259 3740 4313 Χ·

478 4354 600 4409 774.
633 4352 802 4408 Savil.
831 4352 955 4418 VII,
993 4352 1118 4406 345.
1155 4351 1288 4405 Duc.
1319 4351 1498 4406 deest.

549 4441 739 4502 Ἥλιος
772 4439 871 4510 μὲν
899 4439 1038 4510 ὑπὲρ
1062 4439 1168 4508 γῆς
1194 4437 1543 4509 παρακύψας.
1571 4438 1632 4492 In
1670 4438 1806 4492 illud
1837 4438 2029 4492 Matth.
2064 4454 2106 4492 Iv

2186 4436 2331 4493 ὅςεί
2388 4437 2534 4506 ﬁlius
2581 4437 2676 4491 Dei
2723 4454 2798 4502 es,
2850 4438 3016 4507 dejice
3061 4438 3306 4506 teipsum.
3341 4434 3586 4489 Dubium
3614 4475 3629 4498 ,
3674 4451 3743 4488 an

475 4527 876 4600 Chrysostomi.
906 4527 1166 4582 Nestorio
1196 4525 1462 4581 tribuitur
1485 4542 1517 4580 a
1543 4525 1714 4582 Mario
1736 4525 2032 4581 Mercatore

2182 4525 2211 4579 b
2239 4525 2362 4580 aliis
2393 4522 2658 4594 Asterio.]
2688 4523 2770 4589 x,
2804 4523 2926 4578 685.
2959 4553 3028 4564 _—
3053 4523 3240 4590 Montf.
3281 4521 3354 4585 Χ,
3396 4521 3523 4576 75³5.
3569 4519 3739 4574 εαι-ίι.

476 4617 601 4682 vn,
637 4601 762 4670 301.
798 4614 929 4668 Duc.
967 4613 1145 4668 deest.

556 4703 752 4774 Ἡμεῖς
775 4701 824 4754 εί
856 4702 952 4754 καὶ
976 4701 1172 4771 πόρρω
1197 4716 1292 4753 σου
1320 4699 1630 4774 καθήμεθα,
1654 4698 1795 4774 αλλ’.
1830 4698 2049 4767 Alphio,
2078 4713 2113 4752 e‘

1678 4698 1795 4753 ἱλλῆ
1830 4698 2049 4767 Alphio,
2078 4697 2238 4768 epist.
2272 4697 2360 4751 72.
2395 4697 2486 4761 Ill,
2520 4697 2644 4752 648.
2669 4727 2739 4736 —
2765 4695 2953 4766 Montf.
2990 4695 3082 4760 Ill,
3113 4695 3235 4750 652.

564 4771 756 4859 Ἡμεῖς
785 4787 1170 4857 ἐπεθυμοῦμεν
1195 4787 1292 4841 καὶ
1320 4772 1566 4856 παρόντᾶ
1591 4771 1997 4840 σε’θεάσασθαι.
2037 4784 2121 4840 Ile:

2037 4784 2327 4856 Hesychia,
2356 4786 2520 4854 epist.
2552 4785 2674 4842 176.
2711 4785 2800 4849 III,
2839 4785 2963 4838 712.
2995 4815 3065 4825 —
3092 4781 3280 4851 Mantf.
3308 4781 3400 4844 lll,
3435 4780 3560 4834 700.

564 4878 758 4946 Ἡμεῖς
787 4875 891 4929 κᾶν
920 4874 1060 4945 αὑτὴ
1090 4873 1384 4936 σπανιάκις
1416 4873 1774 4936 ἐπιστέλλεις.
1807 4869 2034 4936 Adolite,
2075 4887 2121 4942 e]

1679 4890 1774 4936 εις.
1807 4869 2034 4936 Adolite,
2075 4873 2237 4942 epist.
2269 4873 2357 4928 57.
2390 4873 2479 4933 ιιι,
2513 4872 2636 4927 648.
2663 4898 2734 4912 -
2757 4871 2945 4940 Μοηεί.
2983 4870 3084 4936 IlI,
3112 4869 3236 4924 621.

558 4963 752 5032 Ἡμεῖς
785 4960 886 5014 κᾶν
914 4961 1051 5029 πρὸς
1087 4959 1260 5023 αὑτὰς
1284 4958 1614 5030 ἀφικώμεθα
1638 4959 1737 5028 τῆς
1765 4959 2113 5028 οἰκουμένης.

2006 4977 2113 5028 νης.
2153 4959 2404 5029 Eulogio,
2430 4961 2592 5028 epist.
2621 4959 2707 5012 87.
2739 4959 2829 5024 III,
2863 4959 2986 5012 654.
3010 4955 3274 5024 ——Montf.
3313 4954 3405 5018 III,
3436 4954 3563 5008 639.

511 5087 513 5089 ι
565 5049 761 5118 Ἡμεῖς
792 5048 890 5118 μὲν
916 5047 1254 5116 ἐϐουλόμεθα
1284 5047 1522 5116 συνεχῶς
1547 5045 1906 5100 ἐπιστέλλειν.
1937 5045 2068 5115 ΕΙρὶι

2063 5047 2154 5101 dio
2187 5047 2386 5115 episc.,
2425 5047 2587 5114 epist.
2614 5046 2703 5100 25.
2736 5045 2826 5109 III,
2867 5046 2988 5100 626.
3019 5073 3086 5084 -ρ
3122 5044 3315 5111 Μοηιί.
3348 5040 3614 5097 “1.609.

564 5138 755 5207 Ἦμεῖς
786 5137 882 5206 μὲν
913 5134 1217 5206 ἐποθοῦμεν
1243 5135 1339 5189 καὶ
1369 5136 1490 5196 ταῖς
1514 5134 1609 5188 τοῦ
1641 5134 1895 5203 σώματος
1928 5134 2115 5202 ἄφεσιν

2110 5151 2135 5196 ν,
2166 5133 2461 5201 episcopis.
2491 5133 2666 5201 Epist.
2707 5132 2826 5185 154.
2857 5132 2946 5194 III,
2973 5130 3094 5185 702.
3121 5128 3398 5197 —-—Montf.
3426 5127 3519 5190 III,
3545 5125 3667 5180 689.

564 5224 759 5295 Ἡμεῖς
790 5223 888 5292 μὲν
914 5223 1092 5276 καίτοι
1125 5221 1326 5292 χωρίον
1356 5221 1714 5291 ἐρημότατον.
1745 5220 1952 5275 Severo
1978 5221 2121 5289 pres]

1992 5221 2323 5290 presbytero,
2361 5218 2522 5288 epist.
2561 5218 2683 5271 101.
2721 5218 2811 5280 Ill,
2838 5217 2959 5270 661.
2984 5246 3054 5257 -—
3078 5215 3266 5283 Moutf.
3294 5214 3383 5268 Ill.
3420 5214 3549 5267 647.

559 5293 752 5382 Ἡμεῖς
786 5309 885 5380 μὲν
914 5309 1024 5379 πρὸ
1052 5309 1152 5379 τῆς
1185 5308 1336 5378 χθές.
1367 5307 1573 5363 Contra
1603 5307 1899 5377 ignaviam,
1933 5316 1990 5360 et
2022 5322 2116 5376 qut

2202 5319 2304 5360 nec
2337 5307 2503 5369 Deus,
2539 5319 2641 5357 nec
2673 5303 2947 5364 diabolus,
2977 5316 3079 5355 nec
3113 5301 3356 5354 hominis
3393 5308 3621 5363 natura,
3644 5293 3736 5349 sed

482 5399 736 5453 voluntas
761 5405 817 5451 et
846 5397 1164 5465 προαίρεσις
1203 5395 1274 5450 sit
1302 5395 1514 5465 peccati
1543 5408 1725 5449 causa.
1755 5394 1930 5449 Vertit
1963 5394 2039 5448 Jo:

2179 5393 2387 5447 acobus
2420 5392 2716 5446 Beurerus.
2745 5390 2810 5452 ll,
2840 5389 2966 5443 265.
2998 5419 3067 5430 -
3094 5388 3282 5457 Montf.
3316 5387 3386 5451 ll,
3415 5386 3547 5441 265.
3574 5383 3733 5438 Sat—il.

483 5484 571 5548 VI,
612 5483 735 5539 844.
770 5483 898 5536 Duc.
931 5483 997 5547 II,
1030 5482 1154 5537 880.

568 5570 761 5638 Ἡμεῖς
798 5569 897 5636 μέν
927 5585 1010 5619 σοι
1042 5569 1134 5619 καὶ
1164 5567 1356 5637 πρώην
1383 5568 1818 5635 ἐπεστάλκαμεν.
1849 5565 2040 5620 Timotl

2114 5581 2140 5618 ο
2163 5565 2510 5635 presbytero,
2532 5564 2696 5632 epist.
2723 5563 2846 5616 211.
2877 5562 2968 5626 III,
3000 5561 3124 5615 728.
3141 5592 3211 5601 —
3228 5560 3420 5628 Montf.
3443 5559 3535 5618 III.
3555 5558 3671 5611 717.

573 5657 762 5723 Ἡμεῖς
793 5655 917 5708 οὒτε
953 5655 1332 5725 ὑπερορῶντες
1357 5655 1479 5710 οὔτε
1508 5655 1920 5724 ὀλιγωροῦντες.
1956 5653 2130 5725 Elpidi

1845 5672 1920 5719 ες.
1956 5653 2198 5725 Elpidio,
2229 5655 2395 5722 epist.
2431 5653 2546 5707 151.
2580 5651 2670 5716 III,
2700 5650 2825 5704 690.
2847 5649 3120 5716 ——M0ntf.
3154 5647 3244 5713 111,
3271 5647 3398 5702 676.
