3944 6152
270 310 392 366 1357
1365 294 1368 296 ’
1477 314 1686 369 INDEX
1719 313 2267 374 ALPHABE’I‘ICUS.
3355 317 3498 377 1358

265 465 267 470 -
336 427 522 498 Ἡμεῖς
556 442 654 478 σου
683 426 780 496 τῆς
811 425 1034 498 ἀγάπης
1061 429 1316 483 οὐδέποτε
1349 431 1723 485 ἐπιλαθέσθαι.
1751 432 1822 486 Ae

1585 434 1723 485 σθαι.
1751 432 1931 494 Aetio,
1963 435 2126 503 epist.
2161 433 2280 488 196.
2315 433 2408 499 III,
2437 433 2559 487 721.
2585 462 2638 474 -
2672 431 2859 501 Montf.
2896 431 2986 496 III,
3023 432 3142 488 709.

335 517 516 585 Ἡμεῖς
547 517 614 585 τῇ
652 515 752 584 μὲν
777 515 964 585 ἀγάπῃ
999 517 1362 588 συνδεδέμεθά
1395 537 1496 572 σοι.
1527 519 1735 574 Maroni
1767 535 1892 589 pres

1618 521 1735 574 roni
1767 521 1978 589 presb.,
2011 521 2174 589 epist.
2202 521 2290 576 56.
2319 520 2417 586 III,
2454 520 2576 576 650.
2605 551 2670 561 --
2701 519 2888 590 Montf.
2924 519 3015 585 III,
3052 521 3175 575 614.

337 603 394 654 'II
429 601 526 669 μὲν
556 601 876 670 παράνομος
903 602 999 654 καὶ
1024 603 1356 675 ἀκάθαρτος.
1407 605 1484 659 Ad
1511 621 1607 661 eos
1631 647 1645 670 ,
1678 607 1774 675 qui
1819 622 1894 662 cu‘

1991 608 2195 663 Iudaeis
2219 609 2488 679 jejunant.
2520 609 2697 664 Vertit
2725 609 2932 664 Fronto
2961 609 3213 665 Ducaeus.
3249 609 3505 681 Magnam

261 698 449 758 partem
482 689 698 742 mutila.
731 688 774 754 Ι,
808 690 930 744 857.
967 719 1038 730 -ο
1063 690 1253 760 Montf.
1293 693 1348 756 I,
1381 693 1502 747 601.
1540 692 1706 747 Savil.
1734 694 1802 747 VI
1823 736 1836 758 ,
1873 695 1995 750 585.
2025 694 2160 749 Duc.
2190 696 2255 761 V,
2283 694 2405 749 640.

330 777 386 830 Ἦ
417 778 512 848 μὲν
543 778 702 848 ῥῆσις
733 779 828 830 τοῦ
855 777 1098 849 ψαλμοῦ.
1131 780 1193 834 In
1227 797 1368 835 cmi
1392 783 1683 852 psalmum.
1719 783 1782 848 V,
1817 783 1886 836 52

1831 783 1941 837 528.
1962 811 2032 823 -
2060 782 2250 850 Μοητί.
2282 781 2348 845 v,
2377 781 2501 837 317.
2535 781 2701 837 Savil.
2734 783 2776 846 ι,
2816 783 2940 836 772.
2974 782 3110 838 Duc.
3146 783 3388 850 111,552..

331 865 390 916 Ἦ
425 864 521 934 μὲν
554 865 811 917 συνουσία
847 867 979 935 ἡμῖν
1002 868 1036 936 ἡ
1069 867 1258 920 αὐτόθι
1285 868 1535 938 βραχεῖα.
1565 868 1848 940 Cytherio,
1876 887 1888 922 ι

1470 870 1535 922 ἴα.
1565 868 1848 940 Cytherio,
1876 855 2042 938 epist,
2070 869 2154 922 82.
2189 865 2278 928 III.
2315 869 2438 923 651.
2464 898 2534 908 —
2569 868 2758 938 Montf.
2791 869 2878 935 ιιι,
2905 869 3027 924 657.

321 951 410 1024 [Ἰ1
445 953 543 1022 μὲν
567 954 668 1022 τῆς
699 955 1037 1026 Δεσποτικῆς
1063 956 1497 1028 φιλανθρωπίας.
1533 958 1610 1012 De
1640 958 1736 1012 Dei
1773 959 1875 1012 cleI

1176 957 1497 1028 ινθρωπίας.
1533 958 1610 1012 De
1640 958 1736 1012 Dei
1773 955 2084 1017 clementia,
2119 955 2260 1018 XIII,
2289 953 2440 1025 210.]
2474 953 2614 1017 XIII,
2650 956 2733 1008 17.

322 1039 332 1109 [
356 1040 415 1092 Ἡ
445 1039 546 1109 μὲν
573 1039 682 1093 τῶν
708 1041 1140 1111 προηγουμένων
1162 1044 1472 1098 ἀκολουθία.
1500 1045 1557 1098 1η
1586 1046 1700 1100 Noe
1725 1054 1780 1098 et
1811 1046 1867 1098 in

1607 1046 1700 1100 Ioc
1725 1054 1780 1098 et
1811 1046 1867 1098 in
1902 1045 2045 1098 ﬁlios
2071 1045 2204 1098 etin
2235 1043 2393 1098 Osee.
2432 1043 2629 1113 Spuria
2664 1051 2721 1096 et
2750 1045 3164 1115 praetermissa]

335 1126 393 1177 Ἠ
422 1127 519 1194 μὲν
543 1125 652 1179 τῶν
681 1127 863 1195 νεφῶν
888 1127 1187 1200 συνδρομή.
1214 1130 1290 1185 De
1319 1130 1438 1201 lege
1458 1169 1474 1197 ,
1511 1131 1636 1186 data
1666 1132 1892 1186 Adamo.

1935 1133 2110 1186 Vertit
2142 1130 2350 1185 Fronto
2382 1130 2633 1184 Ducmus.
2663 1129 2751 1194 IV,
2783 1130 2907 1185 616.
2934 1158 3003 1169 —-
3044 1131 3230 1201 Montf.
3254 1133 3340 1199 IV,
3367 1132 3489 1190 685.

257 1211 410 1267 Savil.
441 1213 504 1276 v,
531 1213 621 1268 29.
658 1213 786 1266 Duc.
816 1213 896 1280 II,
929 1213 1051 1267 77o.

333 1299 389 1351 'H
419 1299 516 1368 μὲν
550 1299 823 1369 ὑπερϐολὴ
855 1299 968 1352 τῶν
993 1301 1290 1371 ἐγκωμίων
1316 1301 1444 1356 τῶν.
1487 1302 1653 1373 Moysi
1681 1304 1890 1372 presb.,

1514 1302 1653 1373 onsi
1681 1304 1892 1372 presb.,
1923 1303 2087 1373 epist.
2119 1303 2209 1357 92.
2243 1302 2333 1367 III,
2362 1303 2488 1358 656.
2515 1333 2588 1343 —-
2608 1300 2796 1371 Montf.
2820 1301 2919 1366 III,
2950 1302 3071 1358 641.

333 1385 567 1456 Ἡμέρας
602 1387 874 1457 τέσσαρας
906 1386 1287 1458 ἀνηλώσαμεν.
1318 1389 1379 1443 In
1407 1391 1541 1444 illud
1573 1391 1596 1445 I
1628 1391 1890 1446 Thessalo

1935 1429 1950 1442 .
1986 1407 2058 1454 Iv,
2096 1390 2163 1444 15
2189 1408 2200 1442 :
2232 1389 2307 1442 De
2334 1390 2714 1443 dormientibus
2745 1389 2866 1442 nolo
2891 1405 2979 1443 vos
3004 1393 3256 1460 ignorare
3280 1391 3491 1460 fratres.

255 1473 423 1527 Vertit
450 1473 687 1528 Iacobus
715 1473 998 1545 Goupylus
1026 1491 1076 1529 a.
1116 1476 1269 1530 1570.
1307 1477 1350 1541 I,
1387 1477 1543 1531 1017.
1566 1510 1634 1519 —-
1655 1477 1841 1546 Montf.
1874 1477 1917 1542 I,
1950 1477 2070 1531 762.
2102 1475 2266 1531 Savil.
2297 1476 2361 1540 V,
2393 1476 2517 1530 418.
2548 1475 2680 1529 Duc.
2710 1477 2774 1541 V,
2803 1477 2928 1530 575.

324 1561 564 1630 ’Ἥμερος
595 1559 669 1613 ὣν
698 1562 904 1633 σφόδρα
935 1563 1030 1615 καὶ
1057 1563 1335 1627 ταπεινός.
1363 1565 1452 1628 41,
1479 1566 1537 1620 in
1567 1566 1587 1619 I
1621 1566 1687 1620 ad
1714 1564 1879 1620 Corin

1936 1585 1964 1620 I.
1993 1563 2062 1627 Χ,
2101 1564 2225 1618 555.
2247 1593 2318 1603 -
2339 1562 2529 1632 Montf.
2563 1562 2632 1626 Χ,
2665 1563 2790 1619 586.
2826 1561 2998 1618 Savil.
3030 1565 3096 1618 IlI
3120 1607 3133 1631 ,
3163 1565 3284 1620 519.
3337 1565 3493 1619 Duc.‘

255 1646 316 1705 V.
348 1645 468 1701 459.

336 1732 394 1785 Ἠ
425 1732 686 1802 μετάνοια
709 1734 857 1805 δεινὴ
891 1736 986 1788 καὶ
1014 1735 1243 1807 φοϐερά.
1271 1737 1345 1792 De
1369 1736 1692 1807 paenitentia
1714 1777 1729 1801 ,
1760 1736 1893 1807 eclog

1933 1738 2066 1801 I55,
2099 1753 2166 1793 ex
2188 1737 2706 1810 Chrysostomianis.
2739 1738 2866 1804 XII,
2894 1739 3016 1794 855.
3057 1771 3126 1782 ——
3164 1739 3349 1809 Monii.
3377 1739 3490 1802 XII,

256 1821 370 1872 705.
404 1818 568 1873 Savil.
600 1820 712 1887 VII,
737 1820 858 1875 802.
887 1821 1020 1876 Duc.
1046 1822 1222 1878 deest.

323 1904 425 1958 Ἦν
459 1907 560 1976 μὲν
587 1907 658 1961 τὰ
691 1908 833 1962 κατά
864 1909 957 1962 τὸν
980 1910 1109 1964 ναὸν
1148 1910 1459 1980 θαυμαστά.
1483 1911 1574 1977 52,
1606 1911 1660 1965 in
1687 1911 1862 1981 Epist.

1940 1911 1957 1965 1
1987 1911 2264 1968 Hebraeos.
2295 1913 2413 1978 XII,
2439 1913 2568 1968 219.
2593 1943 2662 1954 ——
2680 1913 2872 1984 Mani].
2897 1913 3022 1981 XII,
3053 1915 3179 1972 295.
3206 1913 3373 1970 Savil.
3404 1915 3489 1977 IV,

250 1994 369 2050 591.
401 1994 534 2048 Duc.
565 1996 652 2062 VI,
685 1996 809 2052 966.

322 2079 546 2151 [Ἠνίκα
573 2083 712 2152 πρὸς
742 2083 842 2154 τὴν
868 2083 1231 2156 βαρϐαρικήν.
1267 2087 1328 2141 In
1355 2087 1512 2142 Joan.
1546 2087 1772 2156 Baptist.
1805 2086 1879 2158 Sp

979 2084 1231 2156 ϐαρικήν.
1267 2087 1328 2141 In
1355 2087 1512 2142 Joan.
1546 2087 1772 2156 Baptist.
1805 2086 2002 2158 Spuria
2034 2095 2090 2141 et
2121 2087 2536 2159 praetermissa]

329 2167 389 2219 Ἦ
417 2169 706 2239 Νοεμμήν,
737 2181 844 2226 etc.
881 2171 1142 2243 Synopsis
1166 2174 1292 2228 libri
1327 2174 1494 2228 Ruth.
1525 2174 1609 2237 VI,
1642 2174 1765 2228 541.
1792 2203 1886 2226 -ι

790 2186 844 2226 .c.
881 2171 1142 2243 Synopsis
1166 2174 1292 2228 libri
1327 2174 1494 2228 Ruth.
1525 2174 1609 2237 VI,
1642 2174 1765 2228 541.
1792 2203 1862 2212 -
1884 2173 2070 2241 Montf.
2098 2174 2186 2236 VI,
2224 2173 2347 2229 545.

322 2254 411 2325 [Ἤ
440 2258 544 2322 τίς,
572 2258 758 2326 φησὶν,
791 2259 1036 2312 ἀσθενῶν
1064 2260 1316 2331 Λάζαρος
1345 2261 1455 2314 ἀπὸ
1481 2260 1614 2330 Βηθ.
1648 2261 1724 2316 De
1753 2260 1879 2314 Laz:

1005 2279 1036 2310 ην
1064 2260 1316 2331 Λάζαρος
1345 2261 1455 2314 ἀπὸ
1481 2260 1614 2330 Βηθ.
1648 2261 1724 2316 De
1753 2260 1978 2314 Lazaro.
2007 2258 2206 2329 Spuria
2233 2269 2286 2314 et
2314 2259 2562 2331 omissa.]

323 2343 390 2394 Ἢ
413 2343 511 2412 οὐχ
538 2345 724 2408 ἁπλῶς
751 2348 932 2415 ἀρκεῖ.
962 2346 1097 2401 Vide
1129 2347 1185 2401 in
1210 2365 1223 2399 :
1251 2347 1362 2418 Οὐχ
1387 2347 1574 2412 ἁπλῶς
1603 2349 1782 2420 ἀρκεῖ.
1807 2344 2050 2416 Spuria.]

331 2428 390 2481 Ἡ
419 2431 690 2501 παρθένος
717 2432 947 2503 ἀρουρα.
985 2433 1045 2488 In
1083 2434 1215 2488 illud
1245 2433 1378 2489 Luc.
1408 2450 1524 2500 VIII,
1549 2435 1583 2490 5
1611 2453 1624 2489 :
1654 2433 1797 2489 Emiit
1827 2450 1888 2487 se:

1932 2434 2095 2485 ,inans
2112 2472 2126 2494 ,
2153 2441 2208 2485 ut
2237 2435 2524 2490 seminaret
2550 2451 2724 2491 semen
2750 2449 2926 2490 suum.
2949 2431 3196 2504 {Dubium
3223 2447 3294 2486 an
3320 2430 3489 2504 Chry-

243 2518 491 2572 snstomi.
517 2518 791 2592 [Spuria.]
819 2520 888 2585 Χ,
919 2522 1044 2576 771;
1064 2522 1341 2594 --Mantf.
1372 2526 1441 2589 X,
1477 2525 1599 2580 828.
1629 2522 1796 2578 Savil.
1819 2521 1932 2584 VII,
1966 2520 2088 2576 409.
2117 2520 2250 2574 Duc.
2280 2521 2454 2576 deest.

331 2603 390 2656 'II
426 2606 616 2659 πασῶν
649 2606 756 2659 τῶν
785 2608 1010 2677 ἑορτῶν.
1038 2609 1238 2680 Ecloga
1260 2612 1329 2666 54
1353 2628 1384 2667 ο
1411 2612 1802 2682 Chrysostomo
1827 2609 1882 2662 in

1931 2607 2117 2662 Ihristi
2155 2609 2515 2664 nativitatem.
2543 2607 2637 2663 XII
2659 2649 2674 2674 ,
2708 2608 2831 2663 821.
2874 2637 2942 2646 —
2981 2605 3170 2675 Montf.
3205 2605 3336 2684 XII,
3365 2604 3488 2670 691,

244 2690 410 2745 Savil.
444 2692 556 2758 VII,
587 2694 708 2748 725.
742 2692 876 2750 Duc.
913 2695 1089 2750 deest.

325 2779 391 2830 'II
426 2780 554 2848 περὶ
581 2779 673 2832 τοῦ
705 2780 836 2834 λαοῦ
862 2783 1120 2836 ἐνταῦθα.
1151 2784 1208 2838 In
1241 2785 1377 2854 psal.
1406 2801 1488 2838 CL.
1520 2785 1584 2850 V,
1611 2784 1731 2839 495.
1754 2783 1882 2836 -Μ

1618 2784 1731 2839 495.
1754 2782 2029 2852 —Montf.
2062 2783 2126 2847 V,
2156 2783 2278 2836 501.
2310 2781 2476 2837 Savil.
2511 2783 2567 2849 I,
2601 2781 2725 2837 908.
2762 2782 2896 2836 Duc.
2928 2781 3017 2845 III,
3052 2781 3175 2836 551.

329 2864 389 2916 Ἢ
421 2864 574 2933 πηγὴ
599 2866 707 2918 τῶν
737 2868 1120 2936 Εὐαγγελικῶν
1151 2870 1518 2941 διδαγμάτων.
1561 2872 1620 2925 Ill
1651 2879 1838 2925 sancta
1875 2870 1886 2922 Τ

1932 2870 2251 2938 lIeoplIania.
2282 2870 2459 2925 Vertit
2489 2871 2728 2925 Achilles
2771 2868 3006 2933 Statius,
3035 2865 3353 2925 Lusitanus.
3380 2865 3489 2919 Du-

243 2950 417 3014 bium,
450 2968 520 3004 an
542 2951 939 3023 Chrysostomi.
975 2955 1040 3020 Il,
1073 2956 1196 3011 805.
1220 2985 1287 2995 ——
1310 2957 1499 3025 Montf.
1531 2956 1597 3014 II.
1627 2955 1750 3011 809.
1785 2955 1949 3010 Savil.
1987 2959 2100 3022 VII,
2129 2957 2250 3012 550.
2281 2957 2414 3012 Duc.
2443 2959 2532 3020 VI.
2563 2960 2686 3014 215.

259 3104 267 3108 _
332 3038 394 3090 Ἡ
424 3038 616 3109 πρώτη
643 3040 813 3110 ἀρετὴ
841 3042 935 3094 καὶ
965 3044 996 3112 ἡ
1028 3045 1176 3097 πᾶσα
1203 3045 1396 3115 ἀρετή.
1424 3044 1514 3110 24,
1548 3044 1603 3098 in
1636 3045 1808 3113 Epist.

1946 3047 2112 3102 Hebr.
2141 3047 2258 3108 XII,
2290 3047 2409 3101 165.
2431 3079 2500 3087 —
2522 3047 2707 3116 Montf.
2741 3045 2874 3110 XII,
2896 3044 3022 3100 218.
3049 3041 3215 3099 Savil.
3243 3041 3332 3106 IV,
3365 3040 3486 3095 551.

243 3124 404 3177 Duc.‘
434 3125 533 3180 900
555 3127 609 3180 b.

319 3213 515 3281 Ἤρκει
551 3214 651 3282 μὲν
677 3216 772 3270 οὖν
799 3216 1048 3281 δείξαντα
1076 3217 1289 3288 πρώην.
1321 3219 1374 3284 4,
1399 3219 1474 3273 De
1510 3219 1876 3289 incomprehei

1931 3219 2055 3276 ibili
2081 3220 2177 3275 Dei
2207 3220 2436 3275 Natura.
2469 3220 2512 3285 I,
2547 3220 2669 3275 727.
2693 3249 2761 3259 —-
2779 3219 2966 3288 Montf.
2995 3219 3038 3284 I,
3063 3218 3188 3273 471.
3213 3215 3378 3277 Savil.
3403 3215 3488 3280 Vl,

239 3302 364 3354 409.
396 3301 526 3357 Duc.
549 3304 600 3368 I,
628 3305 751 3360 155.

319 3389 519 3458 Ἤρκει
547 3392 648 3461 μὲν
675 3392 770 3444 καὶ
799 3394 832 3462 ἡ
861 3391 1053 3462 πρῴην
1083 3393 1313 3445 ἐλθοῦσα
1339 3393 1618 3462 ἐπιστολή.
1648 3393 1876 3464 Olympi:

1546 3394 1618 3462 vi].
1648 3393 1976 3464 Olympiadi,
2012 3394 2174 3463 epist.
2205 3394 2257 3447 ε.
2289 3395 2380 3457 ιιι,
2414 3394 2535 3449 556.
2557 3423 2626 3433 -
2649 3392 2830 3461 ΜοηιῙ.
2858 3391 2949 3455 ιιι,
2980 3391 3103 3445 555.

321 3476 558 3546 ’ῌσθετο
585 3477 754 3532 αὐτοῦ
790 3478 1143 3550 σφοδρότερον
1175 3471 1573 3550 διαλεχθέντος.
1604 3481 1694 3544 50,
1723 3481 1777 3534 in
1810 3481 1853 3535 II

1932 3481 1950 3534 I
1975 3480 2228 3534 Corinth.
2254 3481 2322 3546 Χ,
2353 3480 2476 3535 605.
2497 3509 2564 3518 -
2584 3479 2770 3548 Monii.
2797 3478 2866 3542 Χ,
2898 3477 3020 3532 648.
3049 3475 3214 3532 δαυίί.
3244 3477 3331 3541 111,
3370 3477 3489 3532 704-

243 3561 403 3616 Duc.‘
427 3564 492 3630 V,
529 3565 652 3622 769.

314 3646 516 3711 Ἶῐσαν,
545 3653 619 3716 ὡς
644 3653 811 3721 ἔοικε,
842 3659 984 3722 τινὲς
1011 3657 1104 3711 καὶ
1136 3654 1227 3708 ἐπὶ
1256 3654 1365 3706 τῶν
1396 3653 1701 3724 προγόνων.
1736 3654 1822 3722 18,
1857 3656 1871 3709 i

1941 3654 2117 3723 Epist.
2145 3653 2212 3707 ad
2251 3653 2454 3723 Ephes.
2490 3653 2586 3718 XI,
2626 3652 2720 3706 121
2735 3678 2821 3707 .-
2843 3649 3031 3718 Montf.
3056 3650 3149 3714 XI,
3179 3649 3300 3704 I26.
3323 3648 3486 3705 Suvil.

239 3739 308 3790 III
330 3780 343 3800 ,
372 3739 494 3792 850.
528 3739 681 3794 Duc.‘
715 3743 778 3807 V,
811 3744 968 3799 1015.

331 3827 396 3880 Ἦ
424 3828 524 3892 τὰς
554 3829 805 3897 γλώσσας
837 3833 1098 3903 σήμερον.
1127 3833 1184 3887 In
1217 3831 1358 3886 festo
1385 3840 1586 3885 sanctae
1613 3831 1888 3885 Pentecost

1657 3837 1986 3885 entecostes.
2016 3828 2118 3882 Ed.
2149 3827 2288 3897 Aug.
2318 3827 2443 3882 Mai.
2472 3827 2626 3895 XIII,
2649 3824 2922 3895 Snpplem.
2954 3824 3059 3878 col.
3090 3825 3212 3880 417.

323 3938 430 4008 ['II
463 3937 563 4005 τῆς
600 3939 952 4003 ἀναστάσεως
983 3939 1077 3992 τοῦ
1117 3940 1368 4009 Σωτῆρος
1393 3938 1708 4008 καταλαμψ.
1741 3938 1880 4009 χάρις

1337 3958 1368 4003 ης
1393 3938 1708 4008 καταλαμψ.
1741 3938 1923 4009 χάρις.
1962 3937 2021 3992 III
2055 3935 2283 3992 Pascha.
2321 3935 2519 4006 Spuria
2554 3949 2619 3990 ac
2642 3931 2894 4005 rejecta.]

313 4023 423 4096 [οιλι
449 4025 544 4077 τοῦ
577 4025 785 4096 Κυρίου
816 4026 1114 4089 ἀνάστασις
1147 4027 1207 4079 τὸ
1235 4028 1355 4097 ἔαρ.
1389 4027 1449 4080 In
1472 4027 1610 4095 psal.
1640 4041 1754 4079 VIII.
1788 4024 1870 4094 Spl

951 4043 1114 4089 ’τασις
1147 4027 1207 4079 τὸ
1235 4028 1355 4097 ἔαρ.
1389 4027 1449 4080 In
1472 4027 1610 4095 psal.
1640 4041 1754 4079 VIII.
1788 4024 1984 4094 Spuria
2010 4031 2066 4079 et
2094 4023 2508 4096 praetermissa]

313 4112 422 4183 [Ἠ
451 4111 560 4165 τῶν
594 4113 951 4182 προφητικῶν
971 4114 1218 4183 Ψαλμῶν
1248 4115 1456 4184 μνήμη.
1475 4114 1535 4167 In
1569 4114 1707 4183 psal.
1733 4129 1819 4166 xv.
1848 4112 1870 4167 Ε

853 4113 951 4166 ιῶν
971 4114 1218 4183 Ψαλμῶν
1248 4115 1456 4184 μνήμη.
1475 4114 1535 4167 In
1569 4114 1707 4183 psal.
1733 4129 1819 4166 xv.
1848 4112 2046 4181 Spuria
2079 4121 2136 4166 et
2162 4111 2410 4183 rejecta.]

327 4200 396 4250 'H
422 4198 514 4250 τοῦ
548 4199 812 4267 παναγίου
845 4201 1162 4270 Πνεύματος
1197 4202 1377 4271 χάρις.
1406 4201 1466 4255 In
1497 4201 1633 4270 psal.
1663 4215 1772 4254 CIII.
1799 4199 1884 4254 No.

1941 4199 2026 4254 'est
2057 4199 2453 4271 Chrysostomi.
2492 4199 2559 4263 V,
2591 4198 2714 4253 646.
2750 4227 2820 4238 --
2858 4196 3047 4266 Montf.
3081 4196 3146 4261 V,
3175 4195 3296 4250 654.
3329 4194 3494 4250 Savit.

229 4289 280 4343 I.
315 4286 447 4341 945.
481 4286 616 4339 Duc.
645 4286 820 4342 deest.
1416 4326 1418 4328 τ

323 4373 394 4424 Ἠ
423 4371 644 4442 τρυγὼν
671 4373 703 4442 ἡ
738 4372 1059 4444 φιλέρημος.
1095 4375 1155 4428 In
1184 4375 1320 4444 psal.
1357 4391 1574 4436 LXXXIII,
1598 4375 1630 4426 4
1658 4392 1669 4426 :
1695 4373 1762 4427 Et
1789 4383 1880 4427 tur.

1946 4390 1967 4427 r
1996 4374 2201 4439 nidum,
2231 4373 2344 4428 sive
2376 4372 2444 4426 de
2478 4371 2926 4427 Ecclesia.Vertit
2951 4366 3503 4432 incertus.V,599.—

223 4460 441 4530 Montf.
475 4460 538 4524 V,
567 4459 690 4515 606.
720 4458 887 4516 Savil.
920 4462 1032 4526 VII,
1067 4463 1190 4517 264.
1222 4462 1358 4516 Duc.
1383 4462 1472 4525 VI,
1504 4461 1622 4515 104.

317 4547 538 4616 Ἥχησε
562 4548 657 4601 καὶ
681 4547 872 4618 μέχρις
895 4548 1053 4619 ἡμῶν
1080 4551 1112 4619 ή
1139 4549 1540 4620 μεγαλόφωνος.
1566 4548 1874 4603 Chromatio

1868 4563 1882 4601 ι
1908 4545 2266 4616 Aquileiensi,
2290 4546 2452 4616 epist.
2482 4543 2717 4608 155.11],
2742 4543 2864 4598 702.
2889 4573 2958 4583 ——
2977 4542 3166 4613 Montf.
3191 4541 3281 4606 III,
3305 4539 3425 4595 689.

1851 4635 1893 4687 Θ

309 4721 604 4790 Θαυμάζω
634 4721 687 4774 τί
721 4723 937 4792 δήποτε.
978 4725 1033 4778 In
1067 4723 1198 4777 illud
1232 4723 1369 4792 psal.
1404 4739 1617 4787 exnix,
1651 4723 1675 4776 1
1709 4722 1866 4792 :En'p

1942 4735 2013 4775 me
2037 4720 2101 4774 ab
2124 4719 2331 4774 homine
2354 4717 2516 4772 man.
2545 4717 2780 4775 Dubium
2820 4731 2891 4771 an
2927 4713 3280 4786 Chrysost.V,
3304 4711 3499 4765 707.—

223 4809 440 4878 Montf.
480 4808 544 4873 V,
575 4809 698 4864 719.
727 4807 891 4864 Savil.
925 4811 1034 4873 VII,
1066 4813 1189 4865 5.17.
1223 4811 1353 4864 Duc.
1393 4811 1567 4865 deest.

309 4897 646 4964 Θαυμασταὶ
671 4898 778 4950 τῶν
809 4897 1103 4968 ὀρθοδόξων
1133 4899 1190 4950 αἱ
1225 4899 1586 4968 πανηγύρεις.
1623 4899 1682 4952 In
1714 4897 1866 4966 auspi

1942 4911 2018 4950 Im
2058 4895 2186 4949 novi
2227 4895 2360 4949 anni
2395 4895 2476 4957 εἰς
2505 4894 2604 4963 τὴν
2634 4890 2810 4961 ἀρχὴν
2838 4889 2936 4957 τῆς
2978 4888 3214 4942 ίνδίκτου
3241 4886 3499 4942 Calendis

218 4985 402 5052 Sept.
437 4982 700 5047 Dunium,
725 5001 793 5038 an
822 4984 1218 5056 Chrysostomi.
1247 4986 1383 5048 VIII,
1421 4987 1544 5041 675.
1566 5017 1633 5026 —-
1652 4985 1838 5052 Montf.
1863 4982 1976 5038 VIII
1995 5021 2009 5043 ,
2036 4981 2158 5036 198.
2193 4979 2360 5035 Savil.
2386 4981 2451 5043 V,
2477 4980 2598 5033 815.
2628 4978 2758 5032 Duc.
2795 4976 2971 5030 deest.

306 5070 650 5139 Θαυμαστὸν
683 5073 714 5140 ὴ
750 5073 1120 5141 μακροθυμία.
1155 5073 1246 5137 85,
1286 5073 1339 5126 in
1364 5073 1522 5128 Joan.
1554 5073 1693 5135 VIII,
1724 5071 1848 5126 455.

1781 5071 1848 5124 i5.
1872 5099 1939 5107 —
1960 5069 2150 5137 Montf.
2180 5067 2318 5131 VIII,
2348 5067 2472 5121 498.
2503 5065 2668 5121 Savil.
2704 5065 2769 5127 II,
2794 5062 2916 5118 908.
2948 5062 3103 5116 Duc.‘
3126 5061 3190 5125 II,
3219 5061 3338 5115 556.

306 5178 432 5231 Θέα
465 5177 560 5230 τοῦ
591 5179 725 5232 Θεοῦ
759 5180 856 5248 τὴν
883 5180 1213 5250 οἰκονομίαν.
1243 5180 1333 5245 24,
1361 5179 1414 5232 in
1441 5179 1595 5233 Acta.
1629 5177 1717 5242 IX,
1751 5176 1863 5231 185.

1831 5177 1869 5231 5.
1897 5205 1966 5216 —-
1988 5173 2176 5242 Montf.
2207 5173 2298 5235 IX,
2329 5170 2449 5226 192.
2479 5169 2646 5225 Savil.
2677 5169 2767 5233 IV,
2800 5166 2922 5222 748.
2949 5166 3108 5219 Duc.’
3140 5167 3228 5230 III,
3261 5166 3388 5222 222.

310 5264 486 5334 [Θεία
507 5281 612 5330 τις,
630 5265 705 5328 ὡς
736 5266 900 5330 ἔοικε,
927 5268 961 5336 ἡ
994 5265 1242 5336 παροῦσα
1267 5266 1590 5335 πανήγυρις.
1612 5265 1670 5317 In
1702 5265 1867 5316 Assur

1612 5265 1670 5317 In
1702 5263 2145 5330 Assumptionem
2174 5259 2410 5314 Domini.
2439 5257 2637 5327 Spuria
2662 5265 2716 5310 ct
2737 5251 3147 5323 prmlermissaJ

308 5351 674 5422 [Θεοπρεπὴς
699 5352 794 5404 τοῦ
822 5353 1074 5423 Σωτῆρος
1104 5355 1137 5422 ἡ
1171 5355 1392 5418 ὲπιφαν.
1423 5351 1482 5405 In
1515 5350 1683 5404 filium
1715 5349 1865 5420 prodi

1064 5369 1074 5414 ;
1104 5355 1137 5422 ἡ
1171 5355 1392 5418 ὲπιφαν.
1423 5351 1482 5405 In
1515 5350 1683 5404 ﬁlium
1715 5349 2023 5420 prodigum.
2060 5347 2256 5416 Spuria
2291 5355 2347 5399 et
2374 5343 2621 5413 omissa.]

306 5436 589 5507 {Qewpeiq
615 5439 711 5507 τῆς
743 5439 1053 5508 προσευχῆς
1080 5439 1140 5489 τὸ
1171 5436 1402 5506 ἀξίωμα.
1432 5437 1490 5490 1η
1513 5437 1649 5504 psal.
1687 5452 1857 5488 Lxxxv

1243 5436 1402 5506 ἔωμα.
1432 5437 1490 5490 1η
1513 5437 1649 5504 psal.
1687 5452 1875 5488 Lxxxv.
1912 5434 2108 5503 Spuria
2135 5450 2222 5503 ap.
2254 5432 2445 5487 Montl'.
2475 5432 2539 5496 V,
2565 5445 2619 5499 p.
2647 5427 2794 5497 755.]

304 5522 582 5594 [Θεωρῶν
614 5524 890 5594 ὀφθαλμὸς
920 5527 1059 5578 καλὰ
1088 5542 1247 5594 τερπ.
1284 5525 1340 5577 In
1373 5525 1506 5593 psal.
1537 5539 1684 5576 XVIII.
1721 5521 1861 5590 Spur

721 5525 890 5594 αλμὸς
920 5527 1059 5578 καλά
1088 5542 1247 5594 τερπ.
1284 5525 1340 5577 In
1373 5525 1506 5593 psal.
1537 5539 1684 5576 xvm.
1721 5521 1917 5590 Spuria
1949 5529 2004 5574 et
2028 5521 2274 5588 omissa.]

305 5609 485 5663 (θέλει
519 5610 688 5674 δεῖξαι
718 5611 904 5665 λοιπὸν
935 5614 959 5663 ὁ
997 5612 1283 5682 μακάριος.
1327 5612 1376 5674 8,
1412 5610 1468 5662 III
1501 5610 1670 5677 Epist.
1705 5608 1770 5661 ad
1802 5608 1862 5660 11(

1938 5624 1967 5659 '.
1999 5608 2110 5670 XII,
2141 5609 2297 5660 67.”
2321 5606 2505 5672 .Ilomf.
2538 5603 2650 5659 XII.
2683 5604 2764 5655 81.
2789 5599 2953 5655 Satu'l.
2983 5599 3069 5665 IV,
3099 5595 3364 5651 I75.Dm‘.
3389 5595 3495 5656 VII,

210 5697 372 5753 760.
