3912 6146
447 283 588 340 1559
1581 286 1640 342 S.
1680 285 1732 341 1.
1769 284 1992 342 CIIRVS

2174 283 2261 341 IIII
2295 283 2584 342 ()PERUM
3580 282 3719 339 1560

516 401 793 472 θησαυρῷ
821 417 927 456 τινι
956 402 1281 474 προσέσικεν
1313 407 1348 476 ἡ
1382 404 1496 460 τῶν
1517 405 1746 460 δικαίων
1774 407 1971 478 ἀρετή.
2001 406 2061 460 56

2169 424 2176 460 ι
2202 404 2467 462 Genesin.
2503 404 2593 470 IV,
2620 402 2745 458 552.
2766 401 3044 474 —-Hontf.
3069 403 3158 470 IV,
3180 401 3308 457 562.
3344 399 3714 466 Savil.l,290.

447 488 918 646 0.353325%»).
948 578 1269 649 προσέοικεν
1295 580 1328 649 ἠ
1356 577 1467 633 τῶν
1495 579 1657 633 θείων
1688 578 1922 650 Γραφῶν
1947 578 1992 632 ἀί

2172 595 2274 643 σις.
2309 578 2378 645 5,
2405 577 2464 632 in
2502 577 2640 633 Gen.
2669 576 2758 644 IV,
2786 577 2875 632 52.
2917 608 2988 621 -—
3021 577 3216 648 Hontf.
3238 576 3336 643 IV,
3359 577 3455 631 14.
3480 571 3651 630 Sunii.
3675 571 3714 642 I,

447 662 534 716 10.
572 661 700 717 Duc.
727 661 794 727 II,
821 663 907 718 15.

516 748 724 821 [Θύραν
755 750 948 804 ἑαυτὸν
984 750 1271 822 ὠνόμαζεν
1297 752 1327 806 ὁ
1351 753 1578 822 Κύριος,
1620 753 1707 806 ἶνα
1735 752 1782 806 δ.
1814 751 1874 807 I-n
1898 751 1992 806 illu

1816 751 1874 807 In
1898 750 2035 806 illud
2061 769 2076 807 :
2100 749 2220 821 Ego
2240 767 2359 804 sum
2390 754 2600 806 ostium.
2629 749 2828 822 Spuria
2851 759 2909 805 et
2940 749 3361 821 praetermissa.)

518 945 530 1016 Ι
555 943 761 1014 ’ἰατρὸς
787 945 1216 1016 ἀφαρμάκευτος
1244 948 1272 999 ὁ
1298 946 1577 1016 Δεσπότης
1605 947 1779 1017 Χρ.1η
1806 946 2063 1002 Pharisaei

2175 953 2235 1002 et
2261 947 2646 1002 Publicanum.
2672 945 2870 1016 Spuria
2891 955 2946 1001 et
2969 945 3194 1001 omissa.
3221 945 3318 1000 Est
3347 945 3505 1000 enim
3535 945 3718 1000 Basilii

445 1032 757 1104 Seleuciae]

528 1120 722 1190 Ἰατρῷ
748 1120 926 1174 ἔοικεν
951 1123 980 1175 ὁ
1010 1121 1111 1192 τῆς
1148 1121 1496 1193 Ἐκκλησίας.
1530 1122 1607 1177 De
1639 1121 1765 1177 (ide.
1795 1121 1990 1177 Dubiul

2174 1121 2570 1192 Chrysostomi.
2599 1119 2869 1194 [Spuria.]
2897 1119 2989 1187 IX,
3024 1121 3145 1176 767.
3165 1149 3235 1160 —-
3254 1120 3450 1190 Montf.
3475 1119 3576 1185 IX,
3597 1121 3717 1176 854.

444 1203 612 1260 εαυξι.
651 1206 759 1271 VII,
791 1206 916 1260 288.
951 1206 1080 1260 Duc.
1105 1207 1280 1262 deest.

529 1294 756 1366 ’ἰατρῶν
793 1295 892 1363 μὲν
924 1295 1132 1357 παῖδες.
1170 1295 1246 1349 De
1287 1295 1632 1364 providentia
1666 1295 1763 1350 Dei
1793 1295 2059 1351 adversus
2089 1309 2214 1360 eos,
2245 1295 2338 1364 qui
2367 1295 2718 1351 scandalizati
2749 1305 2881 1350 sunt
2909 1295 2982 1350 ob
3012 1295 3375 1350 adversitates
3395 1333 3412 1360 ,
3455 1310 3583 1364 qua:
3615 1295 3722 1366 piis

447 1381 818 1453 contigerunt.
853 1382 925 1436 Et
953 1381 1219 1437 adversus
1243 1382 1482 1438 Iudaeos.
1514 1383 1694 1439 Vertit
1717 1383 1922 1439 Fronto
1943 1384 2199 1438 Ducatus.
2218 1383 2309 1449 III,
2338 1383 2464 1439 479.
2490 1413 2559 1424 —
2584 1383 2772 1452 Hontf.
2805 1383 2896 1450 III,
2927 1385 3054 1439 465.
3088 1382 3256 1438 Sam‘l.
3288 1382 3406 1445 VII,
3429 1382 3486 1436 1.
3511 1382 3720 1452 Duc.V,

446 1468 689 1606 769ίδετε
717 1557 783 1624 τῇ
814 1554 1056 1625 προτέρᾳ
1089 1555 1370 1624 κυριακῇ.
1391 1554 1467 1609 De
1489 1553 1813 1624 poenitentia
1839 1563 1895 1609 et
1914 1570 1991 1610 cas

2176 1557 2262 1621 ,in
2295 1556 2711 1626 inscriptionem
2735 1557 2929 1628 psalmi
2954 1574 3011 1611 η.
3042 1557 3260 1613 Primus
3286 1555 3471 1611 edidit
3499 1555 3721 1610 (Σωρκ-

445 1639 562 1694 rius
585 1655 711 1694 cum
739 1641 993 1696 versione
1021 1641 1080 1696 F.
1105 1640 1377 1696 Gabriclis
1399 1641 1468 1696 de
1494 1650 1684 1696 sancto
1708 1641 2061 1713 Hieronymo,
2090 1645 2366 1710 monachi,
2392 1661 2423 1700 e
2453 1645 2643 1700 codice
2673 1644 3025 1700 Scorialensi.
3055 1645 3229 1700 Paris.
3265 1644 3432 1709 1661,
3457 1645 3515 1707 4,
3547 1659 3604 1712 p.
3621 1645 3722 1703 22-

445 1726 534 1781 41,
574 1727 733 1781 Fusa.
761 1727 859 1782 Est
883 1727 1098 1794 eadem,
1131 1743 1254 1798 quae
1277 1727 1332 1795 2,
1367 1727 1436 1784 de
1459 1728 1819 1799 poenitentia:
1841 1745 1896 1784 v.
1929 1745 1990 1784 su

2174 1761 2178 1785 ι
2203 1749 2216 1786 :
2237 1731 2425 1786 Ετδετε
2449 1736 2514 1804 τῇ
2532 1748 2691 1804 προτ.
2713 1731 2900 1802 judice
2932 1731 3420 1787 Montl‘achhnL.
3448 1759 3522 1770 —
3551 1728 3719 1785 Sat-il.

445 1814 618 1870 deest.
655 1814 786 1869 Duc.
823 1815 997 1871 deest.

528 1900 685 1952 Ὶδίαν
711 1899 877 1953 αὑτοῦ
907 1901 1064 1954 πόλιν
1088 1901 1351 1956 ἐνταῦθα.
1375 1903 1465 1967 50,
1490 1904 1546 1958 in
1579 1903 1917 1960 Matthmum.
1949 1906 1990 1961 V

2107 1905 2217 1960 557.
2239 1934 2311 1944 —-
2330 1903 2517 1974 Montf.
2550 1920 2606 1974 p.
2638 1905 2761 1960 542.
2786 1904 2957 1960 Savil.
2991 1903 3038 1958 II
3058 1945 3073 1970 ,
3097 1903 3222 1958 200.
3251 1903 3414 1958 Due.‘
3443 1903 3492 1970 I,
3521 1905 3652 1960 551.

516 1984 683 2055 [Ἰδοὺ
715 1986 876 2040 πάλιν
905 1987 1092 2058 ἑορτὴ,
1125 1987 1233 2041 ἰδοὺ
1266 1991 1511 2059 σωτηρία
1545 1991 1753 2060 ψυχῶν.
1786 1990 1846 2045 In
1875 1999 2061 2045 sanctu

1886 1999 2125 2046 sanctum
2150 1991 2417 2046 Thomam
2439 2031 2454 2057 ,
2485 1993 2818 2061 apostolum.
2854 1991 3056 2061 Spuria
3086 2000 3144 2046 et
3172 1991 3431 2062 omissa.]

443 2157 492 2213 Π
529 2069 662 2214 ἰἓέἒ
690 2072 827 2144 πρὸς
858 2073 920 2126 τὸ
948 2073 1102 2138 τέλος
1127 2074 1446 2146 ἐφθάσαμεν
1473 2076 1660 2132 λοιπὸν
1685 2077 1812 2148 τῆς.
1841 2078 1933 2145 50,
1962 2077 1988 2132 i1

2175 2079 2296 2135 asin.
2323 2080 2412 2145 ιν,
2443 2079 2564 2134 275.
2591 2079 2868 2150 —Montf.
2897 2078 3133 2150 1v,:295.
3160 2078 3329 2133 Savil.
3353 2079 3398 2146 ι,
3425 2080 3560 2134 2'55.
3593 2080 3720 2133 Du.

528 2247 660 2300 Ἰδοὺ
688 2249 954 2323 σήμερον,
979 2249 1236 2322 ἀδελφοὶ,
1265 2252 1470 2324 ἐπέστη
1496 2255 1651 2325 ἡμῖν.
1682 2255 1743 2310 In
1771 2254 1947 2310 David
1973 2262 2031 2310 et
2063 2270 2073 2307 ι

1526 2255 1651 2324 ιμϊν.
1682 2255 1743 2310 In
1771 2254 1947 2310 David
1973 2262 2031 2310 et
2063 2252 2132 2308 de
2156 2251 2506 2307 Pcenitentia.
2534 2252 2731 2322 Spuria
2760 2261 2818 2307 et
2848 2253 3071 2308 omissa.

531 2357 659 2412 Ἰδοὺ
695 2361 936 2431 σήμερον
961 2363 1094 2433 ἡμῖν
1122 2363 1152 2416 ὁ
1183 2363 1454 2435 μακάριος
1482 2365 1667 2420 Δαυῒδ.
1697 2365 1775 2420 De
1802 2365 2076 2420 Pmnitent

2144 2363 2238 2429 ,de
2259 2363 2465 2418 Davide
2490 2372 2546 2418 et
2573 2365 2641 2419 de
2661 2363 2810 2419 Uria.
2835 2362 2978 2428 XIII,
3008 2362 3164 2416 ll.-——
3176 2361 3367 2430 Hontf.
3391 2360 3538 2421 XIII.
3559 2362 3689 2417 289.

530 2445 660 2498 Ἰδοὺ
690 2449 850 2518 τρίτη
883 2448 1138 2514 διάλεξις.
1170 2451 1223 2515 5,
1257 2451 1310 2504 in
1337 2450 1672 2507 Matthaum.
1707 2453 1823 2518 VII,
1845 2453 1935 2506 52.
1959 2481 2029 2493 σι·-
2049 2452 2075 2506 ﬂ

1772 2453 1823 2518 iI,
1845 2453 1935 2506 52.
1959 2481 2029 2493 -—
2049 2451 2237 2522 Montf.
2268 2451 2383 2513 VII,
2415 2450 2504 2504 52.
2535 2449 2699 2505 Savil.
2738 2451 2804 2518 II,
2833 2451 2920 2505 I4.
2951 2449 3106 2504 Duc.‘
3141 2449 3196 2512 I,
3226 2448 3317 2501 24.

531 2530 662 2607 ’18οὺ
688 2533 774 2600 τὸ,
798 2535 910 2600 διὰ,
941 2535 1020 2607 τῷ
1047 2537 1225 2608 Πατρὶ
1253 2537 1476 2592 δέδωκε.
1506 2537 1662 2592 Hom.
1699 2538 1726 2593 1
1763 2538 1820 2592 in
1852 2538 2032 2607 Epist.
2063 2554 2076 2593 ε

2177 2537 2358 2608 Ξρὶιθε.
2383 2536 2477 2603 XI,
2515 2537 2642 2593 9.—
2664 2537 2852 2608 Montf.
2879 2537 2972 2600 XI,
3001 2538 3052 2592 1.
3086 2533 3257 2590 Savil.
3284 2534 3377 2598 Ill,
3406 2535 3538 2589 764.
3569 2536 3722 2590 Du.‘

450 2618 515 2684 V,
551 2620 676 2675 865.

534 2706 700 2776 Ἰεραὶ
733 2707 833 2778 μὲν
863 2709 966 2780 ἤδη
994 2711 1170 2780 φωτὸς
1204 2710 1597 2782 ὑπεραυγοῦσι.
1634 2710 1696 2764 In
1722 2709 1957 2766 Pascha.
1988 2709 2079 2766 Du?

2176 2726 2249 2776 m,
2275 2727 2346 2767 an
2367 2711 2767 2783 Chrysostomi.
2807 2711 3079 2785 [Spuria.]
3104 2713 3253 2779 VIII,
3283 2711 3411 2767 755.
3440 2738 3506 2749 -
3529 2707 3721 2779 Houtf.

451 2789 586 2856 VIII,
612 2794 734 2848 264.
761 2793 930 2851 Savit.
958 2797 1024 2863 V,
1051 2797 1175 2854 950.
1203 2797 1338 2852 Duc.
1373 2797 1548 2853 deest.

537 2881 717 2937 Ἱκανὰ
749 2885 848 2954 μὲν
869 2881 963 2940 οὖν
991 2888 1087 2942 καὶ
1114 2887 1182 2942 τὰ
1210 2886 1477 2958 εἰρημένα
1506 2886 1716 2940 σϐέσαι.
1754 2885 1918 2942 Liber
1945 2901 2000 2941 m
2022 2925 2038 2953 ,

2182 2882 2476 2956 Stagirium
2501 2926 2516 2952 ,
2547 2887 2612 2940 de
2641 2887 2858 2940 tristitia
2885 2888 3052 2941 animi
3078 2886 3350 2958 fugienda.
3405 2886 3427 2941 I
3455 2927 3470 2951 ,
3495 2886 3629 2941 471.
3656 2914 3727 2928 -

450 2965 640 3040 Menti.
673 2972 714 3038 I,
745 2972 866 3028 204.
899 2972 1067 3028 Savil.
1098 2975 1187 3039 VI,
1217 2973 1340 3028 120.
1373 2973 1506 3027 Duc.
1537 2973 1627 3039 IV,
1659 2973 1781 3028 197.

535 3056 720 3111 Ἰκανᾶ
750 3059 851 3129 μὲν
881 3056 973 3113 οὖν
999 3061 1096 3114 καὶ
1123 3059 1296 3114 ταῦτα
1331 3059 1587 3114 ἔκστασιν
1615 3059 1968 3130 ἐργάζεσθαι.
1998 3058 2080 3115 LII

2192 3075 2250 3126 ιι,
2282 3057 2479 3113 Contra
2511 3068 2888 3130 contemptores
2921 3062 3042 3113 vita:
3072 3060 3401 3113 monasticw.
3437 3058 3479 3124 l,
3506 3059 3728 3112 55!.—

451 3142 643 3214 Montf.
675 3146 728 3211 I,
753 3147 840 3201 57.
867 3145 1034 3202 Savil.
1061 3149 1150 3213 VI,
1183 3148 1303 3202 170.
1333 3147 1466 3202 Duc.
1499 3147 1590 3212 IV,
1623 3147 1748 3202 571.

537 3230 762 3296 Ἰκανῶς
787 3233 1135 3304 ένδιατρίψας
1165 3237 1232 3304 τῇ
1266 3233 1437 3286 πόλει.
1470 3234 1560 3297 42,
1596 3234 1652 3287 in
1676 3233 1832 3287 Acta.
1858 3230 1950 3297 IX,
1981 3231 2082 3288 295

2074 3233 2180 3286 1.-
2201 3231 2389 3302 Montf.
2422 3231 2514 3297 IX,
2542 3232 2664 3287 517.
2697 3231 2864 3288 Savil.
2902 3234 2991 3298 IV,
3019 3234 3141 3289 845.
3179 3232 3336 3285 Duc.‘
3365 3233 3465 3298 III,
3489 3233 3619 3288 568.

535 3317 758 3382 Ἰκανῶς
791 3319 850 3370 ὲν
878 3321 998 3382 ταῖς
1038 3318 1350 3389 ἔμπροσθεν
1395 3321 1903 3389 ὲπανηγυρίσαμεν.
1948 3319 2026 3374 De
2068 3335 2080 3388 ι

2185 3319 2327 3374 :ibus
2368 3318 2592 3375 Christi.
2629 3319 2805 3375 Vertit
2849 3320 3053 3376 Fronto
3093 3323 3344 3376 Ducaeus.
3392 3320 3457 3387 Ι,
3505 3321 3633 3377 785.
3659 3350 3730 3361 —-

456 3404 642 3474 llontf.
674 3406 729 3471 I,
754 3407 876 3463 529.
907 3405 1074 3462 Savil.
1108 3405 1212 3472 VI,
1239 3406 1363 3460 714.
1398 3405 1533 3461 Duc.
1562 3406 1627 3472 V,
1653 3406 1777 3461 615.

537 3493 758 3557 Ἱκανῶς
795 3495 944 3566 ἡμᾶς
973 3493 1166 3566 πρώην
1197 3493 1629 3564 ἐψυχαγώγησεν
1661 3494 1692 3545 6
1727 3492 1981 3563 Χριστός.
2033 3493 2082 3548 In

2181 3491 2429 3546 mlierem
2479 3492 2867 3561 peccatricem.
2902 3494 3024 3548 Non
3066 3493 3288 3547 videtur
3314 3493 3726 3564 Chrysostomi.

455 3581 840 3652 Amphilochio
864 3581 932 3636 ab
955 3582 1078 3638 aliis
1107 3580 1186 3654 [et
1215 3579 1534 3652 Montfauc.]
1570 3580 1853 3634 tribuitur.
1876 3579 1944 3645 X,
1980 3579 2103 3633 745.
2123 3611 2195 3621 —
2215 3580 2402 3651 Montf.
2433 3580 2501 3647 X,
2528 3581 2649 3647 799,
2679 3579 2848 3637 Savil.
2886 3583 3011 3646 VII,
3045 3582 3164 3637 576.
3202 3581 3333 3636 Duc.
3364 3583 3552 3637 deest.

539 3666 760 3732 Ἱκανῶς
789 3669 937 3741 ἡμᾶς
964 3669 1156 3740 πρώην
1193 3669 1228 3739 ἡ
1259 3667 1401 3721 κατὰ
1432 3666 1522 3719 τὸν
1565 3665 1787 3739 Ἰωσήφ.
1819 3668 1908 3734 6:2,
1943 3668 1998 3722 in
2022 3669 2084 3724 Gt

2192 3667 2281 3732 IV,
2312 3668 2434 3722 552.
2457 3697 2526 3709 —
2546 3668 2734 3739 Montf.
2767 3669 2855 3738 IV,
2883 3670 3009 3725 491.
3037 3669 3205 3725 εαυει.
3233 3669 3253 3723 1
3276 3710 3291 3733 ,
3321 3671 3452 3724 476.
3489 3671 3628 3726 Duc.
3662 3671 3724 3726 II.

539 3843 758 3910 Ίκανῶς
785 3847 932 3917 ἡμᾶς
956 3846 1082 3917 χθὲς
1110 3848 1178 3902 τὰ
1207 3850 1494 3922 προοίμια.
1527 3849 1618 3916 55,
1652 3849 1708 3903 in
1733 3848 1872 3904 Gen.
1896 3849 1987 3914 IV,
2022 3847 2084 3901 47

2042 3843 2145 3901 179.
2167 3875 2236 3884 --
2260 3844 2445 3927 Μοηιί.
2470 3845 2559 3910 IV,
2593 3844 2718 3898 551.
2751 3843 2918 3898 Savil.
2952 3843 2995 3909 I,
3025 3841 3148 3897 427.
3181 3841 3319 3896 Duc.
3350 3843 3422 3907 II,
3455 3843 3587 3898 596.

537 3933 763 3996 Ἱκανῶς
784 3934 974 4004 πρώην
1000 3937 1134 4006 ἡμῖν
1163 3936 1549 4008 διεθερμάνθη.
1598 3936 1659 3990 In
1679 3936 1701 3989 I
1721 3935 1848 3990 Cor.
1880 3951 1956 3997 ιι,
1983 3933 2048 3988 19
2075 3950 2082 3986 :

2184 3939 2328 3985 portet
2365 3932 2587 3986 Ιιωτεεεε
2625 3947 2751 3986 esse.
2783 3930 2958 3987 Vertit
2995 3929 3240 3984 incertus
3265 3929 3419 3984 haud
3441 3938 3729 3995 accurate,

458 4019 547 4084 III,
578 4019 706 4074 251.
727 4020 1002 4092 —Montf.
1031 4021 1121 4089 III,
1145 4023 1270 4078 240.
1304 4021 1475 4078 Savil.
1509 4023 1577 4090 V,
1603 4023 1724 4078 562.
1761 4022 1893 4077 Duc.
1925 4023 1990 4088 V,
2019 4021 2144 4076 274.
2774 4036 2778 4041 ·

543 4106 765 4171 Ἰκανῶς
795 4108 968 4180 (ὑμῖν)
995 4104 1150 4180 οἶμαι
1179 4111 1320 4165 κατὰ
1352 4110 1584 4182 δύναμιν
1610 4110 1708 4183 τὴν
1736 4109 2033 4182 ἡμετέραν.
2062 4109 2086 4161 1

2185 4109 2239 4164 in
2263 4109 2402 4165 Gen.
2437 4107 2528 4175 IV,
2560 4110 2683 4165 154.
2705 4137 2778 4149 -
2817 4108 3008 4180 Montf.
3041 4110 3129 4175 IV,
3159 4109 3284 4164 155.
3309 4107 3488 4165 Savil.
3514 4111 3573 4177 I,
3604 4109 3730 4166 115.

463 4193 594 4249 Duc.
626 4193 674 4250 II
687 4237 701 4259 ,
729 4195 850 4251 147.

539 4282 760 4347 Ἰκανὼς
792 4285 942 4351 ὑμῖν,
969 4279 1144 4355 οἶμαι,
1180 4283 1550 4356 καθηψάμεθα
1579 4285 1794 4357 πρώην.
1822 4285 1943 4341 Non
1967 4299 2084 4341 esse

2217 4283 2446 4354 gratiam
2471 4282 3119 4339 concionandum.Vertit
3140 4283 3347 4339 Fronto
3378 4284 3644 4341 Duceus.
3669 4284 3736 4349 II,

457 4371 583 4430 655.
605 4373 880 4443 -ηΜοηνιῙ,
913 4374 991 4438 II,
1027 4374 1150 4429 658.
1183 4373 1352 4429 Savil.
1390 4374 1529 4439 VIII,
1557 4374 1646 4430 95.
1677 4373 1810 4429 Duc.
1846 4374 1911 4440 V,
1935 4373 2059 4429 684.

542 4462 768 4526 ’ἱκανῶς
795 4461 921 4533 χθὲς
949 4461 1315 4531 καθηψάμεθα
1339 4461 1448 4515 τῶν
1481 4462 1582 4524 εὶς.
1611 4461 1666 4522 7.
1699 4461 1756 4515 in
1788 4461 1926 4516 Gen.
1952 4461 2042 4524 IV,
2067 4459 2087 4515 ε

1952 4461 2042 4524 IV,
2067 4459 2156 4515 61.
2179 4460 2454 4532 —Montf.
2480 4459 2568 4522 IV,
2599 4459 2688 4513 48.
2725 4457 2891 4514 Savil.
2920 4459 2978 4522 I,
3007 4459 3096 4515 58.
3130 4456 3263 4512 Duc.
3292 4457 3360 4520 II,
3387 4459 3484 4514 55.

543 4547 810 4620 Ἱλασμῶν
841 4550 870 4602 ὁ
898 4549 1110 4620 καιρός.
1134 4550 1210 4604 De
1223 4549 1457 4622 jejunio.
1476 4549 1598 4605 Non
1622 4548 1844 4604 videtur
1863 4547 2088 4619 Chryse:

2192 4546 2263 4600 ni.
2291 4543 2556 4618 [Spuria.]
2578 4541 2673 4609 XI,
2702 4545 2826 4600 751.
2849 4574 2924 4585 -
2941 4544 3130 4615 Montf.
3154 4537 3248 4610 XI,
3275 4544 3407 4600 804.
3437 4544 3737 4609 SavilJ'II,

459 4634 584 4692 470.
612 4635 747 4691 Duc.
774 4636 950 4691 deest.

534 4725 652 4778 Ἵνα
680 4723 793 4794 γὰρ
825 4723 902 4796 μὴ
926 4723 1184 4792 λέγωσιν,
1215 4724 1359 4787 τινος
1389 4723 1595 4778 ἕνεκεν.
1626 4722 1694 4779 58
1721 4721 1859 4795 [59],
1891 4722 1948 4777 in
1976 4720 2079 4776 Mat

2188 4735 2312 4774 :um.
2338 4719 2454 4785 vn,
2478 4719 2599 4774 565.
2625 4748 2694 4758 -
2733 4716 2922 4788 Montf.
2953 4718 3065 4785 vn,
3098 4719 3221 4773 584.
3274 4717 3446 4774 ευυει.
3486 4721 3566 4787 u,
3607 4718 3733 4776 370.

464 4809 620 4866 Duc.‘
645 4811 697 4878 I,
723 4811 849 4866 652.

534 4897 653 4951 Ἵνα
682 4897 793 4970 γὰρ
822 4899 897 4970 μή
925 4913 1011 4960 τις
1039 4896 1194 4968 λέγῃ.
1228 4897 1320 4960 52,
1349 4896 1406 4950 in
1436 4897 1458 4951 I
1494 4896 1562 4951 ad
1596 4895 1851 4952 Corinth.
1884 4894 1954 4960 X,
1983 4894 2079 4949 265

2087 4923 2110 4946 ›.
2131 4892 2409 4962 —Montf.
2443 4891 2526 4958 X,
2554 4891 2680 4946 281.
2710 4890 2857 4947 Savil
2905 4892 2974 4946 III
2996 4933 3010 4956 ,
3042 4893 3169 4948 448.
3203 4892 3367 4946 Duc.‘
3396 4894 3466 4956 V,
3502 4894 3632 4949 542.

534 4983 654 5039 Ἵνα
688 4966 919 5058 μὴνδόξίη
949 4966 1542 5047 αὐτοῦςηαινίττεσθαι.
1571 4984 1627 5050 5,
1653 4981 1900 5052 inEpist.
1930 4980 1999 5036 ad
2030 4979 2078 5034 Β

2190 4978 2366 5044 m.IX,
2393 4979 2520 5033 421.
2542 5006 2608 5018 -—
2630 4977 2818 5045 Hontf.
2852 4977 2945 5041 IX,
2975 4977 3100 5033 460.
3125 4977 3296 5032 Savil.
3327 4978 3425 5044 III,
3451 4981 3551 5034 27.
3579 4966 3735 5033 Du:

463 5070 552 5133 IV,
577 5073 664 5126 45.

546 5158 732 5211 ἰουδὶθ
766 5159 1033 5213 καλεῖται.
1074 5156 1336 5228 Synopsis
1364 5157 1403 5212 l.
1429 5157 1638 5214 Judith.
1665 5157 1754 5218 VI,
1787 5156 1910 5210 561.

548 5245 733 5308 Ἰωνᾶς
763 5246 792 5297 ὁ
819 5246 1124 5316 προφήτης.
1155 5244 1417 5314 Synopsis
1448 5244 1486 5298 l.
1513 5244 1687 5299 Jonaa.
1719 5243 1807 5307 Vl,
1836 5242 1959 5296 584.
1979 5272 2048 5282 -—
2067 5241 2093 5295 1

976 5246 1124 5315 ήτης.
1155 5244 1417 5314 Synopsis
1448 5244 1486 5298 l.
1513 5244 1687 5299 Jonaa.
1719 5243 1807 5307 Vl,
1836 5242 1959 5296 584.
1979 5272 2048 5282 -—
2067 5239 2256 5310 Menti.
2283 5241 2371 5306 VI,
2399 5241 2521 5296 590.

547 5333 746 5385 Ἰστέον
771 5333 856 5386 ὅτι
883 5332 1078 5395 ἄλλους
1113 5330 1508 5399 εὐαγγελιστάς
1527 5331 1586 5396 ἐξ
1613 5329 1792 5383 αὐτῶν
1818 5328 2090 5398 ἀρχομένο

2190 5326 2334 5379 ἐστιν
2361 5327 2490 5381 ἰδεῖν
2517 5325 2626 5380 τῶν
2655 5327 3022 5398 πραγμάτων.
3051 5328 3398 5383 Ennarratio
3428 5329 3492 5383 in
3516 5328 3735 5384 Lucam.

466 5434 629 5487 quam
663 5418 787 5472 Tito
815 5419 1098 5474 Bostrensi
1129 5417 1383 5472 tribuunt
1410 5416 1630 5471 codices
1655 5414 1961 5469 Florentini
1995 5422 2052 5468 et
2075 5414 2250 5468 Paris.
2287 5415 2390 5469 sub
2423 5415 2579 5484 cujus
2619 5413 2785 5470 etiam
2815 5415 3041 5470 nomine
3069 5413 3265 5471 Graece
3295 5424 3357 5471 et
3387 5415 3591 5473 Latine
3617 5427 3739 5485 pro-

470 5507 603 5570 diit;
634 5506 730 5560 sed
753 5508 1030 5577 iuniorem
1065 5515 1344 5561 auctorem
1374 5520 1496 5561 esse
1521 5511 1760 5573 oportet.
1786 5531 1854 5544 —
1874 5501 2063 5570 Montf.
2096 5501 2270 5556 deest.
2304 5500 2471 5556 Savil.
2505 5502 2680 5558 deest.
2718 5501 2852 5556 Duc.
2879 5502 3063 5558 deest.

552 5591 808 5659 Ἰωάννης
835 5596 892 5646 ὲν
929 5593 1141 5660 Ἐφέσῳ
1163 5595 1262 5661 τῆς
1297 5591 1500 5652 Ἄσίας.
1526 5590 1603 5644 De
1632 5596 1824 5643 sancto
1849 5588 2078 5652 Joanne,

2199 5587 2387 5658 :ologo.
2419 5589 2598 5646 Vertit
2623 5589 2827 5644 Fronto
2865 5589 3121 5646 Duczeus.
3155 5590 3330 5661 Spur.
3365 5590 3508 5660 VIII,
3540 5592 3744 5651 609.—

479 5675 666 5740 Montf.
697 5676 834 5742 VIII,
865 5679 983 5732 I50.
1013 5677 1177 5734 Savit.
1203 5679 1374 5733 deest.
1411 5677 1542 5730 Duc.
1568 5674 1657 5740 VI,
1683 5674 1806 5729 505.
