3944 6152
310 284 447 341 I595
1539 286 1746 346 INDEX
1784 289 2325 350 ALPHABE'I'ICUS.
3414 299 3554 355 1594

306 397 720 540 ΞΘἔξωιριιιωέσιις
743 399 1097 472 εὐχαρίστους
1116 397 1276 458 εἶναι.
1301 397 1363 467 9,
1381 397 1438 456 in
1462 403 1636 474 Epist.
1664 407 1729 462 ad
1751 407 1863 463 (ἴοις

1992 408 2080 474 XI,
2103 409 2226 464 559.
2245 438 2315 450 -
2337 407 2524 480 Hontf.
2550 410 2640 477 XI,
2664 411 2788 468 590.
2814 409 2980 466 Savil.
3005 408 3100 473 IV,
3132 408 3252 464 I56.
3289 408 3441 464 Duc.‘
3464 411 3549 474 VI,

379 589 692 660 Παρακαλῶ
719 591 884 660 ὑμᾶς,
917 592 1156 662 ἀδελφοὶ,
1196 593 1271 664 μὴ
1304 593 1484 662 μόνον.
1529 594 1605 650 De
1638 607 1934 667 compuncl

1993 614 2060 654 ne
2081 640 2094 663 ,
2125 600 2389 670 patientia
2420 611 2476 656 et
2506 601 2785 659 desiderio
2815 602 3123 657 futurorum
3154 601 3425 658 bonorum
3451 641 3462 661 .
3500 613 3550 656 ot

307 678 552 820 Sicaniae
578 677 781 820 Cﬁristi
807 679 1068 737 adventu.
1095 683 1295 754 Ecloga
1323 682 1436 756 [4-1]
1469 699 1534 739 ex
1561 683 2058 756 Cbrysustomianis
2084 687 2333 744 collecta.
2366 688 2484 754 XII,
2510 690 2710 760 8794-
2738 689 2926 760 ΜοηιῙ.
2948 689 3066 756 XII,
3089 690 3212 746 761.
3243 689 3411 744 Savil.
3438 689 3549 752 νη,

388 795 403 819 ι
420 805 434 819 .
513 783 594 820 uc.
664 778 799 820 eest.

388 778 410 819 ἶ
420 805 434 819 .
463 778 594 820 Duc.
626 778 799 824 (18681.

380 850 422 920 -ι-
462 839 916 924 Παραλειπὸμενα
942 855 1206 909 καλεῖται.
1235 855 1496 928 Synopsis
1532 857 1704 912 Paral.
1734 858 1830 912 lib.
1867 875 1902 914 ι.
1934 860 1937 867 “

1198 895 1206 908 .
1235 855 1496 928 Synopsis
1532 857 1704 912 Paral.
1734 858 1830 912 lib.
1867 875 1902 914 ι.
1934 860 2024 924 VI,
2057 861 2179 916 557.
2207 891 2274 902 —
2295 862 2484 932 Montf.
2513 864 2600 925 Vl.
2633 863 2755 918 56L

383 939 926 1011 Παραμυθησάμενος
959 944 1024 996 ἐκ
1050 942 1146 996 τοῦ
1175 944 1535 1014 χαρίσματος.
1561 943 1650 1006 50,
1691 944 1789 1000 inI
1827 962 1868 1000 at

311 1025 437 1081 522.
1043 1037 1048 1042 '

1991 964 2046 1001 η’.
2080 949 2145 1004 Χ.
2172 949 2370 1004 249-
2399 949 2588 1019 Montf.
2612 949 2678 1015 Χ,
2703 949 2826 1004 268.
2866 947 3032 1004 Savil.
3051 949 3138 1013 III,
3158 949 3279 1004 456.
3307 948 3456 1003 Duc.‘
3480 948 3548 1000 V.

385 1131 817 1202 [Παραπλησίως
849 1139 961 1199 τοῖς
994 1138 1278 1206 προτέροις
1304 1139 1398 1192 καὶ
1427 1134 1577 1202 οὗτος
1602 1143 1628 1194 ὁ
1662 1141 1719 1210 ψ.
1749 1142 1806 1196 1η
1838 1141 1942 1210 psal

1141 1138 1278 1204 ἑροις
1304 1139 1398 1192 καὶ
1427 1134 1577 1202 οὗτος
1602 1143 1628 1194 ὁ
1662 1141 1719 1210 ψ.
1749 1142 1806 1196 1η
1838 1141 1970 1210 psal.
2009 1158 2113 1196 ενι.
2142 1139 2336 1210 Spuria
2366 1151 2421 1198 et
2451 1144 2698 1211 omissa.I

389 1218 789 1291 [Παρελήλυθεν
820 1225 854 1293 η
890 1223 1101 1278 Παύλου
1132 1228 1457 1295 πανήγυρις.
1487 1229 1544 1282 In
1573 1239 1819 1282 sanctum
1858 1230 1946 1283 Pal

1135 1228 1457 1295 πανήγυρις.
1487 1229 1544 1282 In
1573 1239 1819 1282 sanctum
1858 1230 2107 1283 Paulum.
2130 1229 2326 1298 Spuria
2361 1241 2415 1285 et
2448 1233 2692 1302 omissa.]

319 1392 368 1444 υ
388 1308 669 1448 Παρῆἰθεν
701 1312 734 1380 ἡ
766 1311 988 1381 νηστεία
1016 1313 1125 1365 τῶν
1158 1315 1448 1367 Ἰουδαίων.
1477 1315 1545 1371 VI
1577 1314 1760 1388 [VIII].
1795 1314 1874 1369 Ad

371 1409 452 1447 uc.
514 1437 524 1448 .
589 1396 677 1449 (i5.

1992 1332 2073 1370 ius
2099 1318 2335 1372 Iudaeos.
2366 1318 2407 1374 I.
2440 1321 2562 1374 927.
2586 1349 2653 1359 —-
2677 1319 2867 1391 Montf.
2897 1320 2937 1383 I,
2969 1317 3095 1374 675.
3122 1315 3286 1371 Savil.
3307 1315 3374 1370 VI
3392 1353 3408 1378 ,
3429 1313 3549 1369 554.

371 1409 452 1447 uc.
486 1401 524 1448 Ι.
554 1401 677 1450 465.

389 1478 431 1547 -ξ-
467 1481 759 1552 Παροιμίαι
791 1483 1152 1552 Solonem-ros.
1186 1485 1448 1554 Synopsis
1478 1487 1735 1540 Proverb.
1767 1488 1856 1552 Vl,
1883 1487 1946 1541 57

1048 1501 1152 1544 τος.
1186 1485 1448 1554 Synopsis
1478 1487 1735 1540 Proverb.
1767 1488 1856 1552 VI,
1883 1487 2006 1542 570.
2037 1520 2104 1530 —
2137 1488 2325 1559 Montf.
2353 1491 2422 1546 VI
2443 1529 2458 1553 ,
2483 1491 2605 1547 575.

391 1568 546 1620 Πᾶσα
577 1570 761 1639 γραφὴ
793 1571 1166 1633 Θεόπνευστος.
1200 1573 1272 1627 De
1303 1573 1427 1635 ﬁde.
1456 1583 1510 1627 et
1535 1575 1653 1645 lege
1687 1585 1915 1638 natura,
1945 1599 1948 1621 ι

2000 1615 2001 1620 η
2027 1574 2234 1646 Spiritu
2252 1585 2460 1632 saneto.
2491 1577 2669 1633 Vertit
2693 1578 2956 1634 incertus.
2980 1575 3249 1648 [Spuria.]
3268 1575 3309 1630 1.
3330 1575 3557 1652 1081.-έ

318 1651 513 1724 Hontf.
544 1654 587 1713 I.
610 1656 734 1711 825.
761 1656 927 1712 Savil.
957 1658 1044 1723 VI,
1076 1659 1198 1713 857.
1236 1660 1364 1713 Duc.
1390 1661 1477 1722 VI.
1506 1662 1627 1716 H9.

394 1737 572 1810 [Πᾶσα
602 1742 791 1813 Γραφὴ
826 1743 1180 1806 Θεόπνευστος
1211 1744 1352 1796 κατὰ
1386 1746 1477 1797 τὸν
1507 1763 1713 1816 μακαρ.
1749 1747 1942 1802 ἀπόστ.

1507 1763 1713 1816 μακαρ.
1749 1747 1942 1802 ἀπόστ.
1974 1748 2304 1803 Prooemium
2335 1749 2391 1803 in
2422 1750 2614 1818 psalm.
2656 1749 2844 1804 Menti.
2868 1749 2933 1813 V,
2961 1748 3036 1820 I.]

394 1823 574 1897 [Πᾶσα
608 1828 789 1890 ἔνθεος
817 1829 1137 1883 διδασκαλία
1177 1831 1430 1898 συνάγειν
1463 1831 1640 1892 εἴωθε.
1679 1833 1736 1888 In
1776 1833 1948 1894 Lazar

1628 1872 1640 1892 .
1679 1833 1736 1888 In
1776 1833 2062 1895 Lazarum.
2097 1835 2314 1904 Spuria.
2353 1835 2538 1889 Montl'.
2566 1834 2658 1899 XI,
2691 1834 2840 1907 846.]
2869 1835 2961 1900 XI,
2996 1835 3116 1890 771.
3179 1901 3185 1905 _

395 1939 551 1991 Πᾶσα
581 1938 864 2002 εὐσεϐείας
893 1939 1168 2004 ὑπόθεσις.
1202 1941 1320 1996 Non
1351 1940 1748 2012 Chrysostomi,
1777 1944 1870 1996 sed
1905 1944 2212 2006 Severiani,
2244 1943 2576 2001 Gabalorum
2617 1947 2863 2018 episcopi
2889 1986 2904 2006 .
2944 1946 3172 2001 homilia
3197 1946 3221 2000 I
3251 1945 3304 2000 in
3334 1942 3558 2000 Cosme-

322 2025 543 2097 pmiam.
571 2025 658 2088 VI,
684 2025 808 2081 429.
890 2055 906 2066 ο
936 2025 1124 2095 Montf.
1155 2027 1241 2090 Vl.
1272 2027 1397 2087 456.
1428 2025 1591 2085 Savil.
1616 2028 1727 2087 VII.
1763 2028 1883 2083 587.
1915 2027 2046 2083 Duc.
2081 2031 2250 2086 deest.

395 2133 573 2185 Πᾶσαι
607 2132 707 2201 μὲν
737 2133 889 2198 ἂγιαι
915 2135 972 2186 al
1018 2135 1329 2188 Ἐπιστολαὶ
1357 2134 1589 2188 Παύλου.
1623 2134 1642 2186 1
1667 2173 1681 2198 ,
1713 2133 1766 2187 in
1793 2133 1945 2203 Epist

2018 2135 2068 2189 td
2100 2134 2310 2190 Coloss.
2347 2135 2451 2201 x1,
2476 2135 2600 2192 299.
2626 2165 2699 2176 —
2742 2134 2933 2206 Montf.
2960 2135 3059 2200 x1,
3104 2133 3229 2190 ωε.
3268 2130 3440 2187 Saoil.
3470 2095 3575 2195 iv.

325 2224 414 2279 89.
454 2223 606 2276 Duc.‘
636 2223 722 2285 VI,
757 2223 875 2276 147.

399 2299 576 2362 Πᾶσαι
607 2309 702 2377 μὲν
729 2309 880 2376 ἅγιαι
909 2311 963 2361 αἱ
995 2310 1134 2361 θεῖαι
1161 2309 1393 2379 Γραφαί.
1435 2310 1755 2364 Protheoria
1778 2313 1833 2364 in
1855 2311 1955 2365 Psa

2010 2324 2115 2364 nos.
2159 2309 2430 2364 Incertum
2458 2325 2527 2364 an
2550 2309 2944 2380 Chrysostomi.
2972 2304 3236 2380 [Spuria.]
3258 2305 3323 2372 V,
3343 2304 3466 2362 555.
3495 2331 3567 2345 —

327 2394 524 2465 Montf.
553 2397 617 2457 V,
648 2397 773 2450 542.
799 2395 964 2451 δαυίι.
989 2397 1052 2458 ν,
1088 2397 1210 2451 676.
1252 2397 1377 2450 Duc.
1405 2396 1579 2451 deest.

403 2483 579 2535 Ilion
614 2484 710 2555 μὲν
738 2484 793 2536 αἱ
825 2484 1160 2553 μαρτυρικαὶ
1190 2484 1547 2553 πανηγύρεις.
1579 2484 1639 2538 In
1688 2491 1930 2537 sanctam

2010 2484 2276 2551 'eiparam.
2309 2485 2484 2539 Procli
2516 2482 3130 2553 Constantinopolitani.
3161 2482 3318 2536 Fam.
3347 2479 3409 2534 In
3435 2491 3567 2548 spu-

331 2566 451 2620 riis.
483 2567 774 2625 Combells.
815 2570 954 2624 Bibl.
987 2570 1028 2632 I,
1062 2571 1181 2623 559.
1215 2569 1398 2624 Indice
1427 2569 1612 2623 Monii.
1646 2569 1811 2622 IImL.
1835 2570 1970 2632 VIII,
2011 2571 2207 2624 707.-
2229 2570 2424 2641 Montf.
2449 2571 2586 2634 VIII,
2607 2571 2731 2625 256.
2766 2568 2933 2624 Savil.
2959 2570 3024 2631 V,
3051 2569 3172 2623 887.
3207 2566 3337 2620 Duc.
3361 2565 3532 2621 deest.

403 2653 581 2724 [Πᾶσα
611 2657 709 2723 μὲν
740 2656 958 2723 γλῶσσα
988 2656 1295 2726 ἀνθρωπίνη
1324 2656 1421 2724 οὐχ
1454 2656 1632 2724 ἱκανή.
1664 2655 1722 2708 1η
1761 2656 1890 2709 illud
1921 2674 1934 2710 :

1872 2656 1890 2709 1
1921 2674 1934 2710 :
1962 2656 2114 2710 Iesus
2139 2666 2315 2715 autem
2341 2657 2594 2726 fatigatus
2614 2655 2844 2710 sedebat.
2869 2655 3068 2724 Spuria
3101 2661 3158 2706 et
3179 2647 3429 2720 omissa.]

408 2743 588 2814 [Πᾶσα
619 2764 644 2811 ι)
657 2745 714 2798 ὲν
744 2747 930 2815 ἐντολὴ
964 2746 1178 2817 καθαρὰ
1204 2746 1298 2799 καὶ
1330 2746 1576 2814 διαυγής.
1610 2745 1765 2811 Quod
1798 2745 1890 2799 lilii
1922 2746 1965 2799 d1

1800 2745 1890 2799 lilii
1922 2746 2160 2801 debeant
2189 2757 2445 2815 parentes
2477 2748 2767 2801 honorare.
2798 2745 2996 2815 Spuria
3028 2751 3084 2798 et
3112 2740 3357 2812 omissa.]

408 2832 562 2885 Πᾶσα
600 2833 696 2900 μὲν
726 2833 896 2902 ἁρετὴ
927 2834 1108 2884 καλόν.
1143 2832 1210 2886 60
1240 2831 1377 2903 [6|],
1415 2833 1468 2886 in
1499 2833 1656 2887 Joan.
1688 2833 1824 2890 VIII.
1849 2834 1965 2887 555.

1905 2834 1971 2886 i5.
1999 2861 2062 2872 —-
2093 2831 2280 2902 Montf.
2308 2833 2442 2897 VIII,
2465 2833 2590 2887 561.
2619 2831 2785 2887 Savil.
2811 2831 2879 2894 II,
2911 2831 3034 2884 810.
3067 2829 3222 2882 Duc.’
3251 2828 3317 2890 II,
3341 2824 3462 2880 587.

410 2919 566 2970 Πᾶσα.
603 2919 699 2985 μὲν
729 2921 787 2969 ἐν
813 2919 928 2986 Θεῴ
956 2920 1291 2972 διδασκαλία.
1331 2923 1378 2983 1,
1411 2919 1464 2973 in
1496 2920 1761 2972 Lazarum
1803 2928 1963 2987 quatr

2016 2934 2250 2972 manum.
2299 2919 2412 2971 Non
2446 2919 2661 2973 videtur
2701 2933 2822 2972 esse
2860 2907 3255 2988 ChrySostomi.
3301 2913 3516 2968 Citatur
3543 2929 3573 2967 λ

337 3005 674 3058 Damasceno
702 3011 833 3057 tom.
863 3005 904 3069 1,
941 3021 1060 3075 pag.
1096 3005 1219 3060 871.
1247 3002 1414 3058 Savll.
1447 3005 1621 3058 edidit
1645 3004 1732 3057 VlI
1754 3043 1767 3065 ,
1793 3004 1894 3057 524

2016 3005 2138 3074 ontf.
2171 3005 2215 3058 ll
2242 3045 2256 3069 ,
2291 3004 2396 3058 846
2417 3043 2432 3068 ,
2469 3005 2563 3060 sed
2598 3020 2721 3059 cum
2751 3005 2856 3059 hoc
2895 3003 3055 3058 initio
3085 3003 3234 3055 πᾶσα
3263 2999 3443 3062 ἔνθεος
3472 2997 3573 3052 διδ.

339 3091 474 3145 Duc.
508 3091 678 3146 deest.

411 3195 565 3247 Πᾶσα
602 3196 698 3261 μὲν
735 3195 766 3263 ὴ
792 3194 898 3246 ἀπὸ
924 3196 1201 3264 χειρόνων.
1233 3196 1294 3249 In
1323 3195 1722 3250 Exaltationem
1751 3195 1953 3250 crucis.

2021 3201 2280 3258 acertum,
2314 3209 2383 3248 an
2405 3193 2799 3266 Chrysostomi.
2828 3192 2910 3264 [In
2939 3187 3192 3263 spuriis.]
3217 3186 3355 3252 VIII,
3381 3185 3578 3242 679.-

346 3281 530 3351 Montf.
563 3281 700 3340 VIII.
732 3281 854 3335 204.
898 3281 1067 3336 Savil.
1096 3283 1160 3345 V,
1196 3283 1320 3336 825.
1353 3281 1481 3335 Duc.
1523 3283 1696 3336 deest.

416 3369 570 3420 Πᾶσα
607 3369 704 3434 μὲν
732 3371 911 3438 ἡμέρα
942 3370 1162 3438 φειιδρά.
1192 3369 1252 3424 In
1290 3367 1346 3423 S.
1384 3369 1780 3424 Pentecostem.
1814 3369 1970 3423 lncer

2017 3383 2090 3423 1m
2125 3384 2195 3426 an
2237 3367 2629 3439 Chrysostomi.
2674 3368 2769 3423 XII
2793 3408 2807 3432 ,
2836 3369 2959 3424 955.
2985 3399 3055 3408 ——
3079 3366 3268 3438 Montf.
3298 3365 3421 3430 XII,
3453 3362 3574 3418 812.

340 3452 508 3511 Sam'l.
546 3456 655 3520 Vll,
690 3457 810 3511 582.
849 3456 979 3518 Duc,
1009 3457 1180 3510 deest.

415 3544 572 3594 Πᾶσα
604 3541 802 3612 πρᾶξις
840 3543 1038 3610 ἀγαθή.
1074 3543 1148 3596 De
1187 3540 1432 3612 perfecta
1457 3541 1746 3603 charitate,
1779 3541 1977 3609 Ecloga
2021 3553 2085 3592 ex
2132 3538 2650 3612 Chrysostomianis.
2678 3541 2766 3605 Vl,
2797 3540 2922 3596 279.
2985 3569 3034 3580 -
3082 3538 3272 3607 Montf.
3304 3537 3402 3601 VI,
3452 3535 3578 3591 287.

341 3625 510 3681 Savil.
540 3629 635 3692 VI,
671 3630 789 3683 712.
822 3629 954 3683 Duc.
984 3629 1158 3684 deest.

417 3714 595 3786 [Πᾶσα
625 3715 821 3786 πρᾶξις
849 3718 939 3768 καί
971 3716 1385 3786 Θαυματουργία
1412 3715 1672 3786 Χριστοῦ.
1705 3715 1764 3770 In
1797 3716 1974 3769 adorat

1448 3715 1672 3786 ῐριστοῦ.
1705 3715 1764 3770 In
1797 3715 2174 3769 adorationem
2205 3716 2408 3774 crucis.
2445 3715 2642 3786 Spuria
2675 3723 2732 3770 et
2759 3713 3005 3786 omissa]

419 3801 604 3871 Πὰσης
640 3802 737 3870 μὲν
768 3799 1130 3854 Θεοπνεύστου
1162 3802 1405 3871 Γραφῆς.
1435 3802 1510 3856 De
1542 3799 1876 3855 instituenda
1906 3815 1976 3853 δας

2026 3801 2206 3857 mdum
2235 3803 2404 3856 Deum
2435 3803 2566 3863 vita,
2599 3813 2654 3857 et
2688 3802 2743 3856 in
2765 3802 2954 3857 Matth.
2987 3815 3080 3862 vn.
3117 3801 3219 3855 I4:
3249 3798 3484 3869 Angusta
3509 3805 3583 3850 est

343 3897 520 3954 porta,
554 3897 608 3941 et
649 3888 946 3943 Dominiea:
978 3887 1259 3942 Orationis
1294 3888 1602 3956 explicatio.
1635 3888 1815 3942 Vertit
1845 3887 2086 3941 Achilles
2112 3887 2333 3942 Statius.
2363 3889 2672 3944 Lusitanus.
2705 3887 2884 3960 [00an
2913 3887 3104 3947 Menti.
3133 3887 3228 3958 qui
3248 3902 3367 3942 eam
3391 3883 3589 3940 asserit

339 3977 656 4048 Chrysost.]
691 3977 778 4034 Ill.
810 3977 897 4031 41.
923 4009 993 4018 ——
1020 3977 1210 4046 Montf.
1246 3978 1335 4040 III,
1366 3979 1456 4030 ‘25.
1497 3975 1662 4030 Savil.
1690 3978 1754 4040 V,
1787 3976 1905 4030 185.
1939 3975 2067 4028 Duc.
2096 3975 2158 4037 V,
2193 3976 2310 4029 I57.
3448 3982 3450 3984 ’

420 4063 635 4116 Παῦσαι
670 4064 995 4132 κατηγορῶν
1024 4064 1179 4134 ἡμῶν
1215 4063 1372 4133 βραδ.
1407 4063 1714 4126 Theodoto,
1745 4064 1905 4132 epist.
1938 4062 1977 4115 Il

1407 4063 1714 4126 Theodoto,
1745 4064 1905 4132 epist.
1938 4062 2058 4115 157.
2089 4061 2175 4114 111.
2207 4061 2328 4116 694.
2365 4093 2432 4108 -ν-
2466 4059 2656 4130 Montf.
2686 4061 2777 4120 IlI,
2808 4061 2930 4118 681.

420 4150 612 4218 Πάσχα
649 4150 745 4219 μὲν
774 4153 959 4219 γήϊνον
988 4149 1358 4219 ἑορτάζουσιν.
1394 4151 1452 4205 In
1484 4151 1709 4204 Pascha.
1738 4149 1974 4204 Dubium

2031 4165 2097 4202 an
2127 4147 2524 4219 Chrysostomi.
2553 4149 2568 4219 ί
2593 4149 2650 4203 In
2677 4143 2934 4222 Spurii's.]
2965 4149 3113 4215 VIII,
3151 4147 3271 4204 725.
3297 4177 3368 4190 —-
3397 4144 3584 4214 Montf.

345 4235 486 4299 VIII,
512 4237 637 4296 257.
673 4237 839 4292 Savil.
866 4238 932 4299 V,
959 4237 1083 4291 9l7.
1111 4237 1242 4292 Duc.
1272 4237 1447 4292 deest.
2601 4245 2604 4248 ’
3128 4237 3132 4241 ’

421 4331 613 4398 Πάσχα
647 4331 744 4399 μὲν
773 4333 1122 4400 ἑορτάζουσιν
1155 4333 1420 4386 Ἰουδαῖοι.
1454 4332 1512 4387 In
1538 4332 1766 4388 Pascha.
1799 4333 1978 4389 Dubiu

2035 4371 2060 4399 ι,
2091 4349 2160 4388 an
2191 4331 2588 4404 Cbrysostonii.
2629 4329 2760 4388 VIII.
2791 4333 2982 4387 75.l.—
3015 4329 3207 4400 Monii.
3239 4329 3358 4385 Non
3387 4329 3592 4383 citatur

344 4417 407 4497 in
442 4417 556 4472 ind.
585 4417 751 4472 Savil.
779 4419 842 4480 V,
871 4419 995 4473 925.
1030 4417 1157 4472 Duc.
1191 4419 1367 4473 deest.

424 4511 607 4576 Πάτερ
634 4512 791 4580 ἡμῶν
820 4514 848 4564 ὁ
883 4513 940 4563 ὲν
967 4513 1078 4574 τοῖς
1111 4513 1358 4581 οὐρανοῖς
1377 4527 1393 4542 ·
1424 4512 1636 4581 πατέρα
1666 4512 1863 4580 λέγεις,
1891 4513 1981 4566 ave

2031 4531 2164 4566 ωπε.
2199 4515 2257 4569 In
2289 4512 2606 4569 Orationem
2631 4513 2999 4569 Dominicam.
3032 4511 3295 4572 Dubium,
3322 4525 3390 4564 an
3416 4509 3588 4581 Chry-

349 4591 601 4651 sns'tomi.
633 4597 790 4652 FABR.
830 4597 924 4652 Est
955 4606 1272 4667 excerptum
1303 4613 1370 4652 ex
1417 4613 1582 4667 opere
1613 4597 1868 4652 Germani
1904 4600 2139 4654 senioris
2161 4641 2174 4659 .
2209 4601 2533 4670 patriarchae
2559 4599 3105 4671 Conslantinopolit.,
3140 4607 3194 4652 et
3221 4595 3546 4652 inscribitur
3577 4613 3592 4650 :

354 4683 580 4738 Theoria
607 4700 699 4737 seu
726 4685 1074 4737 consideratio
1101 4695 1149 4737 et
1177 4687 1394 4754 mystica
1420 4683 1788 4754 contemplatio
1817 4701 1992 4738 rerum
2016 4686 2485 4745 ecclesiasticarum
2507 4727 2521 4751 ,
2555 4697 2692 4744 teste
2727 4687 2916 4742 Montt'.
2953 4686 3046 4756 qui
3084 4684 3138 4738 id
3170 4683 3338 4754 igitur
3365 4682 3432 4737 in‘
3451 4682 3595 4753 Spu-

351 4772 455 4826 riis
488 4771 716 4840 posuit.]
751 4771 885 4834 vm,
921 4771 1042 4826 627.
1075 4801 1145 4811 —
1178 4770 1366 4838 Montf.
1397 4771 1532 4831 vm.
1561 4770 1681 4825 119.
1722 4771 1886 4824 Savil.
1920 4773 1981 4832 v,
2018 4772 2137 4826 707.
2170 4773 2296 4826 Duc.
2331 4773 2506 4828 deest.
2894 4760 2896 4762 ’

426 4856 750 4925 Πειθώμεοα
779 4857 835 4910 δὲ
866 4861 928 4925 τῇ
963 4857 1082 4925 θείᾳ
1112 4857 1317 4927 Γραφῇ.
1359 4858 1455 4911 Est
1484 4856 1668 4922 ἠθικὸν
1689 4857 1981 4916 hotniliaeC

2038 4860 2311 4929 rysostomi
2344 4860 2409 4914 18
2433 4861 2488 4914 in
2519 4859 2718 4915 Genes.
2751 4859 2827 4914 Ex
2857 4858 3046 4914 codice
3074 4857 3323 4914 Naniano
3341 4855 3430 4917 45.
3452 4852 3595 4925 apud

351 4944 553 4997 codices
585 4943 838 4998 Noniani.
864 4944 1001 5004 XIII.
1037 4943 1329 5014 Supplem.,
1361 4944 1465 4997 col.
1490 4942 1612 4997 499.

430 5030 790 5100 Πεπλήρωται
818 5031 948 5099 ἡμῖν
981 5031 1184 5083 λοιπόν.
1213 5031 1270 5084 In
1311 5044 1505 5099 magna
1541 5030 1862 5084 Parasceve.
1884 5029 1987 5084 Ver

2040 5032 2293 5088 tFronto
2332 5033 2586 5089 Duceus.
2628 5031 2896 5104 [Spuria.]
2924 5028 3007 5099 Il,
3038 5031 3162 5088 811.
3205 5060 3273 5072 -
3303 5029 3490 5099 Monii.
3530 5028 3594 5091 Π,

352 5121 476 5176 816.
521 5120 684 5176 Savil.
713 5122 777 5186 V,
809 5122 928 5177 906.
963 5122 1091 5175 Duc.
1127 5122 1214 5180 Vl.
1241 5120 1363 5175 556.

431 5210 567 5277 Περὶ
598 5210 776 5277 γάμου
809 5209 997 5278 πρώην
1027 5210 1178 5276 ἡμῖν.
1223 5207 1281 5260 In
1312 5207 1332 5260 l
1364 5205 1489 5263 Cor.
1525 5221 1596 5260 VII
1622 5222 1635 5257 :
1669 5203 1864 5260 Mulier
1887 5205 1988 5273 alli1

2038 5216 2113 5259 ita
2142 5215 2214 5260 est
2243 5205 2362 5277 legi.
2399 5205 2577 5262 Vertit
2601 5205 2865 5261 incertus.
2892 5204 2994 5269 111,
3022 5203 3147 5258 217.
3185 5231 3254 5242 --
3281 5201 3466 5271 ΜοηιῙ.
3504 5199 3595 5254 III.

353 5295 485 5356 205.
517 5294 681 5350 Savil.
714 5296 776 5356 V.
809 5297 930 5350 957.
963 5294 1090 5347 Duc.
1123 5294 1247 5348 25!.

434 5382 595 5454 [Περὶ
623 5384 733 5453 γὰρ
759 5382 856 5449 τῆς
890 5382 1121 5450 ἡμέρας.
1159 5381 1254 5433 Est
1285 5379 1648 5448 fragmentum
1682 5377 1736 5430 in
1769 5378 1956 5432 decem
1988 5395 1991 5403 ί

1110 5421 1121 5434 .
1159 5381 1254 5433 Est
1285 5379 1648 5448 fragmentum
1682 5377 1736 5430 in
1769 5378 1956 5432 decem
1988 5379 2231 5449 virgines
2262 5376 2667 5450 Anglic:mum.]

321 5536 323 5539 ι
435 5471 596 5545 [Περὶ
621 5472 729 5546 γὰρ
759 5470 866 5522 τῶν
892 5468 1210 5529 Γαλιλαίων,
1247 5461 1321 5519 ὧν
1355 5464 1717 5533 ἀπήγγειλαν.
1756 5465 1813 5518 1η
1845 5465 1878 5519 G

1393 5464 1717 5533 πήγγειλαν.
1756 5465 1813 5518 In
1845 5465 2097 5522 Galilazos
2122 5468 2353 5522 occisos.
2384 5467 2578 5528 Spuria
2609 5472 2668 5520 et
2699 5465 2948 5538 rejecta.]

432 5544 567 5630 Περὶ
591 5544 879 5626 δογμάτων
914 5558 1044 5627 ὑμῖν
1076 5555 1403 5626 ἔμπροσθεν.
1431 5554 1507 5608 Dc
1538 5551 1948 5608 resurrectione
1987 5571 1989 5607 :

2044 5563 2353 5608 ortuorum.
2387 5552 2564 5608 Vertit
2612 5552 2876 5606 incertus.
2908 5551 2974 5616 II,
3028 5549 3152 5606 417.
3199 5575 3272 5589 -—
3314 5544 3502 5616 Hontf.
3533 5544 3599 5616 11,

358 5651 479 5705 122.
517 5647 678 5702 Saril.
708 5646 794 5709 VI,
829 5645 946 5700 705.
982 5645 1111 5699 Duc.
1140 5645 1202 5708 V,
1241 5642 1357 5698 450.
