3818 6398
98 375 150 430 u
287 335 296 344 ’
1425 367 1668 426 SPURIA
1711 365 2019 435 quasnam
3289 359 3349 412 εξ

105 583 3334 632 ...ι--ῇ-ᾠ--ΜΜ-μ--α

144 609 3334 648 W

960 1203 1421 1313 SANCTI
1497 1200 1962 1306 PATRIS
2036 1191 2507 1307 NOSTBI

108 1853 207 2059 J
221 1842 976 2056 OANN
995 1836 1248 2048 IS
1354 1827 3345 2059 CHRYSOSTOMI.

924 2521 1532 2593 ARCHIEPISCOPI
1573 2517 2545 2592 CONSTANTINOPOLITANI,

618 3002 704 3048 BE
738 2999 1147 3058 PGNITENTIA,
1192 2999 1270 3044 ET
1310 2997 1375 3045 IN
1411 2993 1759 3042 LECTIONEM
1799 2994 1880 3038 DE
1918 2992 2147 3038 DAVIDE
2181 2991 2258 3034 ET
2287 2989 2368 3034 DE
2408 2987 2624 3034 UXORE
2657 2983 2822 3034 URIE

188 3886 330 3940 Ecce
363 3881 531 3936 hodie
559 3878 712 3934 nobis
739 3878 903 3932 lectus
941 3887 1024 3931 est
1072 3877 1258 3932 beatus
1290 3877 1481 3938 David,
1513 3875 1704 3929 modu-

133 3959 249 4010 lator
297 3955 398 4008 ille
454 3951 822 4017 temperantia:
867 3959 920 4001 et
971 3948 1240 4016 magister.
1294 3947 1515 4013 Quando
1565 3947 1704 4000 enim

134 4042 214 4093 per
237 4025 490 4094 psalmos
538 4018 864 4094 spiritualem
895 4017 1060 4088 lyram
1105 4033 1254 4094 suam
1309 4024 1523 4079 movet,
1551 4032 1709 4094 aures

134 4087 320 4149 iuuléet
378 4102 436 4147 et
487 4090 746 4144 rationem
799 4097 1074 4156 temperat.
1118 4087 1316 4143 Idcirco
1356 4104 1452 4156 per
1485 4087 1706 4151 gratiam

133 4165 360 4233 Spiritus
388 4160 736 4233 constitutum
776 4168 907 4233 est._
933 4167 989 4210 ut
1015 4159 1270 4226 quotidie,
1313 4157 1378 4233 in
1404 4157 1544 4233 mimi
1598 4156 1710 4211 fere

135 4227 439 4303 precatione
494 4231 513 4262 ¹
549 4227 1006 4303 01ri_s_tiam,_ipse
1046 4242 1164 4281 cum
1205 4227 1712 4303 inmlulamiue_can-

139 4295 301 4367 ictur,
369 4311 432 4355 ut
474 4308 532 4353 et
575 4299 812 4367 auribus
839 4297 1196 4356 oblectemur.
1246 4307 1301 4351 et
1346 4299 1518 4367 anima
1559 4295 1714 4363 juve-

140 4365 482 4440 mur.’S:I:pe
524 4379 700 4440 autem
728 4366 855 4440 mihi
897 4368 1076 4420 mirari
1124 4368 1298 4430 subit,
1351 4381 1412 4420 ac
1466 4365 1715 4440 frequen-

140 4453 215 4499 ter
256 4437 453 4497 tuente
487 4437 742 4491 attonitus
770 4437 876 4499 fui,
909 4451 1111 4491 meeum
1140 4448 1392 4505 reputans
1428 4445 1482 4490 et
1505 4437 1710 4501 dicens,

142 4528 226 4568 cur
263 4527 381 4580 prae
408 4507 966 4580 Scripturis__omnibus
1007 4505 1214 4580 Yeteris
1251 4519 1305 4560 et
1351 4505 1484 4560 Novi
1534 4506 1716 4580 Testa—

143 4575 301 4638 menti
323 4579 639 4635 Davidicum
676 4575 863 4632 librum
892 4577 960 4628 ita
987 4576 1210 4643 diligunt
1240 4591 1426 4630 omnes
1445 4615 1462 4641 ,
1492 4587 1549 4628 ut
1577 4577 1716 4631 hunc

145 4654 309 4706 solum
359 4651 418 4703 in
470 4647 565 4702 ore
593 4646 788 4716 habere
831 4646 1190 4716 sintsolliciti.
1237 4645 1445 4716 Moyses
1497 4663 1717 4716 magnus

147 4734 252 4775 erat
279 4718 562 4789 legislath
581 4757 597 4782 ,
629 4715 716 4784 qui
741 4713 874 4769 facie
889 4714 989 4789 _ad_
1015 4713 1396 4789 facieiu‘lleum
1426 4717 1556 4770 vidit
1579 4713 1607 4781 ξ
1627 4718 1718 4782 qui

155 4784 776 4854 totam'creatioueura
821 4784 1087 4854 principio
1136 4784 1292 4854 nobis
1337 4795 1389 4837 et
1419 4794 1721 4854 creatorem

159 4862 489 4930 przedicans,
509 4856 677 4930 dixit:
699 4853 765 4930 η
783 4851 1045 4930 principio
1064 4853 1184 4923 {ec-tt
1205 4851 1537 4930 Deuscwlum
1555 4863 1604 4906 et
1619 4864 1720 4930 ter:

160 4924 265 4984 iam
285 4929 447 5001 (Gen.
466 4929 525 5001 ii,
543 4927 622 4995 1);
640 4926 912 4994 huiusque
940 4925 1076 5001 liber
1100 4935 1184 5001 est
1211 4924 1479 5001 maximus
1497 4934 1548 4977 et
1563 4925 1725 5001 omni

163 4994 430 5070 sapientia
454 4994 1109 5070 plenusztamenque‘vis
1125 4995 1275 5047 illum
1295 4996 1467 5070 semel
1489 5001 1541 5070 et
1561 4994 1646 5070 bis
1661 4995 1729 5070 in

165 5063 502 5126 hebdomade
521 5068 542 5098 ²
574 5069 629 5120 iu
649 5067 877 5136 singulis
896 5063 1144 5136 ecclesiis
1164 5065 1458 5136 aperimus.
1475 5063 1546 5115 At
1567 5063 1726 5127 dicis,

167 5138 506 5196 Testamenti
529 5140 725 5191 veteris
741 5132 880 5204 'pars
914 5146 1016 5190 est.
1037 5134 1175 5199 Quid
1199 5132 1386 5188 autem
1415 5132 1480 5204 de
1510 5146 1729 5204 saneto-

168 5227 280 5264 rum
301 5208 726 5277 Evangeliorum
748 5203 999 5277 lectione?
1017 5207 1105 5259 ubi
1122 5205 1401 5277 praesentis
1415 5203 1620 5256 Christi
1639 5205 1728 5256 mi.

171 5283 348 5334 tacula
361 5276 846 5348 pradicanturmbi
860 5276 1128 5348 Deuscum
1144 5276 1728 5348 hominibusversatur,

170 5343 382 5404 etiuors
399 5349 569 5404 verbo
583 5347 934 5410 dissolvitur;
968 5347 1058 5398 ubi
1077 5348 1347 5399 daemones
1364 5343 1620 5397 mandato
1647 5345 1729 5396 l'u-

177 5435 392 5490 cantur,
407 5429 462 5475 et
477 5419 681 5489 leprosi
702 5415 863 5471 verbo
881 5418 1234 5481 mundamur,
1263 5415 1346 5470 ubi
1363 5416 1734 5479 caeci,sublato

252 5741 269 5772 ¹
294 5739 384 5788 Is.
411 5735 715 5798 anglicauus,
739 5729 791 5798 in
813 5726 943 5778 omni
968 5726 1066 5791 fere
1085 5723 1262 5775 diuina.

252 5803 275 5834 '
292 5795 577 5858 Vaticanus,
598 5795 746 5846 semet
772 5806 822 5842 ut
841 5803 981 5840 anno.

1818 3887 2018 3931 natura:
2042 3875 2272 3938 defectu,
2306 3877 2416 3930 luto
2444 3887 2714 3940 sanantur,
2731 3889 2783 3930 et
2810 3879 3088 3944 quinquies
3109 3878 3249 3934 mille
3276 3881 3370 3932 ho-

1813 3949 1982 4001 mines
2005 3948 2053 4000 in
2084 3947 2295 4000 deserto
2318 3962 2380 4000 ex
2406 3949 2634 4016 quinque
2667 3949 2886 4013 panibus
2914 3948 3156 4010 aluntur;
3188 3951 3272 4003 ubi
3303 3952 3373 4002 Ia-

1810 4030 1891 4070 tro
1927 4019 1976 4070 iu
2026 4017 2322 4084 paradisum
2354 4017 2735 4081 introducitur,
2767 4027 2819 4070 et
2849 4021 3095 4073 meretrix
3126 4020 3252 4086 ipsis
3291 4022 3367 4072 si-

1808 4087 2022 4142 deribus
2065 4087 2244 4156 purior
2294 4089 2582 4154 reperitur;
2635 4087 2722 4140 ubi
2771 4087 3016 4142 Iordanis
3070 4090 3262 4143 ﬂuenta
3309 4091 3374 4143 ad

1810 4157 2276 4211 sanetilicationem
2308 4159 2599 4211 animarum
2631 4167 2926 4212 nostrarum
2958 4172 3335 4214 consecrantur
3358 4201 3374 4220 ,

1812 4236 1869 4282 et
1895 4228 2190 4297 unigenitus
2219 4226 2383 4280 Filius
2409 4242 2438 4279 a
2469 4227 2622 4281 Patre
2659 4227 2725 4282 de
2757 4229 2891 4282 cmlo
2936 4229 3252 4294 declaratur;
3291 4231 3378 4283 ubi

1813 4299 1974 4352 vitam
1997 4309 2228 4351 nostram
2255 4297 2496 4351 Christus
2524 4307 2743 4352 renovat
2763 4340 2775 4357 .
2808 4308 2858 4351 et
2879 4299 3182 4353 renovando
3207 4300 3270 4351 ad
3291 4315 3379 4352 sa-

1816 4368 1977 4422 lutem
2007 4367 2221 4421 humani
2260 4367 2471 4434 generis
2501 4369 2794 4436 puedicans
2820 4369 2892 4420 ait
2924 4388 2933 4418 :
2964 4368 3106 4420 Beati
3136 4385 3384 4438 pauperes

1817 4439 2019 4506 spiritu,
2039 4439 2506 4508 quoniamipsorum
2531 4448 2598 4490 est
2619 4454 2821 4508 regnum
2844 4439 3080 4491 caelorum
3101 4455 3118 4493 :
3139 4437 3280 4491 Beati
3299 4440 3386 4508 qui

1819 4510 2041 4561 esuriunt
2085 4517 2130 4558 et
2159 4507 2330 4560 sitiunt
2369 4507 2616 4574 justitiam
2636 4549 2649 4570 ,
2678 4507 2927 4573 quoniam
2957 4509 3052 4574 ipsi
3077 4509 3385 4562 saturabitu-

1822 4589 1904 4630 tur
1933 4576 2217 4642 (Matt/LV,
2239 4579 2272 4630 ’5
2299 4576 2458 4647 ettii?
2490 4576 2678 4632 Verum
2705 4580 2936 4640 attende,
2967 4577 3062 4632 has
3078 4594 3287 4647 quoque
3315 4580 3389 4633 le-

1821 4663 1912 4715 ges
1942 4647 2104 4701 semel
2131 4657 2222 4699 aut
2247 4647 2328 4701 bis
2349 4646 2400 4700 in
2429 4646 2757 4700 hebdomade
2787 4648 3025 4715 legimus.
3061 4646 3213 4702 Dices
3235 4663 3386 4712 vero,

1828 4732 1929 4770 u0u
1960 4728 2207 4784 oportere
2228 4731 2454 4770 coronas
2479 4718 2649 4784 regias
2669 4717 2904 4786 quoxidie
2931 4718 3170 4784 publicas
3191 4716 3388 4772 facere.

1827 4787 1961 4852 Quid
1993 4803 2149 4852 porro
2169 4786 2236 4841 de
2266 4787 2418 4840 beato
2443 4788 2680 4856 apostolo
2717 4788 2900 4851 Paulo,
2931 4788 3126 4841 Christi
3157 4799 3390 4850 oratore.

1830 4869 2085 4912 terrarum
2103 4857 2246 4911 orbis
2267 4858 2564 4924 piscatore:
2595 4858 2704 4924 qui,
2737 4873 2828 4924 per
2854 4859 3248 4926 quatuordecim
3271 4857 3393 4928 Epi-

1829 4928 2015 4992 stolas,
2035 4936 2279 4996 tauquam
2308 4942 2402 4996 per
2431 4929 2557 4981 retia
2585 4929 2896 4996 spiritualia,
2929 4937 3091 4980 totum
3115 4929 3297 4982 orbem
3328 4929 3394 4980 ad

1831 4998 2051 5051 salutem
2079 4997 2318 5060 irretivit;
2345 4997 2433 5064 qui
2463 5015 2626 5065 usque
2653 4998 2716 5050 ad
2748 4999 2957 5051 tertium
2981 4999 3396 5061 cwlum,etrur-

1833 5082 1925 5121 sus
1950 5067 2002 5121 in
2031 5068 2328 5133 paradisum
2353 5078 2528 5135 raptus
2553 5076 2652 5132 est;
2675 5071 2756 5120 cui
2779 5069 2975 5121 credita
3001 5070 3399 5138 suntmysteria

1834 5142 1977 5204 regni
2009 5138 2120 5197 Dei,
2145 5154 2262 5206 qua:
2292 5154 2395 5191 non
2429 5139 2551 5191 licet
2578 5138 2772 5192 homini
2809 5138 2945 5206 loqui
2997 5139 3015 5208 (
3044 5137 3084 5192 ll
3110 5137 3222 5196 Cor.
3276 5137 3395 5201 XII,

1837 5211 1918 5276 4)?
1938 5207 2358 5278 quandoquidem
2382 5218 2434 5262 et
2456 5209 2590 5261 hunc
2613 5209 2690 5262 his
2715 5209 2882 5262 solum
2906 5210 2956 5261 in
2983 5207 3314 5262 hebdomade
3334 5210 3402 5260 le-

1838 5280 2044 5346 gimus,
2076 5279 2293 5347 ejusque
2323 5278 2607 5345 Epistolam
2641 5280 2688 5330 iu
2720 5294 2809 5331 ure
2839 5278 3126 5342 habemus;
3158 5279 3248 5330 sed
3299 5281 3402 5330 lec~

1843 5347 1968 5400 tioni
1989 5356 2188 5418 tantum
2215 5350 2391 5401 animo
2413 5350 2614 5413 intenti,
2644 5348 2765 5401 huic
2793 5351 2876 5401 uui
2897 5348 2985 5401 illo
3015 5357 3251 5418 tempore
3276 5359 3401 5415 ope-

1842 5433 1954 5471 ram
1981 5417 2188 5471 damus.
2219 5418 2353 5485 Quid
2384 5418 2540 5488 igitur
2582 5417 2860 5473 dicendum
2901 5418 3029 5472 mihi
3077 5418 3310 5486 suppetit
3337 5418 3404 5471 de

1832 5491 1992 5545 beato
2011 5491 2231 5554 Davide,
2255 5507 2360 5560 qua
2381 5492 2589 5544 ratione
2606 5505 2699 5558 per
2715 5490 2953 5558 Spiritus
2975 5492 3197 5558 gratiam
3218 5489 3402 5560 provif

1835 5577 1954 5615 sum
1976 5561 2046 5615 sit
2076 5569 2133 5613 ut
2168 5558 2396 5631 singulis
2414 5560 2608 5615 diebus
2630 5570 2684 5614 et
2713 5561 2965 5614 noctibus
2984 5558 3404 5631 pnediceretut'?

1834 5645 2026 5685 omnes
2043 5631 2186 5684 enim
2209 5627 2356 5684 illum
2377 5645 2472 5698 pro
2505 5639 2780 5700 unguento
2809 5627 3087 5698 portamus
3116 5631 3169 5680 in
3201 5642 3310 5700 ore.
3342 5627 3401 5680 In

1837 5701 2069 5755 ecclesia
2089 5709 2215 5754 sunt
2231 5702 2532 5769 pervigilia;
2551 5699 2613 5753 ac
2633 5702 2863 5770 primus,
2885 5700 3156 5752 mediuset
3174 5699 3402 5749 ultimus

1837 5779 1923 5826 est
1945 5771 2137 5826 David:
2165 5771 2218 5825 in
2244 5772 2527 5827 matutinis
2547 5773 2869 5841 hymnorum
2893 5769 3139 5834 canticis,
3169 5770 3398 5835 primus,
