3864 6392
186 307 260 363 ιε
1533 301 1773 359 SPURIA
1814 304 2139 372 quassu.
3381 315 3444 369 is

186 435 248 480 et
286 422 602 478 adulterio?
641 431 693 473 et
749 429 925 473 tamen
978 418 1096 474 audi
1128 419 1440 488 prophetam
1472 420 1664 488 ipsum,
1697 422 1786 489 qui

192 497 464 564 necavit,
492 491 756 564 dicentem
783 509 821 564 :_
853 489 989 553 Dixi,
1021 491 1292 564 conﬁtebor
1313 491 1580 564 adversum
1607 509 1684 545 me
1708 493 1786 544 iu-

185 561 655 634 iuuitiamjnemri
670 561 911 634 Penuria,
939 571 993 634 et
1015 572 1066 613 tu
1090 561 1324 634 [emisisti
1347 561 1649 634 impietatem
1670 579 1782 615 cor-

188 630 272 688 dia
297 637 400 688 inci
419 632 592 699 (Paul.
615 630 808 694 XXXI,
831 631 910 698 5).
943 631 1066 685 ideo
1089 630 1331 685 Christus
1357 631 1644 686 adveniens
1669 648 1784 685 ma-

187 705 310 774 jora
364 713 582 774 peccata
607 702 952 774 condonavit,
1003 703 1259 774 latronem
1289 700 1340 774 iu
1372 701 1671 774 paradisum
1702 704 1782 754 in-

189 770 456 831 irodusit.
496 773 832 841 publicanum
877 771 1253 841 evangelistam
1314 770 1454 841 fecit.
1507 783 1781 825 contume-

185 845 392 897 liosum
421 855 472 897 et
499 839 870 910 blasphetuum
923 841 1138 894 Paulum
1168 839 1291 894 fecit
1327 839 1474 894 orbis
1523 851 1781 896 terrarum

185 916 528 982 apostolum,
561 922 616 966 ut
661 923 714 966 et
742 922 794 964 tu
826 927 1057 982 peccans
1079 927 1143 963 ne
1164 911 1434 982 desperes,
1463 911 1583 974 sed,
1617 914 1780 965 conli-

187 979 333 1046 tcus,
360 984 626 1037 medelam
651 983 896 1051 accipias.
917 979 1235 1048 Con/itemini
1282 980 1515 1043 Domino,
1547 983 1782 1047 quoniam

185 1058 372 1114 bonus,
406 1053 647 1122 quoniam
691 1053 743 1105 in
790 1051 1010 1105 seculum
1060 1052 1404 1122 misericordia
1451 1053 1559 1120 ejus
1590 1051 1776 1118 (Ibid.,

185 1121 504 1191 CXVIIJ).
531 1123 607 1178 En
631 1123 914 1176 secundam
942 1136 1152 1176 causam
1173 1137 1187 1184 ;
1211 1121 1390 1190 accipe
1407 1123 1634 1174 tertiam.
1660 1123 1778 1174 Sal-

189 1206 347 1248 τειοῐ
371 1204 558 1248 llOSlt’l'
585 1204 839 1246 venturus
867 1193 931 1246 3d
961 1206 1055 1245 IIOS
1075 1203 1190 1246 erat
1217 1191 1506 1246 secundum
1535 1193 1778 1245 incarna-

186 1277 297 1319 tam
332 1263 680 1332 praesentiam
709 1277 884 1326 suam,
913 1272 966 1316 et
994 1261 1168 1315 carnis
1198 1271 1395 1315 nostrae
1427 1277 1654 1316 massam
1685 1278 1775 1315 as-

183 1345 508 1402 saniptums
547 1348 611 1388 ac
639 1347 759 1387 cum
806 1332 1108 1386 hominibus
1157 1341 1502 1385 versaturus:
1532 1333 1627 1386 sed
1655 1333 1774 1400 quia

186 1401 335 1459 Deus
363 1413 504 1468 erat,
536 1413 589 1458 et
618 1403 765 1456 solus
806 1404 923 1457 sine
965 1410 1202 1472 peccato,
1250 1401 1514 1456 concessit
1544 1412 1600 1454 ut
1644 1403 1774 1472 justi

181 1491 282 1546 per
325 1475 560 1530 liberum
590 1473 868 1546 arbitrium
898 1487 1049 1526 suum
1083 1471 1134 1525 in
1165 1471 1427 1526 humanos
1479 1472 1659 1546 lapsus
1689 1473 1772 1546 in-

181 1542 432 1599 ciderent
458 1560 474 1608 ;
509 1559 614 1597 non
644 1542 760 1597 illos
789 1543 856 1596 ad
886 1551 1160 1612 peccatum
1187 1557 1402 1605 vocans,
1431 1542 1522 1596 sed
1556 1542 1773 1612 permit-

179 1625 304 1669 tens
328 1625 392 1668 ut
417 1630 483 1668 ex
506 1613 674 1667 libero
693 1612 935 1677 arbitrio,
954 1611 1242 1666 secundum
1258 1611 1578 1682 propositum
1593 1628 1769 1678 suum,

179 1686 512 1739 inciderent.
545 1684 634 1738 Sic
665 1683 822 1752 igitur
852 1681 1115 1736 Abraham
1147 1681 1367 1752 quoque
1411 1697 1518 1752 non
1534 1683 1772 1752 credens

177 1757 453 1825 peccavit.
483 1763 538 1807 et
567 1751 750 1823 pinnas
769 1769 797 1806 a
831 1753 940 1825 Deo
964 1753 1228 1825 immissas
1244 1751 1428 1825 emat
1441 1751 1771 1825 ilﬂtferviet

175 1821 352 1881 semen
416 1821 756 1878 innatantia:
790 1823 1178 1894 quadringentos
1206 1821 1354 1893 (Gen.
1386 1822 1502 1894 XV,
1541 1822 1644 1893 13).
1693 1827 1772 1879 Ac

177 1911 403 1949 rursum
433 1896 662 1964 Moyses.
695 1909 816 1947 cum
848 1909 950 1965 non
1005 1893 1354 1965 glorificasset
1381 1893 1566 1956 Deum,
1595 1909 1767 1960 quan-

180 1969 251 2018 do
301 1981 504 2034 aquam
532 1963 604 2018 ex
657 1978 792 2020 ruue
845 1963 1066 2032 ingratis
1120 1963 1338 2033 largitus
1371 1974 1492 2024 est.
1546 1974 1764 2032 prepter

1893 421 1994 476 hoc
2027 421 2321 493 Deusdixit
2363 423 2442 476 ei:
2471 421 2536 474 Et
2579 424 2744 475 videas
2781 432 2977 476 Ierrnm-
3005 429 3369 493 promissionis,
3400 444 3444 482 et

1892 510 1990 546 non
2033 492 2239 546 intrabis
2285 493 2336 545 iu
2365 493 2506 546 illam
2549 493 2720 555 (Deut.
2755 492 3098 563 Χχχινμι).
3127 497 3199 550 tu
3229 510 3282 552 et
3311 501 3445 556 hunc

1892 563 2128 630 permisit
2157 563 2207 616 in
2239 575 2511 630 peccatum
2555 563 2806 627 incidere,
2840 573 2896 617 ut
2925 565 3037 632 ipse
3065 567 3210 622 solus
3257 569 3309 622 in
3343 575 3443 621 Im-

1891 647 2049 686 mano
2091 648 2312 699 corpore
2354 634 2709 701 impeccabilis
2755 633 3260 702 deprehenderetur.
3301 639 3444 693 Ideo—

1889 718 1993 772 que
2039 703 2290 771 propheta
2339 703 2523 764 David,
2552 720 2668 757 cum
2714 705 2921 758 tandem
2950 705 3014 758 ad
3057 708 3444 765 confessionem

1890 773 2091 846 peccati
2134 773 2297 835 venit,
2351 773 2455 846 hoc
2478 774 2608 846 dixit
2664 775 2805 846 Deo_;
2856 774 2965 828 Tibi
3014 777 3110 830 soli
3159 781 3352 846 peccavi
3401 792 3445 834 et

1888 843 2076 896 malum
2097 859 2266 897 coram
2295 854 2340 896 te
2363 845 2476 914 feci.
2511 844 2722 911 Quare?
2761 843 2826 898 Ut
2857 843 3166 913 justi/iretis
3180 850 3230 901 in
3257 867 3445 903 sermo-

1887 913 2207 985 nibusdtuir,‘
2229 924 2275 967 et
2301 913 2466 968 vincas
2491 931 2604 985 cum
2625 915 2874 982 judicaris
2908 915 3073 982 (Paul.
3103 917 3166 984 L,
3197 918 3272 985 6).
3314 921 3445 974 Cum

1886 983 2004 1038 dies
2031 983 2117 1038 illa
2145 983 2438 1045 advenerit,
2464 984 2708 1038 ibidicit:
2739 985 2903 1038 visam
2937 988 3044 1039 fore
3065 983 3291 1043 massam
3319 1006 3445 1044 nos-

1889 1063 2040 1117 tram,
2075 1054 2345 1108 sedentem
2373 1055 2422 1106 iu
2445 1055 2660 1108 dextera
2690 1055 2976 1120 inajestatis
3006 1057 3130 1117 Dei;
3164 1075 3281 1111 nam
3314 1061 3446 1115 Sede

1883 1124 2127 1177 adextris
2165 1126 2305 1184 meis,
2343 1123 2498 1176 donec
2543 1141 2723 1192 ponam
2762 1126 2988 1178 inimicos
3041 1136 3149 1179 :uos
3175 1132 3444 1183 scabellum

1883 1193 2064 1269 pedum
2087 1205 2283 1269 tuo-rum
2309 1193 2476 1264 (Psal.
2510 1194 2732 1269 ClX,_t,
2751 1196 2829 1262 ⁸2).
2861 1196 2914 1248 In
2944 1197 3026 1250 illa
3057 1199 3210 1263 igitur
3239 1201 3324 1254 die
3349 1217 3444 1269 ap-

1883 1263 2088 1341 parebit.
2109 1265 2267 1341 etiam
2289 1263 2498 1333 curpus,
2527 1264 2668 1341 quod
2690 1280 2754 1341 ex
2796 1277 2977 1341 natura
3007 1278 3182 1341 nostra
3203 1263 3446 1341 assumi»

1883 1333 1972 1395 sit,
2001 1349 2120 1387 cum
2168 1333 2423 1388 factorum
2457 1333 2594 1406 ratio
2622 1335 2688 1388 ab
2719 1335 3018 1389 hominibus
3047 1339 3312 1406 exigetur.
3343 1333 3444 1395 Sit-

1885 1419 2048 1471 perue
2077 1419 2292 1472 corpus,
2325 1413 2378 1458 et
2399 1404 2603 1458 inferne
2631 1420 2855 1473 corpus:
2900 1402 3336 1474 Videbunt-cnim,
3371 1414 3448 1464 in-

1879 1474 2013 1544 quit,
2040 1474 2094 1544 iu
2119 1491 2262 1544 quem
2291 1476 2646 1542 tramﬁxerunt
2665 1475 2843 1544 (Joan.
2869 1475 3010 1542 XIX,
3028 1479 3116 1542 '57;
3139 1478 3298 1534 Zaclt.
3330 1481 3443 1544 XII,

1880 1541 1994 1614 t0).
2023 1541 2285 1616 Ceterum
2309 1541 2448 1614 quod
2478 1541 2707 1616 peccatis
2742 1541 3053 1614 deprimitur
3073 1591 3087 1612 ,
3107 1541 3110 1542 ⁷
3131 1549 3180 1602 id
3209 1541 3454 1606 nostrain

1877 1623 1994 1668 est:
2028 1614 2162 1689 illud
2177 1629 2303 1669 vero
2329 1615 2470 1689 quod
2481 1614 2767 1689 peccatum
2801 1617 3215 1689 non_fecit,_sed
3260 1638 3415 1689 pecca

1879 1690 2052 1764 torum
2069 1685 2322 1764 rationem
2338 1686 2769 1764 e_xigit,_divinum
2796 1687 3139 1764 eSI.__IdC(_),U_l
3160 1685 3449 1760 iustiﬁceri’s

1875 1757 1929 1826 in
1969 1757 2280 1826 sermonibus
2301 1757 2398 1808 tuis
2425 1766 2469 1808 et
2491 1757 2657 1809 vincas
2678 1773 2788 1809 cum
2803 1758 3053 1826 judicaris
3079 1759 3248 1826 (Paul.
3278 1757 3342 1826 L,
3369 1764 3446 1826 6).

1874 1823 2176 1895 Quomodo?
2193 1825 2324 1889 Quia
2341 1836 2594 1893 peccatum
2620 1842 2717 1878 non
2740 1823 2877 1895 fecit,
2902 1844 2990 1881 nec
3014 1823 3242 1884 inuentus
3262 1823 3338 1887 est
3351 1823 3447 1885 do-

1875 1893 2022 1947 lusin
2038 1897 2244 1963 oreejus
2273 1895 2421 1965 (lsai.
2445 1895 2577 1961 Llll,
2597 1897 2669 1964 5).
2691 1893 2793 1965 Ipsi
2823 1898 2985 1968 gloria
3013 1899 3063 1952 in
3095 1902 3268 1956 secula
3293 1918 3448 1958 secu-

1877 1961 2070 2018 lorum.
2119 1968 2308 2019 Amen.

1898 1978 2047 2018 orum
2056 2004 2070 2018 .
2119 1978 2285 2019 Amen
2295 2009 2308 2020 .

177 2067 3430 2097 WMW

176 2137 263 2196 ll.
308 2151 638 2202 sausnsu,
675 2151 755 2191 ne
800 2150 880 2192 ns
924 2150 1032 2202 QUI
1076 2151 1141 2193 IN
1185 2149 1444 2193 assumo
1489 2149 1931 2192 CONTINENTER
1973 2150 2230 2204 VIVUNT,
2277 2151 2356 2192 ET
2398 2151 2480 2192 ne
2522 2151 2930 2195 DIVERSORUM
2982 2153 3466 2204 PROPBETARUM.

1545 2251 1709 2294 VIT£
1754 2251 2114 2296 INSTJTUTO.

252 2338 475 2404 Pugiles
502 2337 717 2407 quidem
738 2335 926 2407 diebus
951 2334 1173 2407 singulis
1194 2333 1492 2407 exercitati,
1510 2348 1645 2407 _cn_ut
1673 2336 1768 2383 ad-

177 2419 388 2477 augent
411 2404 601 2468 artem,
635 2417 742 2460 tum
771 2405 838 2459 de
859 2404 1184 2477 adversariis
1203 2404 1481 2477 victoriam
1505 2404 1660 2457 facile
1689 2419 1774 2477 re-

179 2473 424 2550 portant.
455 2479 714 2550 Cursores
741 2478 875 2550 item
895 2491 956 2530 ex
986 2475 1296 2550 quotidiauo
1320 2473 1497 2529 studio
1515 2489 1635 2550 c_u_m
1657 2475 1769 2542 agi-

174 2544 332 2604 litate
391 2547 655 2609 vertcndi,
694 2548 945 2600 articulos
989 2546 1155 2600 motui
1206 2545 1426 2598 idoneos
1456 2544 1765 2606 reddentes,

173 2622 244 2674 ad
269 2621 587 2674 citissimam
615 2618 1062 2686 exspectationem
1095 2624 1376 2670 acuuntur.
1407 2613 1613 2686 Eiodem
1646 2616 1766 2686 pla-

177 2707 251 2745 ne
279 2690 469 2751 modo,
506 2699 683 2758 patres
714 2685 895 2758 nostri
934 2687 1212 2758 injuugunt
1238 2686 1390 2738 nobis
1435 2685 1768 2758 frequentius

175 2764 401 2822 docere,
453 2755 521 2811 ιη’
550 2758 755 2812 facilem
791 2759 842 2811 in
868 2756 1108 2812 docendo
1136 2758 1376 2826 peritiam
1407 2768 1469 2826 _ag
1493 2755 1760 2826 sermonis

177 2832 574 2885 exercitatione
604 2829 755 2882 nobis
782 2824 1148 2896 acquiramusi
1173 2825 1370 2880 Adeste
1405 2824 1586 2890 igitur,
1607 2840 1652 2896 ρ
1678 2824 1763 2878 di-

177 2903 323 2961 lecti.
355 2901 648 2968 Jnsephum
671 2914 702 2954 e
726 2895 947 2966 vestigio
969 2906 1268 2968 sequentes,
1292 2906 1563 2968 peccatum
1581 2895 1777 2966 {Egyp-

177 2975 311 3026 tinm
361 2965 688 3032 devitantes,
717 2979 772 3022 et
806 2965 972 3022 exuto
1005 2965 1150 3032 odio,
1181 2966 1246 3020 ad
1273 2965 1649 3020 continentiam
1676 2965 1765 3021 ac-

177 3055 488 3097 duramus.
521 3039 742 3093 Etiamsi
771 3040 913 3093 enim
937 3037 1133 3106 Joseph
1165 3037 1344 3091 carnis
1371 3035 1622 3106 amictum
1664 3035 1757 3088 de-

177 3113 444 3182 posuerit,
485 3125 550 3182 an
576 3105 1415 3182 nonisplendidioremamictum
1467 3105 1650 3182 habuit
1697 3120 1760 3160 ex

176 3177 443 3238 castitatis
462 3180 656 3250 gloria?
677 3178 1026 3234 Centinentite
1048 3177 1246 3250 paritas
1263 3187 1440 3246 patres
1437 3177 1758 3250 accingens,

175 3254 451 3308 columnis
466 3245 848 3304 'adamantinis
869 3245 1128 3302 terrarum
1154 3245 1337 3301 orbein
1365 3245 1610 3312 suffulsit,
1643 3262 1761 3315 qua:

215 3323 524 3378 recationes
553 3321 766 3390 quidem
785 3319 849 3372 ad
867 3321 1054 3374 caelum
1085 3317 1346 3390 deferant,
1364 3318 1758 3390 animasamem

197 3395 463 3446 t'ominutn
480 3393 530 3444 in
546 3387 680 3444 terra
700 3391 1100 3444 curentJleattts
1120 3388 1205 3442 ille
1216 3387 1419 3458 Moyses
1434 3387 1755 3458 continentia

175 3480 237 3518 se
273 3463 590 3531 accingens,
637 3461 875 3514 llebrazis
905 3461 956 3513 in
1003 3459 1232 3531 Egyth
1289 3456 1476 3511 salutis
1513 3456 1758 3510 columna

177 3537 310 3594 fuit;
341 3545 399 3587 et
426 3529 898 3600 primogenitorum
927 3530 1137 3598 quidem
1170 3529 1540 3600 Egyptiorum
1576 3537 1760 3600 portas

177 3607 296 3658 solo
322 3597 579 3670 aquavit,
608 3597 863 3655 luciferos
890 3597 1013 3654 vero
1039 3597 1381 3654 Hebraeorum
1411 3597 1550 3650 filios
1576 3597 1760 3670 beatos

176 3667 527 3744 praedicavit:
567 3670 831 3725 Pharaoni
889 3679 948 3744 et
999 3670 1165 3744 magis
1223 3678 1466 3744 tanquam
1511 3667 1756 3744 columna

174 3738 422 3806 obstitit;
451 3741 610 3797 Jesus
655 3749 830 3794 autem
881 3741 1018 3794 filius
1056 3740 1218 3801 Nave,
1245 3739 1618 3794 continentiam
1665 3738 1758 3791 ha-

175 3817 312 3870 bens
357 3813 484 3868 lecti
536 3812 757 3873 sociam,
799 3811 1108 3865 cales-tibus
1150 3809 1494 3862 luminaribus
1531 3810 1758 3877 impera-

173 3887 270 3938 vit.
303 3884 450 3938 Solis
499 3883 639 3936 enim
681 3895 870 3935 cursus
919 3880 1167 3939 inhibuit.
1217 3889 1271 3933 et
1313 3879 1568 3933 terminos
1617 3879 1756 3932 luna:

175 3956 316 4016 ﬁxit,
365 3967 431 4007 ac
470 3952 577 4006 diei
626 3952 795 4005 lucem
840 3951 1128 4020 longiorem
1173 3949 1365 4020 elIecit.
1408 3946 1753 4020 Quandonant

173 4025 346 4080 illud?
406 4023 564 4085 Cum,
600 4037 694 4090 pro
715 4018 1022 4076 Gabaonitis
1071 4021 1292 4082 bellans,
1336 4019 1507 4090 dixit:
1541 4018 1650 4090 Stet
1680 4019 1757 4090 sol

172 4107 358 4149 contra
388 4087 629 4156 Gabaon’,
655 4102 702 4145 et
750 4092 869 4144 luna
894 4102 1068 4144 contra
1118 4090 1297 4144 vallem
1326 4089 1476 4142 Elom
1523 4087 1657 4157 (λος.
1685 4088 1753 4153 Χ,

175 4166 399 4234 12).Ηίο
419 4164 635 4218 ﬂuvium
652 4162 1109 4230 divisit,popultun
1133 4161 1404 4234 servavit‘,
1418 4159 1755 4234 alienigenas

172 4229 432 4298 concidit,
472 4234 605 4287 etin
655 4242 850 4286 terram
892 4229 1128 4285 sanctam
1160 4246 1345 4284 rursus
1391 4229 1643 4282 llcbrccos
1671 4245 1753 4283 re-

171 4309 360 4361 duxit:
405 4305 496 4359 hic
543 4317 726 4356 muros
769 4303 979 4369 dejecit,
1012 4311 1066 4356 et
1112 4303 1269 4355 urbes
1312 4301 1593 4368 impiorum
1631 4300 1754 4353 sub-

171 4379 373 4437 vertit;
408 4373 558 4430 Raab
598 4373 741 4426 illam
786 4374 1034 4436 servavit,
1078 4381 1133 4426 et
1158 4371 1486 4440 alienigenas
1529 4370 1750 4438 punivit,

171 4447 631 4517 popularibusque
660 4443 770 4517 suis
792 4441 1015 4517 gloriam
1053 4442 1376 4517 conciliavit.
1409 4440 1753 4517 Fortissimus

171 4509 302 4572 sero
342 4509 999 4575 Samson,coutineutiam
1035 4527 1276 4576 servans,
1336 4511 1544 4565 leonem
1592 4509 1755 4563 δυσυ-

167 4591 334 4650 cavit,
377 4597 538 4655 atque
583 4600 646 4638 ex
695 4583 1081 4655 asiuiumaxilla
1133 4598 1332 4655 aquam,
1376 4581 1750 4655 scaturieutem

167 4661 380 4720 eduxit,
427 4651 493 4710 a‘c
533 4655 650 4710 sitis
689 4653 949 4708 medelam
997 4653 1118 4706 inde
1157 4654 1382 4722 accepit.
1420 4651 1582 4722 illius
1616 4665 1752 4722 vero

168 4729 485 4790 Thesbites,
512 4741 634 4780 cum
679 4724 1002 4784 continentia
1051 4720 1315 4787 habitans,
1347 4720 1536 4790 indiga:
1580 4720 1751 4773 viduae

167 4801 347 4853 factus
385 4805 471 4851 est
510 4797 632 4848 vita:
679 4794 940 4862 largitor:
974 4809 1096 4847 nam
1150 4795 1316 4848 fausta
1358 4791 1655 4846 benedictio
1698 4800 1753 4843 ut

189 4871 353 4924 deum
384 4867 502 4936 ejus
532 4875 777 4919 manaret
804 4864 1004 4929 effecit,
1034 4874 1090 4919 et
1125 4865 1374 4936 pugillum
1419 4864 1752 4936 tariutequw

169 4941 299 4994 tidie
342 4932 516 4990 auxit.
577 4936 720 4990 Idem
748 4935 919 4997 Elias,
955 4951 1048 5004 per
1069 4935 1472 4996 continentiam,
1524 4932 1658 5000 ignis
1682 4939 1753 5004 et

166 5025 325 5077 aqua:
358 5009 644 5061 thesauros
691 5007 743 5059 in
797 5002 1023 5077 nubibus
1067 5003 1342 5077 possedit:
1377 5004 1564 5077 ignem
1606 5002 1750 5077 enim

165 5073 450 5135 caelestem
483 5079 532 5132 in
561 5079 752 5145 impios
774 5076 1044 5145 diﬂluerei
1057 5075 1236 5143 jussit,
1265 5082 1320 5126 et
1358 5073 1636 5145 deﬁcienti
1658 5087 1749 5145 or-

167 5153 217 5205 bi
250 5152 508 5207 celestes
553 5143 727 5201 fontes
773 5146 977 5201 effudit.
1007 5143 1231 5199 Elisaeus
1260 5159 1384 5196 vero
1431 5143 1546 5210 ejus
1589 5143 1749 5196 disci-

169 5225 352 5288 pulus,
390 5219 637 5274 eamdem
680 5231 835 5288 quam
877 5217 1127 5288 aiagis:er
1171 5213 1550 5288 continentiam
1583 5214 1754 5288 posui-

165 5284 326 5352 dens,
383 5291 436 5342 in
497 5284 846 5342 Sunamitidis
889 5286 1128 5339 mulieris
1173 5285 1340 5338 sterili
1390 5292 1542 5336 utero
1591 5284 1752 5350 prolis

167 5373 409 5432 segetem
457 5373 554 5429 per
603 5371 790 5432 preces
833 5357 1166 5432 impetravit;
1193 5365 1246 5409 et
1281 5353 1403 5432 quia
1443 5367 1564 5408 eum
1605 5353 1749 5420 paria

164 5425 475 5498 oluertebat'
503 5425 760 5497 magistro
811 5440 909 5479 suo
951 5426 1201 5480 miracula
1255 5425 1434 5498 edere,
1483 5433 1750 5498 mortuum

164 5493 330 5556 unum
364 5493 668 5555 suscitavit:
714 5508 768 5553 et
807 5507 924 5566 post
961 5507 1208 5558 mortem,
1231 5497 1429 5548 ossium
1471 5493 1585 5562 ejus
1626 5493 1750 5566 reli-

164 5575 306 5644 qui:e
329 5581 573 5626 mortuos
593 5563 875 5644 suscitatit._
894 5566 1326 5644 sapientissimus
1346 5575 1522 5644 autem
1545 5563 1748 5644 Daniel,

166 5635 502 5699 continentia
550 5650 798 5712 tanquam
825 5635 1002 5708 gladio
1029 5635 1246 5706 ancipiti
1275 5637 1566 5701 accinctus,
1599 5635 1751 5702 h'pos

222 5800 237 5830 ⁸
277 5796 363 5846 Sic
383 5796 498 5848 Cod.
527 5795 656 5857 νειμ,
678 5793 958 5850 analicanus
985 5807 1116 5852 vero,
1143 5787 1463 5842 circumcidit.

1883 2333 2020 2387 clam
2063 2333 2437 2388 interﬁcientes
2465 2333 2761 2398 sulfucavit,
2787 2343 2844 2390 et
2866 2349 3052 2398 agnam
3080 2337 3308 2392 Cltclcizc
3331 2355 3448 2395 cus-

1883 2404 2067 2457 iodivit
2101 2407 2217 2457 sine
2261 2419 2420 2456 noxa.
2447 2402 2600 2458 Istius
2629 2407 2769 2457 enim
2818 2402 2984 2460 vellus
3027 2410 3285 2463 castitatis
3317 2425 3447 2465 con-

1879 2476 2117 2547 spicuum
2148 2475 2330 2547 osculo
2361 2475 2566 2544 impuro
2595 2489 2699 2547 non
2729 2475 3078 2542 lacerabatur,
3125 2493 3298 2547 neque
3348 2496 3442 2533 an-

1874 2545 2021 2618 cipiti
2050 2545 2225 2618 gladio
2253 2551 2455 2618 peccat}
2487 2546 2695 2618 papillzc
2722 2545 3234 2604 contaminabantur.
3256 2550 3457 2605 Beatus.

1874 2615 2004 2688 vero
2026 2615 2337 2688 Ambacum,
2366 2631 2396 2668 a
2426 2615 2623 2688 Spiritu
2648 2626 3076 2688 sanctohraptus,
3123 2621 3298 2688 opifici
3327 2637 3446 2675 cas-

1873 2685 2036 2738 titatis
2071 2685 2268 2739 Danieli
2295 2687 2661 2756 operariorum
2690 2685 2964 2751 prandium
2991 2685 3310 2756 apporiavit.
3339 2694 3442 2745 Ait-

1871 2771 1976 2809 non
2035 2765 2244 2823 peierat
2290 2755 2431 2808 enim
2473 2756 2609 2808 Deus
2655 2755 2794 2809 hunc
2835 2755 3036 2820 etiam,
3063 2755 3201 2812 sicut
3246 2762 3438 2824 Eliam,

1870 2841 1965 2894 per
1999 2839 2188 2879 corvos
2216 2825 2457 2880 nutrire?
2485 2841 2552 2880 ne
2593 2841 2718 2879 vero
2743 2841 2862 2879 cum
2888 2827 3014 2881 feris
3038 2829 3300 2884 viventem
3326 2833 3442 2888 sine

1871 2895 2236 2972 cgpsolatioue
2263 2896 2543 2972 relinquat,
2569 2896 2772 2972 socium
2805 2897 3112 2972 prophetam
3141 2901 3322 2968 mittit,
3348 2906 3470 2972 qui_

1867 2965 2122 3039 afﬂictum
2171 2967 2494 3039 consoletur.
2517 2967 2712 3039 Animo
2739 2969 2878 3019 enim
2914 2978 3083 3022 tecum
3127 2965 3330 3039 reputa,
3358 2965 3444 3026 di.

1870 3035 2040 3096 lecte.
2087 3035 2354 3105 quomodo
2391 3036 2445 3090 in
2471 3035 2619 3090 fovea
2658 3037 2870 3090 leonum
2923 3049 3037 3092 erat
3067 3035 3285 3104 Daniel.
3318 3035 3447 3099 ἠθο-

1864 3119 2136 3160 scamnuin
2182 3107 2404 3170 habens,
2460 3122 2560 3160 nec
2605 3122 2816 3174 panem.
2864 3123 2963 3162 nec
3015 3125 3272 3172 mensam,
3325 3129 3431 3168 non

1866 3176 2159 3241 lucernam,
2189 3193 2292 3232 non
2325 3178 2540 3238 lectum,
2573 3177 2667 3231 sed
2691 3179 2741 3230 in
2768 3177 2945 3232 medio
2973 3179 3197 3234 duorum
3222 3183 3435 3238 leonum

1866 3257 2018 3301 stans
2059 3249 2226 3301 instar
2266 3247 2463 3312 crucis,
2513 3248 2744 3301 futurum
2786 3247 3054 3302 Christum
3110 3251 3434 3310 imitabatur.

1865 3316 2000 3373 Tres
2027 3332 2185 3390 Avcro
2215 3319 2531 3390 sanctissimi
2564 3320 2711 3386 pueri
2759 3319 3136 3390 continentiam
3180 3323 3434 3390 amplexi,

1862 3402 1982 3442 cum
2025 3388 2143 3457 igne
2175 3389 2456 3451 luctantes,
2487 3387 2774 3442 ferventem
2818 3388 2934 3456 ejus
2961 3389 3224 3446 ﬂammam
3259 3387 3311 3446 vi
3351 3387 3432 3447 su;

1899 3468 2132 3512 erarunt.
2148 3458 2192 3512 0
2208 3459 2476 3526 virginitas
2495 3473 2618 3528 qua:
2637 3459 2920 3522 Christum,
2942 3474 3088 3528 spem
3103 3463 3302 3526 mundi,
3321 3465 3435 3520 sine
3463 3504 3470 3509 -

1885 3528 2063 3600 aborei
2088 3529 2426 3600 germiitasti!
2457 3543 2490 3582 ο
2529 3527 2622 3600 Dei
2652 3529 2930 3600 sapientiai.
2960 3527 3078 3600 quae
3123 3533 3291 3600 gloria
3321 3536 3428 3589 vir—

1862 3599 2098 3670 ginitatis
2126 3598 2474 3670 Mariamnon
2521 3599 2760 3670 privasti,
2787 3607 2843 3652 et
2885 3598 3150 3654 Christum
3181 3617 3274 3670 per
3311 3620 3426 3657 eam

1862 3668 1994 3722 lucis
2040 3669 2205 3722 instar
2244 3667 2576 3738 etfulgentcm
2627 3669 2848 3738 misisti!
2879 3683 2912 3721 ο
2952 3667 3195 3724 sanctum
3239 3674 3429 3730 lt‘ilium

1859 3753 2070 3808 sponsa:
2111 3754 2214 3792 non
2255 3737 2453 3808 nuptae,
2502 3738 2618 3792 fons
2658 3737 3098 3808 incorruptionis,
3153 3743 3429 3801 iinmnrta~

1860 3807 2024 3863 litatis
2079 3809 2307 3870 afflatus,
2341 3809 2608 3881 _Ecclesi:e
2656 3807 2893 3881 lumen,’
2914 3811 3138 3878 justitia:
3192 3822 3427 3881 statera,

1860 3891 2216 3934 mercatorum
2268 3879 2484 3947 pulchra
2538 3879 2839 3947 margarita,
2887 3891 2942 3934 et
2981 3881 3235 3937 timorum
3290 3879 3431 3943 boue

1858 3961 2160 4027 coronatur,
2204 3951 2291 4018 qui
2337 3964 2528 4027 magno
2559 3950 3011 4027 pretioaeuderis
3057 3961 3112 4007 et
3157 3969 3196 4027 a_
3224 3969 3429 4027 paupe-

1861 4020 2248 4096 ribtts‘entptus
2275 4035 2368 4096 es,
2402 4019 2568 4096 tribus
2605 4018 3120 4096 obolishacquisitus,
3167 4018 3291 4088 ﬁde,
3333 4018 3431 4096 spe
3464 4069 3468 4071 »

1857 4099 1910 4163 et
1931 4087 2168 4154 caritate,
2196 4099 2249 4144 et
2274 4091 2325 4163 in
2354 4090 2628 4142 humilium
2646 4087 2903 4163 cordibus
2921 4093 3180 4155 versaris;
3204 4087 3427 4163 granum

1855 4160 2054 4228 sinapis
2080 4171 2130 4216 et
2157 4160 2460 4230 angelorum
2483 4161 2747 4214 exercitus
2773 4160 2978 4228 ductor,
3024 4160 3428 4220 bonus—inculta

1858 4231 2228 4299 pulcherrima:
2279 4230 2472 4294 Mariis,
2517 4239 2568 4282 et
2616 4231 3148 4296 incomprehensibile
3199 4234 3428 4290 Verbum

1856 4302 2130 4356 omnifcrgn
2156 4301 2449 4370 sapientiae;
2473 4301 2560 4368 qui
2593 4303 2980 4355 mortisluctum
2997 4303 3047 4355 in
3075 4312 3212 4358 terra
3235 4308 3429 4360 solvis-

1859 4374 1918 4431 ti,
1949 4382 2002 4424 et
2031 4372 2201 4425 lucem
2236 4372 2444 4424 thalami
2473 4371 2521 4423 in
2551 4373 2688 4424 creto
2714 4372 3016 4441 pra'parasti
3042 4387 3056 4434 ;
3088 4374 3178 4441 qui
3209 4375 3427 4430 herbam

1854 4447 2093 4509 corporis
2147 4443 2312 4494 nostri
2355 4441 2586 4502 induisti,
2637 4449 2690 4492 et
2734 4439 3224 4498 immarcescibilcm
3271 4444 3419 4500 floris

1855 4512 2071 4564 odorem
2103 4512 2252 4565 nobis
2277 4509 2468 4566 dedisti
2492 4526 2505 4564 :
2538 4509 2650 4562 haec
2675 4521 2796 4561 sunt
2822 4512 3094 4580 sapientiae
3123 4523 3226 4567 tute
3256 4515 3422 4570 docu-

1856 4591 2055 4646 menta,
2087 4581 2168 4634 hac
2195 4590 2319 4634 sunt
2355 4581 2540 4649 jejuni:
2573 4581 2642 4632 tui
2676 4580 2998 4647 dulcedines,
3032 4581 3114 4638 ha:
3143 4587 3424 4640 continen-

1855 4654 1941 4704 tia:
1970 4664 2072 4705 tuze
2119 4662 2451 4714 ornamenta,
2502 4650 2616 4702 lucc
2648 4650 2900 4706 Ecclesiae
2943 4661 3045 4708 tua:
3095 4653 3420 4709 fulcimenta.

1852 4720 1927 4775 Ita
1955 4723 2098 4776 soles
2121 4722 2368 4793 populum
2396 4730 2540 4774 tuum
2571 4732 2789 4786 nutrire,
2817 4740 2848 4773 o
2877 4721 3022 4787 Jesu,
3047 4741 3150 4778 non
3175 4734 3332 4793 tanqu
3355 4743 3421 4781 .tu

1854 4793 2064 4853 absens.
2121 4792 2215 4846 sed
2263 4803 2510 4862 tanquam
2543 4806 2774 4860 praesens
2813 4811 2827 4846 :
2884 4795 3077 4847 etenim
3117 4809 3236 4848 cum
3268 4792 3437 4852 Patre

1855 4867 2088 4916 existens
2129 4880 2158 4916 a
2187 4863 2336 4917 nobis
2367 4878 2468 4915 non
2497 4863 2778 4930 separaris,
2810 4873 2863 4915 ct
2892 4864 3166 4918 nobiscum
3199 4882 3416 4922 versans

1853 4949 1883 4986 a
1929 4934 2083 4987 Patre
2135 4949 2238 4986 null
2291 4934 2535 4986 discedis.
2592 4934 2742 5000 Aqua
2786 4947 3007 5000 corpora
3050 4944 3228 4989 nostra
3264 4939 3422 4992 lavis-

1857 5004 2006 5076 ti,_et
2046 5005 2242 5072 Spiritu
2301 5003 2477 5070 lapsus
2527 5012 2741 5076 nostros
2783 5006 3018 5060 solvisti:
3074 5008 3185 5061 sale
3214 5008 3421 5076 pietatis

1853 5074 2059 5128 animas
2085 5079 2262 5127 ovium
2316 5086 2518 5146 tuarum
2556 5072 2813 5146 condiistt
2839 5116 2853 5135 ,
2917 5087 2970 5130 et
3017 5077 3069 5130 in
3113 5072 3418 5146 angelorum

1855 5160 2045 5214 pascua
2075 5160 2173 5199 nos
2203 5145 2444 5198 traxisti:
2472 5143 2643 5212 sigillo
2675 5147 2834 5214 pedes
2880 5155 3089 5202 nostros
3134 5143 3415 5213 ro'borasti,

1853 5225 1908 5270 et
1929 5231 1956 5268 a
1991 5227 2128 5269 terra
2159 5216 2212 5269 in
2239 5216 2430 5270 cadum
2461 5228 2554 5281 per
2571 5215 2952 5279 scalam,tideui
2981 5228 3430 5282 nostram,extcn-
3465 5272 3468 5273 ν

1853 5285 1999 5356 disti,
2027 5301 2089 5339 ac
2130 5285 2535 5356 manuductores
2560 5283 2776 5356 angelos
2803 5288 2954 5340 uobis
2977 5291 3268 5356 apposuisti
3291 5308 3303 5342 :
3334 5309 3421 5345 ar..

1853 5354 2037 5408 borem
2056 5425 2063 5427 Α
2083 5356 2258 5410 arbori
2311 5353 2622 5427 apposuisti,
2654 5365 2708 5408 et
2734 5369 2934 5410 costam
2993 5353 3088 5427 pro
3115 5369 3262 5414 costa
3289 5363 3420 5415 sub-

1853 5425 2070 5498 stituisti
2103 5442 2117 5478 :
2163 5440 2347 5498 manus
2393 5425 2444 5498 in
2489 5440 2665 5498 aerem
2693 5425 3015 5495 eXpandisti,
3042 5440 3095 5485 et
3134 5446 3229 5498 pro
3267 5433 3422 5488 nobis

1853 5495 2065 5569 Patrem
2123 5506 2266 5549 tuum
2319 5495 2634 5569 implorasti,
2688 5506 2742 5549 et
2788 5514 2852 5553 ex
2896 5495 3207 5569 tempestate
3257 5502 3438 5558 altam.

1854 5566 2193 5620 serenitatem
2221 5565 2518 5640 _stabiliisti.
2545 5566 2873 5640 Quapropter
2915 5565 3068 5624 nocte
3111 5572 3324 5640 dieque,
3365 5584 3423 5628 et

1856 5647 2088 5690 tacentes
2116 5646 2171 5690 ει
2220 5636 2516 5705 loquentes.
2549 5637 2639 5690 tibi
2682 5638 2902 5707 gloriam
2934 5636 3229 5705 relerinms,
3273 5636 3324 5695 in
3367 5655 3441 5699 te-

1853 5709 1974 5760 vitm
2001 5723 2147 5776 spem
2179 5707 2449 5774 habentes,
2482 5723 2621 5761 nunc
2667 5722 2718 5762 et
2765 5725 2994 5779 semper,
3039 5722 3092 5766 ct
3139 5715 3191 5768 iu
3235 5719 3432 5769 secula.

1853 5779 2163 5834 accolarum.
2197 5781 2385 5833 Amen.
