3818 6408
587 359 653 414 21

589 489 689 530 cuo
715 481 769 526 et
793 470 964 526 nantis
991 467 1228 524 laborem
1272 464 1400 519 artis
1427 476 1536 516 sua:
1577 469 1795 530 propter
1822 460 2160 516 serenitatem

589 540 1233 608 remittentibus,repente
1245 535 1536 614 asperrima
1553 531 2158 614 pracella‘conturbante,

589 631 708 670 cum
754 601 1424 682 praeteriesspectationem
1464 603 1604 656 venti
1635 602 1687 655 in
1705 601 1952 682 pelagum
1981 616 2160 682 eru_m-

587 672 769 755 pant;
804 672 1118 755 incipiatque
1161 673 1624 755 mare_ell‘eratum
1670 672 2035 755 obstrepere,“
2062 672 2161 724 ﬂu-

588 741 876 822 ctuumque
905 741 1055 822 turba
1099 763 1285 822 navem
1319 746 1573 822 impedire
1597 785 1612 809 ,
1642 752 1699 796 ut
1724 753 1776 795 et
1807 741 2162 822 multiplicum

589 812 806 878 funium.
843 821 1043 881 tensio,
1076 819 1165 885 qui
1209 817 1347 870 circa
1394 812 1586 868 malum
1633 812 1899 882 suspensi.
1927 812 2164 885 violento

589 906 866 949 ventorum
895 881 1125 958 impulsu
1151 889 1260 948 icti,
1291 887 1505 958 sibilant
1532 902 1545 938 :
1573 893 1698 958 tunc
1723 881 1871 943 Sane.
1902 895 1936 935 0
1960 881 2159 958 dilecti,

591 964 848 1018 tumultus
892 953 1105 1028 quidem
1153 957 1564 1028 turbulentuset
1590 953 1858 1028 luctuosus
1885 968 1912 1004 a
1932 953 2165 1028 _vectori-

591 1036 690 1088 bus
721 1022 922 1097 Oritur,
943 1041 1166 1085 mortem
1194 1028 1245 1081 in
1279 1025 1540 1097 prolundo
1585 1024 1778 1097 maris,
1809 1022 2160 1097 magisquam

591 1093 920 1164 naturalem,
968 1097 1413 1166 exapectantibus.
1481 1095 1578 1149 llic
1629 1093 1808 1146 videas
1842 1093 2090 1166 _remiges
2132 1108 2160 1166 _a

590 1173 822 1256 procella
852 1163 972 1226 illos
1001 1163 1331 1256 extrinsecus
1355 1168 1778 1256 circumagente,
1805 1164 1922 1233 plus
1947 1176 2075 1256 v|ero
2097 1163 2164 1217 ab

591 1233 735 1300 intus
765 1243 1053 1312 lugentium
1084 1239 1317 1292 clamore
1343 1245 1622 1312 enervatus
1644 1233 1798 1296 (adeo
1827 1244 1882 1286 ut
1902 1233 2164 1312 guberna-

592 1325 678 1370 tor
703 1303 847 1384 ipse:
871 1328 978 1382 pra!
1005 1318 1148 1384 metu
1181 1306 1555 1384 tremebundus
1584 1303 2164 1384 factu_s.__nouamplius

596 1386 671 1440 uti
704 1374 1042 1454 possit'tnanu
1063 1379 1442 1454 gubernatoria
1458 1376 1523 1429 ad
1543 1374 1732 1454 navigii
1752 1374 2121 1454 directionem)
2145 1391 2160 1437 ;

592 1444 778 1510 omnes
824 1468 951 1508 vero
994 1444 1282 1504 clainantes
1311 1461 1369 1500 se
1395 1447 1554 1501 vitam
1604 1447 1742 1499 inter
1785 1444 2024 1497 homines
2054 1457 2165 1497 ser-

591 1542 719 1580 vare
751 1540 904 1595 posse
929 1523 1232 1595 desperare.
1263 1518 1390 1595 Tale
1417 1515 1685 1586 quidpiam
1713 1516 1906 1595 accidit
1932 1514 2165 1595 discipu-

593 1597 661 1650 lis
685 1615 698 1658 ;
727 1584 902 1649 mente
924 1584 1064 1646 enim
1091 1601 1142 1644 te
1163 1584 1451 1658 transferas
1477 1601 1683 1658 mecum
1706 1586 1769 1637 ad
1790 1584 2160 1658 Evangelium.

591 1653 826 1719 Ascendit
848 1664 996 1717 Jesus
1022 1677 1134 1713 cum
1173 1655 1435 1725 discipulis
1471 1658 1576 1710 suis
1604 1657 1656 1707 in
1684 1655 1964 1708 naviculam
1992 1655 2009 1724 (
2032 1653 2159 1707 an.

594 1735 731 1801 Vlll,
763 1736 875 1804 22),
907 1743 960 1804 et
1000 1732 1152 1804 facile
1200 1729 1404 1804 trajecit
1442 1742 1606 1781 mare.
1638 1726 1878 1804 Quandiu
1904 1725 2164 1804 Dominus

590 1795 1166 1872 Christuspvigilabat,
1216 1795 1390 1872 omnis
1436 1798 1734 1852 contrarius
1777 1795 2165 1872 re‘primebatur

587 1888 777 1930 ventus
807 1894 818 1928 :
853 1865 1065 1944 planum
1094 1880 1269 1924 autem
1298 1869 1397 1923 illis
1423 1877 1537 1922 erat
1561 1881 1729 1944 mare.
1747 1875 1990 1944 tanquam
2015 1865 2163 1919 Iirma

593 1957 752 2008 terra,
783 1935 1167 2014 nequeﬂnctus
1193 1951 1376 2014 contra
1405 1953 1589 1992 navem
1607 1937 1874 2014 Christum
1905 1935 2160 2014 ferentem

588 2006 914 2085 insurgebat.
936 2013 1069 2066 Cum
1103 2027 1227 2064 vero
1254 2010 1430 2073 Jesus,
1459 2007 1751 2062 secundum
1779 2006 2160 2085 providentiam

591 2084 774 2150 suam,
791 2088 843 2139 in
863 2086 1081 2154 navigio
1100 2086 1426 2149 dormiebat,
1441 2085 1620 2154 quoad
1636 2092 1882 2137 naturam
1895 2084 2158 2154 corporis,

591 2173 700 2210 non
721 2157 898 2225 quoad
924 2153 1142 2209 deitatis
1165 2153 1479 2223 dignitatem
1518 2156 1715 2224 (Somni
1736 2155 1880 2225 enim
1905 2153 2161 2225 immunis

589 2236 675 2280 est
704 2221 896 2279 oculus
931 2226 1172 2294 deitatis)
1205 2221 1366 2290 {tum
1401 2221 1545 2278 venti
1577 2224 1972 2294 conspicientes
1995 2221 2162 2294 Magi:

591 2305 767 2348 strum
796 2304 848 2348 et
882 2290 1200 2355 Praefectum
1236 2309 1395 2348 suum
1430 2290 1786 2347 dormientem
1814 2331 1828 2355 ,
1861 2293 2003 2346 sicut
2034 2290 2160 2360 equi

593 2367 837 2434 aurigam
853 2378 1045 2419 somno
1058 2365 1332 2418 detentum
1349 2376 1689 2431 spernentes,
1703 2364 1771 2414 im
1781 2372 2005 2432 petuoso
2030 2360 2162 2414 ﬂatu

590 2433 1157 2488 smvatiiexsibilantes
1179 2440 1777 2501 tetnpestatem,contra
1810 2447 1998 2485 navem
2029 2445 2162 2500 apo-

591 2505 839 2558 stolicam
868 2504 1213 2557 ferebantur:
1236 2514 1416 2571 atque,
1441 2504 1672 2571 procella
1694 2509 1903 2563 exorta,
1928 2515 2048 2569 qua:
2080 2501 2162 2552 in-

589 2583 958 2642 exspectatam
989 2581 1382 2625 mortemtanto
1394 2573 1520 2624 ﬂatu
1535 2572 1868 2642 minabatur,
1893 2579 2163 2624 aestuante

593 2641 804 2713 pelago,
821 2642 1310 2713 szevosqueﬂnctus
1329 2657 1454 2695 cum
1476 2642 1691 2695 fremitu
1722 2641 1772 2713 in
1799 2649 2163 2713 arena_tn_ter-

593 2708 865 2764 initiorum
896 2708 1327 2766 constitutriceni
1360 2713 1705 2769 immittente,
1723 2711 1973 2780 discipuli
1993 2708 2162 2780 tiren-

593 2781 810 2836 dentem
825 2783 1226 2849 conspicientes
1239 2779 2158 2850 tempestatem,Christu’mceleber:

594 2853 795 2920 rimum
827 2847 1282 2920 propugnatorem
1333 2847 1687 2920 invocabant;
1727 2850 1858 2920 quid
1885 2847 2163 2920 dicentes?

592 2917 843 2984 Domine,
871 2917 1024 2973 saluti
1073 2937 1190 2983 nos,
1221 2921 1448 2988 perimus
1483 2918 1700 2988 (Matth.
1741 2917 1875 2979 Vlll,
1907 2918 2020 2986 25).
2059 2917 2163 2970 Per

593 2991 953 3044 weonomiam
1003 2989 1307 3043 dormiebat
1363 2990 1417 3042 in
1456 2989 1672 3058 navigio
1720 2988 2012 3058 Dominus,
2051 3003 2163 3042 non

593 3060 815 3114 nescius
855 3060 1002 3113 illius
1041 3061 1184 3120 quod
1227 3060 1469 3112 futurum
1507 3057 1645 3119 erat.
1677 3073 1777 3112 nec
1815 3057 2163 3112 serenitatem

583 3133 866 3188 inducendi
899 3143 1157 3199 potestate
1185 3133 1397 3185 carebat
1424 3133 1629 3184 :sciens
1654 3144 1782 3183 vero
1808 3144 1952 3182 mare
1977 3129 2155 3183 turba-

581 3213 691 3256 tum
721 3204 852 3270 fore,
879 3203 1082 3257 duabus
1109 3203 1176 3256 de
1197 3202 1371 3255 causis
1399 3200 1719 3256 dormiebat:
1751 3209 1809 3253 ut
1834 3214 1927 3268 per
1948 3207 2156 3270 tempe-

580 3281 773 3343 statem
815 3273 1156 3343 redargueret
1203 3271 1465 3343 labentem
1497 3278 1552 3343 et
1581 3270 1899 3343 imbecillam
1926 3269 2157 3343 discipu-

579 3342 753 3397 lorum
786 3340 1045 3403 Iidernfct
1070 3341 1356 3412 potentiam
1384 3341 1672 3412 divinitatis
1692 3356 1801 3412 suae
1831 3341 1941 3412 illis
1957 3340 2154 3410 liquido

577 3412 1184 3469 demonstraret.Videre
1204 3422 1319 3466 erat
1338 3412 1534 3480 itaque,
1552 3427 1585 3466 ο
1605 3411 1799 3475 dilecti,
1824 3411 2148 3480 vigilantem,

576 3484 749 3552 quoad
785 3499 998 3553 corpus,
1043 3485 1346 3548 Dominum,
1376 3479 1555 3551 se’ipso
1583 3479 2153 3553 vehementioremmfa-

576 3551 806 3619 etum,et
827 3551 1038 3608 ventum
1060 3554 1124 3609 ad
1143 3556 1447 3623 speluncam
1467 3567 1616 3606 suam
1630 3551 1928 3623 clanculum
1953 3551 2154 3620 fugien-

577 3633 711 3687 tem,
739 3627 1083 3694 pelagumque
1105 3621 1210 3679 non
1243 3625 1376 3678 ultra
1405 3633 1588 3694 contra
1618 3621 2152 3694 apostolicumnavi-

576 3695 718 3763 gium
742 3691 918 3749 itiinas
959 3691 1332 3758 intentantem,
1382 3692 1475 3746 sed
1497 3692 1686 3746 ﬂuctus
1702 3696 1767 3744 ad
1789 3691 2150 3746 adorationetn

576 3780 636 3818 se
657 3775 1045 3820 convertentes.
1069 3765 1212 3819 Talis
1239 3774 1320 3818 est
1335 3763 1492 3830 hujus
1518 3764 1640 3816 vita:
1666 3776 1875 3827 cursus,
1895 3763 1966 3814 ita
1985 3772 2041 3816 ut
2064 3777 2153 3816 res

577 3835 628 3887 in
656 3837 844 3889 eodem
874 3848 1011 3889 statu
1044 3851 1310 3905 nunquam
1343 3841 1710 3905 permaneant.
1731 3831 1827 3885 sed
1871 3832 2153 3901 aliquando

578 3906 632 3959 in
680 3922 808 3974 pace
855 3904 1335 3973 tranquillzesiut,
1377 3916 1535 3972 atque
1582 3904 1953 3974 alimentorum
2000 3906 2152 3971 copia

575 3972 865 4040 abundent;
893 3972 1152 4029 interdum
1172 3991 1299 4030 vero
1318 3982 1754 4030 commoveantur
1770 3972 2146 4042 ﬂuctibusque,

576 4055 634 4098 ut
660 4063 827 4112 mare,
851 4047 1133 4116 agitentur,
1155 4047 1343 4115 partim
1363 4043 1574 4113 quidem
1607 4043 1950 4116 barbarorum
1977 4044 2152 4098 incur-

575 4118 814 4169 sionibus
835 4160 848 4180 ,
885 4113 1071 4184 partim
1123 4113 1489 4187 tyrannorum
1515 4113 1954 4187 machinamentis
1980 4124 2042 4187 et
2055 4131 2152 4187 ne-

573 4189 835 4256 gotiorum
883 4183 1317 4255 perplexitatihus
1337 4227 1352 4252 ,
1385 4184 1670 4256 multisque
1695 4183 1810 4236 aliis
1841 4185 2152 4256 tumultibus

575 4252 631 4310 Et
660 4252 1167 4324 perturbatioiiihus.
1199 4257 1328 4308 Nam
1361 4254 1611 4323 praedicta
1641 4252 1707 4308 de
1731 4255 2024 4321 apostolico
2055 4272 2150 4308 na-

575 4327 717 4390 vigio
759 4328 974 4382 hiSIoria
1023 4328 1163 4381 hunc
1211 4327 1369 4381 habet
1411 4340 1667 4388 sensum;
1713 4324 1843 4377 nihil
1887 4325 2081 4394 quippe
2119 4341 2150 4380 a

574 4397 798 4468 Domino
849 4400 1042 4452 factum
1082 4397 1165 4452 est
1208 4397 1348 4468 quod
1392 4395 1700 4468 mysterium
1752 4409 1856 4446 non
1909 4397 2146 4450 haberet.

572 4466 698 4521 Mari
749 4469 937 4523 similis
975 4477 1058 4522 est
1097 4465 1375 4532 haec'vita;
1409 4466 1636 4534 navigio,
1671 4465 1898 4518 humana
1924 4475 2103 4519 natura
2129 4507 2144 4532 ,

575 4549 790 4604 portans
821 4539 966 4607 quasi
1011 4551 1250 4592 vectores
1275 4548 1325 4592 ct
1350 4537 1760 4607 gubernatorem
1801 4536 2148 4607 cogitationes

573 4619 626 4662 et
653 4606 906 4662 mentem.
941 4608 1052 4661 lloc
1081 4612 1255 4677 itaque
1282 4606 1544 4675 navigium
1564 4648 1576 4666 ,
1605 4607 2024 4677 naturascilicet
2053 4606 2149 4660 hu-

574 4693 750 4740 mana,
776 4679 825 4732 in
861 4678 958 4732 hac
983 4681 1084 4731 vita
1111 4675 1336 4747 agitatur
1353 4693 1380 4729 a
1403 4678 1594 4747 diaboli
1618 4675 1868 4743 nequitia,
1895 4692 1924 4726 a
1949 4677 2149 4729 daemo-

573 4749 728 4802 nibus
758 4749 1014 4809 hosﬂbus,
1045 4749 1132 4817 qui
1151 4746 1508 4816 cupiditatum
1536 4746 1726 4799 ﬂuctus
1753 4747 2022 4817 excitant;
2053 4747 2148 4799 fal-

571 4833 684 4870 sam
719 4815 1334 4886 voluptatumsliumatn
1367 4819 1416 4870 in
1448 4818 1714 4870 internum
1761 4815 1994 4869 animum
2028 4831 2149 4884 pro-

566 4887 796 4960 jiciunt,
850 4903 913 4943 ac
975 4901 1205 4943 mentem
1277 4888 1702 4960 gubernatricem
1770 4886 2146 4960 cupiditatibus

570 4955 909 5013 commovent
936 4969 990 5013 et
1029 4960 1081 5012 in
1125 4955 1397 5028 peccatum
1430 4957 1769 5024 immergunt.
1797 4955 1948 5023 Quod
1970 4967 2145 5012 autem

1923 339 2166 398 SPURIA
2206 339 2529 410 QUASDAM.
3767 346 3782 399 Ξ

2268 459 2429 515 homo
2474 459 2696 528 quilibet
2734 476 2764 515 a
2809 463 3132 531 voluptatum
3177 459 3386 516 ﬂamma
3439 470 3740 515 commotos

2265 540 2536 600 peccatum
2555 532 2918 601 imrnergatur,
2951 531 3023 598 id,
3049 547 3348 601 sermonem
3373 547 3546 586 meum
3563 546 3781 585 asseren

2266 609 2485 672 testatur
2526 601 2685 672 David
2729 600 3001 672 propheta.
3032 600 3163 657 Cum
3189 605 3328 657 enim
3369 604 3508 656 circa
3548 615 3784 672 continet

2269 671 2392 724 tiam
2425 669 2750 741 naufragium
2800 669 3042 736 iecisset,
3075 673 3338 728 clamabat
3366 673 3548 726 dicens
3577 690 3591 726 :
3633 669 3783 741 Veni.

2265 741 2582 812 altitudinem
2618 740 2812 807 imaris,
2860 753 2906 797 et
2947 753 3210 812 tempestas
3253 743 3486 797 demersit
3533 758 3614 795 me
3665 740 3784 811 (Psn

2265 809 2492 873 LXVIII,
2522 812 2601 881 5).
2642 813 2753 866 Non
2784 816 2924 868 enim
2967 809 3066 868 hoc
3109 829 3326 882 usquam
3355 814 3652 882 reperimus
3675 809 3732 864 in
3758 814 3784 863 h

2266 883 2423 953 storia
2455 883 2521 936 de
2563 883 2758 938 Davide
2789 901 2802 938 :
2835 885 3169 953 quandonam
3217 884 3375 937 David
3416 882 3728 947 navigavit?
3753 899 3778 933 ν

2267 951 2319 1023 i_n
2347 969 2451 1023 quo
2479 954 2605 1006 mari
2634 954 2733 1006 iter
2754 951 2916 1020 agens
2943 955 3218 1008 demersus
3243 956 3367 1009 est?
3397 968 3659 1023 nusquam
3685 969 3778 1006 san

2267 1021 2400 1094 Quid
2425 1023 2522 1076 sibi
2551 1024 2663 1078 vult
2703 1025 2897 1092 igitur?
2929 1023 2982 1078 In
3013 1025 3109 1078 hac
3138 1025 3318 1094 utique
3358 1025 3460 1094 vita
3498 1021 3752 1093 tanquam
3781 1041 3786 1078 ι

2269 1093 2452 1162 pelago
2479 1107 2718 1156 versans,
2747 1109 2809 1148 ac
2832 1095 3186 1162 voluptatibus
3211 1093 3362 1165 quasi
3389 1093 3638 1165 ﬂuctibus
3665 1095 3786 1162 agit:

2269 1171 2373 1235 tus,
2400 1173 2558 1231 atque
2583 1165 2754 1235 soluta
2782 1166 3157 1235 cogitationum
3191 1164 3500 1232 campagine
3525 1205 3539 1225 ,
3567 1164 3717 1235 intus
3727 1179 3786 1235 _ai

2269 1233 2430 1285 misso
2457 1233 2756 1302 cupiditatis
2797 1232 2958 1289 ﬂuctu
2980 1276 2994 1298 ,
3025 1250 3087 1290 ac
3112 1235 3208 1289 viri
3239 1235 3542 1289 fortitudine
3570 1249 3670 1301 per
3698 1232 3786 1288 Uri

2268 1317 2485 1374 [uxorem
2511 1305 2784 1374 spoliatus,
2804 1305 3142 1360 continentia:
3165 1305 3490 1374 naufragium
3516 1318 3710 1373 passus
3731 1319 3786 1357 es

2266 1370 2394 1426 Ideo
2420 1370 2631 1428 dicebat
2661 1393 2673 1426 :
2712 1373 2836 1428 Veni
2859 1377 2910 1430 in
2937 1375 3251 1430 altitudinem
3291 1370 3466 1438 maris,
3493 1370 3541 1428 et
3569 1384 3786 1439 tempest.

2267 1443 2495 1497 demersit
2511 1461 2607 1497 me.
2631 1445 2826 1500 Deinde
2849 1447 3033 1499 iterum
3051 1447 3387 1514 resipiscens,
3410 1454 3465 1500 et
3483 1460 3548 1498 ex
3576 1444 3788 1512 profane

2269 1515 2468 1580 peccati
2510 1515 2700 1569 iterum
2737 1516 3074 1570 continenti:e
3113 1517 3316 1570 clavum
3361 1529 3688 1584 recuperans
3711 1559 3724 1578 ,
3754 1531 3787 1567 v

2269 1593 2480 1654 tamque
2507 1599 2655 1654 suam
2686 1587 2926 1640 castitate
2953 1595 3252 1651 temperans
3277 1629 3290 1648 ,
3325 1586 3488 1640 Deum
3521 1585 3788 1654 precabau

2267 1651 2449 1707 dicens
2477 1671 2490 1707 :
2523 1653 2643 1708 Non
2670 1673 2749 1709 me
2786 1657 3038 1724 demergat
3068 1667 3330 1724 tempestas
3356 1651 3537 1722 aqua,
3561 1671 3722 1723 neque
3746 1657 3788 1707 al

2267 1726 2462 1796 sorbeat
2488 1741 2565 1777 me
2591 1728 2900 1795 profundunt
2927 1725 3098 1796 (Psal.
3131 1727 3352 1789 LXVIII.
3385 1727 3496 1794 16).
3531 1725 3662 1796 Tale
3687 1726 3788 1794 quit

2268 1793 2404 1861 piam
2425 1793 2706 1862 Apostolus
2720 1793 3175 1866 quoque,mysticc
3190 1793 3527 1852 subindicans
3550 1793 3788 1850 humana:

2266 1872 2506 1938 naturam
2532 1866 2658 1919 dicit
2687 1885 2700 1918 :
2732 1866 2830 1921 Ter
2857 1869 3175 1937 naufragium
3217 1870 3330 1938 feci.
3379 1868 3514 1935 Quid
3554 1866 3696 1920 enim
3725 1868 3790 1919 ait

2266 1932 2705 2009 TerAnauﬂiagium
2727 1939 2841 2009 feci,
2871 1932 3013 1991 nocte
3037 1932 3083 1991 et
3107 1932 3261 2009 diein
3290 1932 3546 2009 profunda
3576 1939 3732 2009 maris
3756 1941 3790 2005 fi

2267 2003 2333 2072 (ll
2356 2003 2594 2065 ϐονξΧΙξ
2625 2003 2738 2074 25).
2784 2008 2887 2062 Ter
2915 2009 3053 2062 enim
3076 2003 3398 2078 naufragium
3442 2007 3567 2064 Iecit
3607 2003 3790 2060 human

2266 2086 2484 2146 natura;
2519 2079 2702 2142 semel,
2732 2081 2782 2132 in
2815 2079 3057 2144 paradiso
3086 2096 3178 2146 per
3200 2080 3677 2146 transgressioaem
3705 2094 3718 2137 ;
3752 2094 3790 2130 St

2265 2145 2456 2218 eundo,
2483 2148 2532 2200 in
2581 2147 2776 2218 diluvio
2810 2148 2959 2212 Noe;
2989 2151 3162 2213 tertio,
3195 2160 3316 2216 post
3351 2145 3520 2218 legem
3562 2158 3790 2215 accepta:

2267 2217 2491 2282 populus
2532 2219 2581 2272 in
2624 2217 2884 2272 idolorum
2925 2220 3121 2274 cultum
3173 2220 3384 2278 incidit.
3411 2217 3590 2274 donec
3617 2221 3786 2272 veniet

2264 2286 2558 2358 animarum
2612 2298 2908 2343 nostrarum
2961 2290 3282 2358 gubernator
3333 2289 3617 2353 Christus,
3661 2304 3791 2342 cruc,

2264 2357 2438 2428 velum
2471 2361 2520 2411 in
2544 2361 2712 2413 media
2741 2370 2875 2413 terra
2906 2357 3102 2414 siStens
3123 2399 3139 2419 .
3171 2360 3572 2428 tempestatibus
3612 2360 3792 2414 liberat

2263 2427 2416 2482 nobis
2447 2429 2668 2500 providit
2691 2429 2743 2483 in
2771 2433 2953 2484 urbem
2980 2431 3252 2485 ctelestem
3277 2427 3686 2500 navigationem.
3725 2429 3792 2483 Nc

2262 2508 2338 2571 ate
2363 2507 2418 2571 et
2433 2498 2516 2571 die
2541 2500 2590 2551 in
2617 2501 2870 2570 profundo
2895 2502 3048 2554 maris
3069 2501 3166 2571 fui.
3191 2498 3418 2554 Noctem
3437 2499 3671 2571 appellat
3691 2501 3792 2553 illa:

2265 2567 2317 2620 in
2343 2567 2630 2637 caliginoso
2670 2567 2853 2624 errore
2898 2567 3119 2631 moram,
3149 2586 3266 2638 qum
3301 2567 3792 2626 (Ihristi'adventut

2262 2641 2577 2710 antecessit;
2619 2639 2757 2695 diem
2787 2655 2933 2701 vero,
2964 2642 3109 2694 illum
3138 2641 3189 2693 in
3216 2642 3391 2696 lucido
3435 2642 3700 2710 baptismo
3726 2653 3792 2694 sta

2263 2715 2393 2773 tum,
2425 2711 2513 2776 qui
2542 2709 2735 2781 Christi
2765 2721 2979 2764 secutus
2998 2721 3082 2766 est
3108 2711 3410 2766 adventrum.
3439 2709 3571 2766 Cum
3602 2722 3713 2766 tota
3743 2714 3788 2781 ig

2264 2788 2348 2850 tur
2369 2789 2551 2834 natura
2582 2780 2806 2834 humana
2835 2795 2931 2849 per
2955 2783 3239 2850 nequitiam
3261 2783 3476 2848 diaboli,
3502 2794 3558 2836 ut
3577 2780 3794 2836 diximus

2255 2847 2576 2916 jactaretur;
2611 2851 2662 2904 id
2706 2847 2889 2905 videns
2935 2847 3168 2908 Verbum
3217 2852 3329 2913 Dei.
3379 2854 3428 2906 in
3464 2847 3616 2906 hanc
3670 2854 3793 2905 vitai

2260 2921 2512 2994 veniens,
2543 2921 2835 2990 ingreditur
2862 2921 2915 2994 in
2941 2922 3222 2994 cavitatem
3245 2923 3436 2994 navigii
3473 2923 3695 2992 virginis
3726 2923 3794 2976 Ma

2260 2989 2352 3043 ria:
2385 3009 2398 3043 :
2425 2994 2576 3063 cujus
2605 2989 2782 3060 typum
2811 2993 2864 3046 in
2889 2991 3022 3063 .Iona
3053 2993 3308 3062 propheta
3333 2989 3650 3063 eipressinn
3684 2995 3794 3047 inve

2259 3063 2453 3114 nimus.
2499 3060 2722 3116 Mittitur
2757 3064 2897 3116 enim
2957 3060 3120 3117 Jonas
3157 3060 3440 3129 'Niniven’;
3490 3063 3739 3119 Christus
3778 3065 3789 3115 i

2259 3129 2395 3204 hanc
2435 3132 2617 3204 vitam,
2640 3139 2786 3204 venit
2814 3151 2827 3186 :
2856 3132 3017 3204 Jonas
3055 3135 3164 3204 abit
3191 3136 3239 3187 in
3272 3137 3554 3204 navigium,
3582 3144 3636 3190 et
3669 3136 3718 3188 in
3743 3149 3794 3189 ca

2258 3200 2422 3255 vitate
2450 3203 2641 3271 navigii
2669 3203 2902 3268 dormit;
2943 3203 3174 3259 Verbmn
3206 3207 3365 3260 etiam
3397 3200 3490 3261 Dei
3521 3221 3612 3272 per
3635 3220 3795 3258 nover

2259 3286 2470 3325 menses
2500 3273 2551 3325 in
2582 3284 2762 3328 ventre
2791 3275 3002 3343 virginis
3043 3274 3217 3328 Maria:
3244 3275 3353 3329 fere
3377 3277 3674 3330 dormiebat
3704 3277 3796 3329 taci

2260 3350 2448 3394 turnus
2487 3343 2807 3399 hominibus.
2834 3345 2981 3398 Tunc
3013 3347 3176 3413 magis
3203 3348 3429 3400 excitata
3456 3359 3536 3398 est
3565 3347 3795 3399 diabolic

2260 3413 2508 3481 nequitiae
2536 3415 2784 3480 procella,
2811 3415 2967 3469 sicuti
3001 3426 3184 3470 contra
3221 3415 3430 3471 Jonam.
3459 3415 3564 3471 Sed
3591 3431 3713 3469 eum
3742 3416 3796 3469 Jo

2259 3496 2355 3553 nas
2380 3484 2430 3536 in
2456 3499 2599 3537 mare
2621 3485 2884 3553 projectus
2899 3495 3000 3551 est,
3029 3484 3130 3540 hoc
3149 3497 3250 3550 est,
3269 3501 3388 3540 cum
3409 3487 3564 3542 Jesus
3590 3502 3619 3540 e
3649 3500 3795 3538 venir

2257 3551 2489 3622 Virginis
2528 3555 2590 3625 _in
2622 3551 2780 3608 hanc
2827 3557 2984 3609 vitam
3030 3556 3256 3625 prodiit,
3301 3566 3356 3612 et
3397 3558 3572 3612 omnis
3615 3571 3793 3624 quoqu

2257 3635 2448 3677 ventus
2475 3623 2728 3678 adversus
2755 3623 3155 3680 obmutescebat
3177 3669 3191 3690 ,
3222 3627 3392 3682 donec
3429 3623 3708 3680 balamain
3741 3642 3796 3679 or

2257 3708 2377 3767 cum
2409 3695 2727 3767 perveniret,
2757 3697 2919 3749 multa
2938 3697 3085 3767 signa
3111 3707 3164 3750 et
3191 3697 3423 3767 prodigia
3451 3696 3617 3752 edidit
3646 3697 3698 3749 in
3736 3696 3796 3748 ha

2257 3765 2363 3817 vita
2380 3766 2659 3835 (navigans.
2691 3764 2908 3818 Intravit
2935 3765 3096 3820 Jonas
3129 3764 3472 3822 in'balaz'nam
3499 3807 3513 3828 ,
3543 3776 3595 3821 et
3622 3767 3716 3820 ille
3748 3769 3796 3819 in

2258 3833 2417 3888 travit
2454 3833 2733 3889 in'orcum
2768 3852 2780 3887 :
2816 3846 2922 3890 tres
2967 3837 3081 3890 dies
3117 3846 3171 3890 et
3212 3847 3323 3891 tres
3365 3847 3581 3901 noctes,
3611 3837 3794 3888 totidn-i

2257 3915 2387 3977 quot
2413 3903 2594 3977 Jonas,
2620 3906 2669 3958 in
2688 3921 2813 3960 orco
2839 3909 3184 3976 consumpsit.
3219 3908 3438 3977 Ejicitur
3461 3907 3621 3962 Jooas
3644 3922 3714 3960 ex
3745 3906 3795 3959 b:

2258 3973 2390 4046 laena
2418 3975 2469 4028 in
2497 3975 2756 4040 Niniven;
2788 3977 3030 4031 Christus
3063 3973 3134 4031 ex
3177 3973 3399 4032 mortuis
3426 3981 3612 4042 surgit,
3666 3988 3795 4046 atqu

2257 4045 2310 4098 in
2352 4043 2499 4116 hunc
2541 4047 2793 4099 mundum
2835 4049 3089 4101 venit.....
3133 4049 3382 4116 pra-dicat
3429 4043 3791 4116 prenitentiain

2258 4114 2578 4187 resipiscunt
2605 4116 2844 4171 Ninivitaa
2864 4159 2878 4182 ,
2908 4128 3066 4187 atque
3097 4114 3249 4185 hujus
3275 4114 3451 4172 mundi
3476 4119 3662 4187 incola:
3697 4135 3711 4169 :
3741 4133 3795 4186 pe

2256 4194 2367 4240 tres
2393 4186 2508 4240 dies
2535 4187 2797 4255 jejunant,
2824 4197 2878 4242 et
2903 4186 3188 4241 servantur
3214 4204 3508 4244 numerosze
3540 4186 3788 4240 uiultitnd

2256 4270 2392 4319 nes;
2421 4258 2555 4310 sicut
2591 4258 2748 4311 etiam
2792 4257 2843 4311 in
2873 4256 3060 4311 Ninive
3098 4259 3374 4312 duodecim
3407 4258 3680 4312 hominum
3711 4273 3796 4326 my

2255 4326 2431 4380 riades
2455 4337 2508 4381 et
2537 4341 2726 4395 pecora
2759 4328 3005 4394 plurima.
3039 4329 3259 4382 Domino
3287 4330 3427 4383 enim
3463 4328 3795 4396 paenitentia:

2253 4405 2310 4449 et
2340 4396 2497 4450 ﬁdem
2521 4397 2642 4466 huic
2668 4397 2866 4451 mundo
2886 4397 3222 4466 praedicante,
3247 4408 3524 4453 servantur
3547 4397 3796 4451 duodecit

2257 4466 2423 4520 tribus
2466 4464 2648 4522 Israel.
2688 4464 2908 4532 Quando
2937 4470 3078 4522 enim
3121 4469 3378 4537 plenitudo
3416 4471 3636 4537 gentium
3663 4468 3796 4520 intra

2257 4487 2423 4520 trmus
2466 4487 2648 4522 tsraet.
2688 4487 2908 4532 unanuo
2937 4487 3078 4522 enim
3121 4487 3378 4537 ptemmao
3451 4487 3636 4522 emittm
3663 4487 3796 4520 mira

2253 4537 2397 4602 verit,
2422 4549 2544 4610 tunc
2568 4538 2728 4610 omnis
2754 4537 2913 4610 Israel
2938 4540 3104 4591 salvus
3130 4541 3214 4606 [iet
3239 4487 3521 4610 Hiems“,
3550 4537 3796 4610 εὔ).ομμο

2253 4615 2430 4678 autem
2470 4607 2634 4662 Jonas
2663 4609 2857 4663 Christi
2889 4617 3046 4678 typus
3071 4607 3256 4678 esset,
3283 4610 3535 4664 Dominus
3564 4611 3682 4677 ipse
3707 4608 3795 4662 dic

2255 4677 2305 4747 in
2336 4677 2623 4747 Evangelia
2654 4696 2667 4731 :
2698 4679 2842 4732 Sicut
2868 4677 2996 4731 enim
3029 4680 3128 4746 fuit
3153 4677 3315 4734 Jonas
3340 4681 3390 4732 in
3417 4689 3584 4733 ventre
3610 4678 3713 4732 ceti
3741 4689 3796 4731 ιη

2253 4746 2342 4800 bus
2375 4746 2545 4801 diebus
2573 4759 2619 4802 et
2649 4749 2805 4802 tribus
2831 4750 3077 4808 noctibus,
3107 4751 3179 4802 sic
3204 4753 3297 4802 erit
3329 4749 3494 4804 Filius
3523 4749 3746 4802 hominis
3783 4751 3796 4799 i

2251 4819 2566 4891 cordegterra:
2591 4820 2754 4891 trilms
2769 4820 2942 4872 diebus
2963 4830 3007 4872 et
3032 4821 3189 4891 tribus
3215 4821 3440 4874 noctibus
3465 4818 3679 4891 (Matth.
3712 4819 3796 4873 XII

2250 4887 2362 5012 ⁸ιλξυ).
2401 4889 2478 4943 !lli
2513 4889 2583 4943 sit
2628 4889 2794 4960 gloria
2833 4897 2889 4945 et
2924 4889 3157 4959 potentia
3196 4890 3250 4944 in
3292 4887 3792 4946 secula'seculorun

2300 4974 2442 5012 men.

2300 4974 2442 5014 men.

2209 5085 3796 5107 4"————————————_—-—

593 5162 729 5229 VII.
775 5185 1063 5228 xsusneu
1095 5185 1155 5226 IN
1202 5183 1389 5225 ILLUD
1427 5185 1442 5224 :
1491 5183 1706 5225 SIMILE
1751 5183 1864 5227 EST
1907 5183 2156 5228 acervum

2260 5186 2549 5229 :anonuat
2591 5185 2802 5231 anno
2845 5188 3082 5232 smarrs
3129 5170 3384 5252 (Matth.
3424 5171 3596 5242 XIII,
3644 5173 3779 5251 31).

602 5332 776 5404 'Qnid
829 5334 1002 5404 majus
1049 5348 1214 5404 regno
1260 5333 1539 5398 caelorum,
1568 5341 1622 5387 et
1665 5332 1789 5404 quid
1841 5333 2014 5387 minus
2065 5342 2148 5388 est

607 5403 734 5461 rano
758 5403 994 5474 sinapis?
1017 5403 1282 5474 quomodo
1298 5406 1610 5458 immensum
1625 5403 1878 5457 caelorum
1903 5419 2145 5472 regnum.

607 5423 734 5461 ratio
758 5423 957 5474 smapts
977 5423 993 5458 ι
1017 5423 1282 5474 quomoao
1298 5423 1610 5458 Immensum
1625 5423 1878 5457 castorum
1903 5423 2145 5472 regnum.

569 5423 724 5532 facile
749 5476 1018 5530 metiendo
1048 5476 1506 5542 minutissimoque
1531 5489 1696 5542 grano
1717 5475 2067 5527 assimilavit?
2088 5474 2147 5528 Si

571 5564 698 5602 vero
728 5548 1114 5616 perpendamus
1138 5545 1263 5614 quid
1299 5547 1368 5600 sit
1401 5560 1621 5616 granum
1649 5545 1872 5612 sinapis.
1909 5545 2147 5616 inveniee

569 5633 692 5674 mus
715 5615 871 5687 quam
901 5617 1119 5686 pulchre
1141 5626 1196 5669 et
1217 5615 1506 5672 secundum
1534 5625 1772 5687 naturam
1804 5631 1966 5687 unum
1995 5615 2147 5687 alteri

569 5686 927 5757 comparetur.
957 5687 1090 5754 Quid
1135 5696 1218 5741 est
1259 5701 1479 5756 regnum
1523 5686 1780 5740 cwlorum
1810 5727 1823 5748 ,
1857 5686 1956 5757 ni_si
1978 5686 2148 5757 plane

569 5753 852 5818 Christus?
874 5753 1002 5816 dicit
1020 5757 1161 5816 enim
1187 5757 1256 5814 de
1274 5753 1484 5830 seipso:
1507 5760 1635 5811 Ecce
1657 5771 1864 5829 regnum
1890 5753 1985 5810 Dei
1998 5753 2148 5812 intra

2253 5350 2335 5387 vos
2365 5344 2434 5389 est
2465 5333 2611 5405 (Luc.
2643 5334 2798 5397 XVII,
2823 5335 2940 5401 2|).
2972 5335 3108 5400 Quid
3139 5346 3312 5388 autem
3357 5336 3530 5403 majus
3552 5345 3634 5390 est
3659 5335 3794 5392 Cbri

2251 5415 2336 5458 sto
2365 5406 2656 5459 secundum
2689 5405 2960 5469 deitatem,
2993 5419 3045 5458 ut
3075 5407 3387 5474 prophetam
3427 5406 3612 5460 audire
3641 5420 3730 5461 est
3754 5410 3795 5460 di

2252 5489 2458 5529 centem
2489 5493 2502 5528 :
2536 5474 2633 5528 Ilia
2659 5486 2729 5528 est
2763 5474 2894 5530 Dens
2923 5487 3110 5537 noster,
3141 5487 3185 5529 et
3215 5493 3313 5528 non
3338 5475 3668 5530 (animabitur
3699 5478 3795 5531 alii

2251 5547 2490 5599 adversus
2519 5562 2650 5598 eum.
2670 5544 2780 5616 iHic
2804 5549 3054 5599 adinvenit
3081 5562 3275 5599 onmem
3297 5547 3432 5616 piam
3461 5546 3796 5616 disciplima.

2253 5615 2460 5668 tradidit
2485 5615 2808 5670 illamJacob
2843 5634 2996 5684 puero
3043 5633 3155 5678 suo,
3197 5627 3243 5669 et
3286 5614 3450 5670 Israel
3485 5614 3667 5672 dilectu
3720 5637 3796 5673 sui

2255 5685 2380 5740 Post
2408 5687 2512 5740 [nec
2537 5694 2588 5740 in
2615 5690 2758 5739 terris
2785 5687 2916 5740 visus
2958 5697 3029 5740 est
3053 5727 3067 5749 ,
3097 5695 3142 5739 et
3167 5703 3279 5740 cum
3309 5688 3594 5742 hominibus
3624 5705 3796 5741 conm

2252 5767 2390 5812 satus
2431 5767 2500 5813 est
2549 5756 2804 5831 (Bal‘llt'll.
2853 5757 2912 5812 lll
2942 5799 2956 5824 ,
2985 5756 3207 5826 36-38).
3252 5756 3413 5812 lsaias
3441 5760 3598 5814 etiam
3647 5760 3714 5814 de
3744 5759 3796 5815 ill
