3818 6408
14 366 25 423 Ι
78 369 130 424 33

12 524 15 533 .
78 483 204 545 dicit,
216 484 484 539 concordi
498 499 631 539 voce
662 493 838 541 utens.
855 483 993 552 Quid
1022 487 1165 542 enim
1195 484 1311 540 ait?
1338 483 1620 540 Labor-vvit

12 580 13 589 ι
78 553 313 624 ﬁmus
347 565 399 608 et
431 556 810 623 negotiationes
841 556 1239 625 £tldopum,et
1268 555 1483 612 Sabaim
1519 556 1619 610 viri

78 625 387 678 sublimesad
406 636 461 678 te
475 627 861 683 transibunt.et
880 627 974 679 tibi
1005 640 1156 679 erant
1183 628 1339 684 servi.
1356 636 1405 679 et
1426 636 1540 689 post
1573 638 1622 681 te

80 692 381 745 ambulabunt
417 693 574 744 vincti
618 690 825 745 manicis
849 702 895 744 et
922 700 968 743 te
1003 691 1285 743 adorabunt
1315 692 1473 756 :quia
1506 706 1560 743 tu
1589 705 1636 742 te

12 804 13 807 η
80 764 301 816 [lustinus
329 761 470 816 Deus
491 802 508 824 ,
538 771 585 815 et
609 778 709 815 non
733 770 807 814 est
853 761 987 815 Deus
1017 772 1197 823 privter
1221 771 1284 812 te.
1321 759 1397 814 Tu
1422 762 1554 814 enim
1581 774 1635 814 es

12 840 13 843 “
78 832 213 893 Das.
266 843 318 887 et
363 834 744 899 nesciebamus,
773 831 908 886 Deus
957 832 1125 886 Israel
1169 831 1407 886 Salvator
1461 832 1480 894 (
1499 830 1629 887 Iani.

12 902 15 923 ⁷
77 904 212 962 XLV.
243 904 335 969 ιι,
362 903 483 972 15).
528 903 724 957 Beatus
764 904 925 957 etiam
978 903 1164 972 Petru§
1208 916 1392 957 vocent
1437 903 1630 956 emittit

12 996 19 1017 δ
72 977 289 1030 eamdem
318 969 775 1037 vim'babentem;
801 973 872 1028 ait
897 973 1038 1027 enim
1066 988 1081 1023 :
1114 969 1341 1033 Fratres.
1371 989 1461 1027 nec
1485 973 1631 1026 aliud

72 1063 226 1100 nomen
247 1056 325 1098 es:
350 1045 447 1098 sub
471 1043 595 1097 caelo
622 1044 797 1113 datum
840 1043 1119 1113 hominibus
1140 1085 1152 1104 ,
1179 1044 1232 1095 in
1264 1060 1363 1113 quo
1399 1053 1627 1111 oporteat

70 1134 145 1170 vos
184 1116 348 1170 salvos
377 1115 493 1181 ﬁeri
521 1116 538 1183 (
563 1115 672 1168 Act.
702 1112 791 1176 IV,
821 1115 938 1182 12).
967 1112 1104 1180 Quid
1131 1112 1304 1167 autem
1334 1116 1508 1169 minus
1544 1125 1627 1168 est

67 1188 258 1241 Christo
284 1185 581 1240 secundum
610 1185 986 1239 incarnationis
1014 1184 1487 1254 dispensationem,
1530 1186 1619 1254 qui

66 1259 210 1312 iactus
236 1263 323 1311 est
361 1255 571 1325 angelis
595 1265 646 1309 et
679 1254 980 1309 hominibus
1006 1253 1267 1308 inferior?
1288 1255 1434 1325 Αιιαί
1464 1253 1624 1325 Davi.

10 1352 13 1359 ι
64 1328 167 1381 deni
207 1324 479 1382 dicentem
517 1326 785 1394 quomodo
829 1327 995 1380 factus
1039 1326 1107 1378 sit
1147 1324 1349 1394 angelis
1402 1324 1619 1381 minor:

67 1398 184 1462 Quid
206 1408 278 1452 est
313 1398 470 1450 homo
490 1396 625 1464 quod
650 1412 839 1452 memor
859 1413 909 1450 es
944 1397 1051 1466 ejus
1071 1396 1097 1449 ?
1116 1405 1202 1446 aut
1240 1396 1376 1462 ﬁlius
1404 1396 1622 1451 hominis

62 1469 274 1534 quoniam
301 1469 479 1522 visitas
508 1468 665 1523 eum?
692 1468 915 1520 minuisti
932 1483 1045 1521 eum
1071 1468 1224 1533 paulo
1249 1466 1414 1520 minus
1440 1466 1503 1520 ab
1527 1482 1622 1520 an-

10 1548 11 1551 ‘
62 1540 164 1607 geli:
190 1538 365 1607 (Psal.
394 1536 535 1601 VIII,
566 1538 622 1598 5,
665 1536 742 1604 6).
787 1536 936 1604 Quod
978 1545 1154 1590 autem
1197 1536 1356 1589 David
1397 1538 1511 1592 haec
1552 1537 1620 1592 de

61 1609 248 1679 ilbristo
284 1610 558 1679 loquatur,
598 1609 791 1664 Paulus
832 1607 922 1661 tibi
969 1607 1229 1679 interpres
1270 1616 1350 1659 est
1390 1607 1614 1663 dicens:

64 1678 172 1732 Eun
194 1678 390 1745 autem,
412 1681 502 1747 qui
531 1679 727 1732 modico
753 1694 900 1748 quam
926 1678 1093 1747 angeli
1118 1678 1393 1748 minor-atus
1418 1687 1510 1748 est,
1538 1679 1616 1731 vi-

62 1754 207 1803 ttatus
243 1745 433 1804 lesan
457 1761 661 1818 prapter
698 1745 978 1817 passionem
998 1745 1188 1819 'mortis
1212 1746 1231 1819 (
1254 1745 1380 1800 lleb.
1431 1747 1609 1819 ".79).

61 1820 292 1876 Similiter
340 1816 505 1876 etiam
553 1816 853 1873 hominibus
893 1820 1069 1872 minor
1113 1816 1284 1872 factus
1328 1827 1430 1872 est.
1477 1818 1612 1887 Quid

59 1890 160 1945 dicit
183 1891 348 1946 Isaias
374 1893 400 1944 ’ἔ
440 1890 670 1945 Vidimus
689 1906 800 1943 eum
825 1932 839 1952 ,
871 1904 1026 1957 neque
1050 1897 1157 1940 erat
1182 1898 1432 1957 aspectus,
1459 1906 1616 1958 neque

58 1964 199 2026 acor,
228 1972 279 2016 et
306 1972 546 2031 aspectus
586 1962 696 2032 ejus
728 1960 836 2032 sine
877 1959 1097 2032 hortare,
1128 1967 1173 2032 ᾳ
1196 1958 1436 2032 deﬁciens
1458 1976 1613 2032 supra

57 2048 199 2085 emes
222 2028 653 2100 ﬁlivs—hominum
691 2029 855 2098 (lsai.
884 2028 1029 2092 LIII,
1052 2028 1110 2087 ‘2.
1137 2029 1171 2083 5
1193 2029 1229 2097 ).
1262 2028 1483 2100 Propter
1512 2030 1612 2085 hoc

8 2116 11 2121 -
58 2098 265 2158 seruiens
295 2119 359 2159 se
382 2118 602 2173 quoque
629 2100 933 2173 appellavit.
965 2099 1101 2173 Quid
1130 2100 1271 2173 enim
1298 2098 1610 2173 dicitiLEgo

53 2184 191 2226 utan
207 2190 326 2226 sum
347 2167 532 2228 verutis
558 2183 602 2226 et
627 2167 726 2227 non
750 2172 897 2225 homo
927 2173 943 2239 (
968 2167 1112 2223 Psal.
1141 2168 1262 2223 XXI
1281 2212 1296 2235 ,
1329 2170 1420 2239 7).
1449 2170 1517 2225 Et
1546 2167 1606 2226 in

54 2242 363 2307 loia,Pater
391 2244 467 2298 illi
497 2244 625 2297 dicit
655 2260 670 2296 :
700 2240 828 2297 Noli
852 2238 1044 2307 timere,
1069 2242 1248 2294 vermis
1263 2238 1424 2294 Iacob
1448 2238 1602 2308 (Isai.

54 2313 164 2375 ιιι.
192 2314 306 2384 ιι).
338 2314 417 2369 De
450 2314 652 2369 celebri
690 2315 806 2382 ejus
843 2321 1012 2366 morte
1051 2310 1607 2384 tn‘enticnatafacieus

52 2385 181 2438 dicit:
198 2376 275 2439 Et.
290 2385 665 2453 operimentum
682 2376 822 2436 tuum
844 2385 939 2436 erit
959 2381 1136 2435 vermis
1167 2376 1591 2453 (Isai.X|V,'II).

53 2454 267 2523 Oportuit
315 2449 464 2511 enim
497 2470 643 2519 eum,
674 2463 732 2508 ut
780 2453 1094 2524 piscatorem
1133 2449 1466 2520 prudentem,
1500 2449 1599 2524 lul-

52 2528 167 2587 ;euti
194 2526 358 2581 hamo
384 2526 681 2581 divinitatis
710 2522 1112 2593 circutnptinere
1142 2536 1372 2574 vermem
1404 2522 1599 2587 carnis,

50 2609 87 2649 et
130 2596 400 2653 dimittere
454 2598 508 2651 in
555 2594 870 2665 profundum
916 2591 1079 2665 hujus
1131 2593 1293 2653 vitse,
1323 2601 1480 2665 atque
1509 2594 1601 2665 _ita

52 2670 312 2723 draconem
344 2662 624 2734 inescare,
655 2675 713 2720 ut
738 2681 864 2720 vere
886 2663 1193 2734 impleretur
1219 2664 1359 2732 quod
1406 2665 1457 2734 in
1501 2662 1604 2734 ιρι»

52 2740 268 2793 scribitur
297 2756 314 2792 :
343 2740 425 2792 An
450 2732 719 2792 extrahere
757 2736 939 2806 poteris
964 2733 1232 2806 draconem
1249 2733 1475 2799 hamo?(
1503 2732 1603 2806 Job

56 2808 139 2870 ιι..
168 2809 257 2864 20.
293 2810 315 2879 )
354 2810 539 2864 Simile
581 2818 653 2861 est
678 2804 838 2879 igitur
866 2821 1074 2879 regnum
1099 2804 1513 2879 caelorumgrano
1528 2805 1600 2879 si-

6 2932 9 2937 .
51 2882 188 2947 rapis.
220 2875 375 2934 Dicet
406 2882 587 2949 itaque
605 2893 673 2933 ex
698 2875 1035 2932 audientibus
1073 2875 1263 2944 aliquis
1289 2893 1301 2928 :
1326 2876 1602 2949 Quomodo

51 2946 161 3003 idem
186 2949 361 3005 factus
386 2961 474 3005 est
500 2946 718 3018 regnum
740 2948 994 3004 caelorum
1020 2954 1073 3018 et
1090 2961 1319 3018 granum
1336 2946 1359 2998 ?
1378 2960 1600 3016 magnus

51 3032 90 3074 et
124 3036 316 3092 parvus
357 3015 631 3092 quomodo
672 3020 820 3092 idem!
867 3017 1035 3073 sunt?
1075 3015 1336 3092 Quoniam
1384 3026 1602 3086 propter

49 3089 445 3160 magnitudinem
495 3090 874 3145 misericordia:
917 3103 1039 3158 erga
1098 3089 1402 3157 ligmentnm
1445 3103 1600 3160 suum

4 3158 9 3165 ’
47 3158 267 3217 omnibus
296 3163 480 3216 omnia
518 3160 689 3217 factus
717 3170 834 3227 est,
861 3169 920 3214 ut
956 3160 1191 3213 lucretur
1219 3173 1424 3212 omnes.
1460 3159 1600 3214 Deus

46 3243 160 3296 erat,
184 3235 322 3287 sicut
351 3242 406 3288 et
451 3242 534 3287 est
570 3241 624 3289 et
664 3232 767 3287 erit
803 3246 899 3301 per
939 3242 1182 3285 naturam
1228 3231 1516 3301 propriam,
1546 3239 1601 3284 et

50 3308 186 3356 hoino
212 3304 386 3357 factus
409 3314 496 3358 est
520 3311 737 3372 pr0pter
772 3299 1006 3372 nostram
1036 3301 1282 3372 salutem.
1316 3299 1360 3353 0
1384 3300 1599 3354 altitudo

4 3438 7 3445 _
49 3374 311 3426 ὗήιὶαηηι
355 3371 622 3439 sapientite
653 3383 700 3427 et
735 3375 953 3428 mentite
978 3371 1075 3445 Dei
1099 3412 1115 3436 ,
1135 3385 1290 3445 quam
1318 3371 1599 3445 incompre-

48 3444 290 3514 iguilu'lia
330 3454 451 3499 sunt
471 3445 670 3514 judicia
706 3445 846 3514 ejus,
889 3453 936 3497 et
972 3440 1337 3514 inuestigabiles
1359 3444 1453 3494 via:
1490 3443 1598 3511 ejus

50 3512 197 3571 (Rom.
222 3514 319 3579 XI,
344 3516 440 3583 53)
467 3517 481 3569 !
510 3513 556 3569 0
582 3511 825 3584 granum,
854 3529 948 3583 per
974 3511 1116 3584 quod
1143 3511 1310 3584 factus
1330 3522 1413 3567 est
1439 3527 1595 3565 mun-

50 3586 148 3647 dus,
166 3602 255 3653 per
273 3582 429 3654 quod
443 3582 678 3640 tenebrae
695 3582 984 3653 dissipatae,
1001 3592 1056 3637 et
1081 3582 1315 3637 Ecclesia
1344 3592 1595 3638 renovata

51 3659 146 3727 est!
177 3656 285 3710 Hoc
330 3672 559 3727 granum
591 3657 838 3727 inqcruce
883 3668 1199 3727 suspensum
1238 3662 1435 3727 tantam
1489 3654 1595 3709 vim

54 3725 223 3788 habuit,
244 3736 304 3781 ut
326 3722 629 3796 quanquam
657 3725 830 3796 ipsum
851 3722 993 3781 esset
1018 3724 1271 3796 vinctum,
1291 3722 1452 3777 verbo
1475 3734 1593 3796 Iane

4 3840 5 3843 η
53 3808 139 3850 tum
166 3793 428 3868 latronem
459 3793 499 3850 a‘
516 3798 657 3868 ligno
680 3793 925 3868 raperet,
954 3804 1010 3850 et
1036 3794 1102 3868 ἰιι⁸
1121 3794 1336 3848 delicias
1364 3793 1592 3868 paradisi

52 3867 427 3924 circumferret:
454 3864 799 3938 hoc'granum
824 3868 889 3938 in,
904 3867 1069 3938 latere
1089 3864 1270 3938 lancea
1299 3865 1593 3938 perfossum

53 3938 438 3993 inmortalitatis
469 3934 649 4007 pctum
675 3937 975 3992 sitientibus
1003 3935 1277 4007 distillavit
1305 3934 1450 4007 :ihoc
1474 3949 1595 4005 gra-

54 4023 154 4061 num
179 4009 381 4077 sinapis
400 4025 430 4062 a
457 4005 600 4079 ligno
627 4008 857 4063 delatum
882 4017 936 4062 et
966 4008 1018 4079 in
1048 4005 1203 4060 horto
1231 4006 1458 4079 positum
1488 4014 1596 4061 ter-

55 4092 141 4131 rai
165 4075 379 4135 omném
405 4075 571 4134 raniis
598 4079 966 4134 obumbravit:
985 4078 1088 4132 hoc
1109 4075 1331 4147 granum
1360 4076 1411 4130 in
1440 4075 1595 4131 I‘orto

56 4154 273 4215 testium,
299 4150 511 4205 radices
537 4164 664 4205 suas
694 4150 747 4203 in
772 4147 1041 4204 infernum
1068 4147 1374 4211 demittens,
1404 4157 1455 4201 et
1477 4149 1592 4201 ani-

58 4233 141 4274 ω
216 4236 299 4275 ua:
343 4221 415 4275 ibi
460 4230 612 4276 erant
649 4235 829 4275 secum
863 4218 1164 4287 abripiens,
1196 4219 1331 4271 intra
1363 4216 1593 4274 triduum

58 4306 92 4337 ιει
122 4236 307 4345 argum
348 4291 471 4345 illas
500 4291 715 4345 retulit:
745 4289 847 4344 hoc
889 4305 1109 4345 eranum
1138 4288 1339 4345 sinapis
1367 4288 1417 4341 in
1450 4289 1593 4345 [iuno

58 4306 92 4337 In
122 4288 307 4345 celum
348 4291 471 4347 illas
500 4291 715 4346 retulit:
745 4289 847 4344 hoc
889 4305 1109 4360 granum
1138 4288 1339 4360 sinapis
1367 4288 1417 4341 in
1450 4289 1595 4358 ligno

55 4363 309 4416 contritum
334 4360 702 4417 adversarium
731 4360 886 4416 nohis
898 4358 1210 4428 serpentem
1245 4358 1465 4413 humore
1485 4361 1593 4415 acri

56 4431 257 4487 ﬁciens
280 4433 587 4488 obscuravit
605 4474 621 4496 ,
649 4442 705 4487 et
742 4430 1007 4485 infernum
1034 4446 1062 4484 a
1099 4443 1288 4484 somno
1316 4430 1552 4484 excitans
1575 4472 1589 4497 ,

56 4501 93 4553 ia
112 4503 352 4557 atmdcm
377 4520 538 4573 quem
569 4504 854 4571 reliquerat
878 4502 1053 4558 locum
1080 4501 1259 4573 redire
1277 4500 1469 4573 coegit.
1504 4501 1594 4573 Si:

58 4574 145 4625 vi}:
184 4574 343 4643 igitur
387 4571 463 4628 est
503 4589 713 4644 regnum
752 4572 992 4644 cmlorum
1035 4588 1195 4644 graao
1218 4572 1431 4644 sinapis,
1460 4571 1595 4641 quod

288 4644 443 4698 Inoino
458 4641 715 4699 seminavit
739 4644 792 4697 in
818 4643 962 4696 horto
983 4657 1096 4697 suo.
1123 4641 1333 4696 Semina
1357 4641 1457 4697 hoc
1475 4658 1596 4712 gra-

58 4727 153 4766 ium
175 4714 371 4783 sinapis
398 4716 451 4769 in
475 4717 628 4770 horto
651 4716 843 4767 animae
860 4723 981 4777 tuae,
1010 4722 1068 4766 ut
1092 4721 1148 4766 tu
1175 4726 1385 4783 quoque
1406 4713 1552 4767 dicas
1577 4731 1592 4769 :

58 4786 208 4855 auge,
230 4786 443 4855 Aquilo,
465 4798 511 4840 et
534 4786 669 4852 veni,
695 4783 1091 4855 Auster,7per]la
1109 4784 1315 4855 hortum
1342 4798 1526 4855 meum.
1548 4793 1595 4837 et

59 4801 208 4851 auge,
230 4801 443 4855 nquito,
465 4801 511 4840 et
534 4801 669 4852 vent,
695 4801 896 4847 auster,
964 4801 1091 4853 erpa
1113 4801 1315 4835 nonum
1342 4801 1526 4841 meum.
1548 4801 1594 4837 et

59 4853 186 4917 μω
221 4867 457 4910 aromata
500 4872 611 4909 mea
659 4855 842 4924 (Cant.
872 4801 976 4919 ΗΓ,
1022 4852 1148 4925 16).
1178 4853 1235 4908 Si
1267 4855 1368 4925 hoc
1395 4854 1594 4923 sinapis

58 4938 238 4989 meum
266 4925 469 4982 habeas
492 4930 543 4980 in
563 4923 718 4980 horto
737 4928 929 4980 animas
956 4934 1080 4988 tum,
1098 4923 1238 4979 dicet
1266 4923 1356 4977 tibi
1385 4940 1594 4995 quoque

58 4996 276 5067 Propheta
302 5015 317 5049 :
348 4997 416 5050 Et
444 5000 542 5051 eris
577 4998 718 5067 quasi
747 4997 922 5050 hortus
946 4996 1169 5067 irrigans
1188 5037 1202 5060 ,
1233 5003 1280 5048 et
1306 4996 1429 5067 sicut
1457 4998 1591 5067 fons,

59 5066 173 5139 flius
194 5083 293 5122 non
318 5067 552 5136 deﬁcient
578 5063 721 5138 aqua
745 5068 764 5139 (
789 5067 916 5122 [δαί.
942 5063 1119 5131 LVIII,
1154 5067 1214 5120 ll
1232 5069 1279 5139 4).
1312 5066 1368 5120 Si
1396 5063 1595 5123 habeas

58 5131 135 5191 hoc
171 5131 393 5208 granum
422 5139 478 5193 in
521 5131 679 5193 horto
715 5131 906 5193 animae
950 5147 1159 5208 tu:e,et
1195 5137 1311 5205 ejus
1342 5139 1593 5207 unguenti

58 5206 282 5279 pniéeps
307 5210 405 5273 sis,
435 5210 527 5264 tibi
552 5210 712 5264 etiam
746 5208 953 5279 dicitur
962 5226 984 5279 _:
1018 5206 1596 5279 Odor-vestimentorum

59 5275 375 5351 horum'simt
391 5280 518 5334 odor
533 5281 696 5334 thuris
713 5278 883 5351 (Cant.
902 5275 1040 5351 ,ΝΑ
1053 5279 1077 5332 1
1090 5320 1105 5344 ,
1120 5277 1213 5351 12,
1238 5278 1351 5347 13);
1375 5276 1476 5351 hoc
1490 5288 1591 5343 est,

58 5349 254 5406 mium
269 5362 481 5406 tuarum
497 5352 631 5405 odor
650 5358 710 5404 ut
724 5349 859 5405 odor
875 5349 1044 5403 thuris
1072 5366 1085 5401 :
1107 5350 1278 5402 hortus
1300 5349 1593 5415 conclusus,

62 5426 147 5479 ιω
170 5424 413 5490 signatus,
456 5424 745 5490 emissiones
774 5430 891 5474 tute.
926 5420 1036 5474 Hoc
1059 5433 1281 5490 granum
1311 5420 1510 5488 sinapis
1540 5421 1593 5473 in

60 5490 171 5556 htuo
193 5488 478 5547 contritum
505 5499 563 5546 et
579 5488 899 5546 fermentum
936 5488 1131 5545 factum
1161 5489 1227 5544 ab
1250 5491 1444 5543 artium
1482 5506 1599 5544 oin-

61 5572 174 5614 m
200 5565 364 5631 perita
396 5572 455 5617 et
477 5561 765 5616 immortali
791 5563 1073 5631 sapientia,
1103 5562 1327 5617 mixtum
1355 5574 1473 5616 cum
1505 5562 1596 5615 tri-

60 5630 127 5681 tu
142 5630 319 5699 {enim
343 5633 491 5699 satis,
521 5631 625 5686 hoc
648 5640 733 5685 est
753 5673 770 5695 ,
801 5630 997 5695 anima,
1030 5646 1253 5701 corpore
1282 5641 1336 5687 et
1363 5633 1555 5702 spiritu
1576 5673 1592 5699 ,

60 5705 195 5772 ῃωω
227 5718 397 5772 genus
426 5704 719 5757 humanum
750 5703 801 5757 in
833 5717 991 5757 uuam
1033 5703 1190 5757 ﬁdem
1234 5702 1594 5759 fermentavit.

59 5765 187 5834 “an:
226 5765 469 5844 mysterii
510 5773 796 5844 imaginem
838 5773 1105 5830 Abraham
1153 5781 1209 5830 et
1248 5774 1363 5844 ejus
1403 5773 1599 5842 cttnjux

1334 389 1582 449 SPURIA
1615 386 1929 459 QUIEDAM

3220 397 3292 452 ει

1732 501 2261 577 Barahabitantesin
2284 503 2521 577 tentoria
2539 504 2644 577 sub
2664 517 2870 577 quercu
2890 502 3133 577 Mambre
3162 523 3294 577 pro-

1731 575 1864 643 priis
1885 573 2137 645 manibus
2160 574 2738 645 pinxerunt.Cogimur
2756 575 2921 637 enim,
2946 589 2979 629 ο
3001 573 3206 639 dilecti,
3235 580 3291 633 in

1731 658 1979 716 sermone
1997 643 2385 713 digressionem
2411 643 2604 716 facere.
2618 645 2752 716 Quis
2773 645 2846 698 sit
2865 645 3157 708 Abraham,
3172 663 3293 716 qua:

1730 715 1885 786 Sara,
1917 714 2482 786 qu_m_quercus,gquid
2520 715 2842 778 tentoriutn,
2871 717 2954 786 vel
2986 717 3080 786 qui
3122 714 3292 786 panes

1728 783 2073 855 subcinericii
2102 800 2115 837 :
2141 797 2309 851 quare
2338 783 2408 837 ibi
2440 793 2552 838 tres
2578 797 2847 855 mensura;
2878 783 3217 855 similaginis,
3238 795 3295 841 et

1730 853 1816 922 hic
1837 853 2045 915 farinae,
2061 866 2282 907 necesse
2295 860 2379 907 est
2397 853 2989 922 accuratedisquirere.
3005 853 3143 921 Quid
3167 865 3290 909 tan—

1726 919 1846 992 dem
1882 929 1966 992 est
1996 922 2302 992 Abraham?
2326 919 2793 992 explicaturpater
2814 919 3291 978 electus‘multitu—

1727 991 1891 1044 diuis.
1925 989 2059 1056 Quis
2086 1006 2212 1045 vero
2241 989 2405 1060 fuerit
2443 1003 2591 1060 pater
2612 989 2839 1053 eiectus,
2870 993 2972 1047 nisi
3008 993 3194 1049 Dens?
3223 996 3291 1049 de

1725 1075 1834 1132 quo
1856 1060 2061 1132 dictum
2084 1069 2200 1115 est:
2230 1059 2293 1113 In
2329 1059 2530 1132 omnem
2558 1071 2760 1132 terram
2782 1062 2943 1132 exivit.
2964 1080 3121 1116 sonus
3151 1063 3289 1132 cjtts,

1724 1125 1851 1182 etin
1875 1130 2006 1201 ﬁnes
2036 1131 2176 1201 orbis
2206 1140 2356 1183 terra:
2383 1131 2534 1184 verba
2559 1130 2670 1200 ejus
2699 1125 2973 1201 (Rom._X,
3009 1132 3119 1201 18).
3147 1125 3290 1198 Quid

1726 1207 1904 1251 autem
1939 1199 2103 1269 Sara?
2124 1201 2424 1269 explicatur
2451 1198 2763 1269 imperatrix
2795 1208 2849 1253 et
2870 1198 3105 1256 doctrix.
3133 1200 3291 1268 Quie-

1724 1282 1849 1321 nam
1870 1284 1999 1324 vero
2018 1268 2785 1339 fueritnostrumiiniperatrix
2820 1278 2874 1322 et
2912 1271 3149 1333 ductrix,
3183 1272 3290 1326 nisi

1764 1352 1948 1408 rorsus
1972 1339 2234 1408 sapientia
2254 1338 2467 1395 Patris?
2486 1338 2624 1405 Quid
2645 1339 2935 1394 tentorium
2958 1340 3061 1394 sub
3084 1355 3288 1408 quercu

1779 1407 1994 1461 ambre‘t
2013 1407 2157 1463 certe
2176 1410 2416 1463 Ecclesia
2436 1422 2463 1461 a
2487 1424 2648 1464 cruce
2666 1417 2828 1463 tecta.
2848 1410 2993 1463 Crux
3017 1407 3292 1466 assimila-

1723 1483 1813 1547 t_ur
1836 1479 2086 1547 quercui,
2119 1493 2184 1532 eo
2211 1478 2355 1547 quod
2380 1480 2581 1546 lignum
2613 1479 2846 1532 validum
2878 1480 3021 1533 sitet
3053 1480 3287 1533 firmum.

1723 1545 2261 1619 Quidtresmensur-je
2281 1545 2633 1619 similaginis?
2656 1548 2876 1602 omnino
2895 1563 3052 1612 sane,
3079 1558 3138 1602 ut
3163 1558 3291 1603 ante

1719 1617 1850 1679 dixi,
1874 1627 2064 1688 natura
2096 1619 2349 1688 humana,
2380 1633 2443 1671 ex
2468 1617 2649 1671 anima
2672 1627 2721 1670 et
2749 1619 2939 1685 spiritu
2961 1627 3015 1672 et
3061 1633 3291 1688 corpore

1721 1694 1997 1739 constans.
2012 1684 2083 1757 Ita
2096 1687 2238 1740 enim
2255 1702 2353 1741 nos
2367 1684 2870 1757 docuitApostolus.
2890 1688 3077 1743 dicens
3102 1707 3115 1741 :
3152 1684 3291 1742 Deus

1722 1770 1839 1824 vero
1857 1755 2116 1824 custodiat
2135 1771 2322 1824 corpus
2341 1766 2598 1821 nostrum,
2612 1755 2664 1809 et
2700 1759 2950 1817 animam,
2969 1768 3014 1811 et
3045 1759 3289 1823 spiritum

1724 1824 1766 1894 (I
1795 1823 1971 1896 Thess.
2005 1823 2067 1885 ν,
2105 1823 2233 1892 25),
2259 1827 2467 1896 Accipit
2495 1828 2659 1896 igitur
2686 1828 2954 1895 sapientia
2991 1828 3082 1882 Dei
3128 1826 3287 1891 Sara,

1720 1895 1930 1967 ductrix
1967 1896 2082 1949 sive
2120 1895 2730 1967 iniperatrix;accipit,
2772 1898 3011 1965 inquam.
3062 1911 3283 1967 corpus,

1720 1964 1954 2040 animam
1982 1973 2035 2018 et
2057 1965 2329 2040 spiritum,
2348 1974 2416 2040 _et_
2440 1966 2723 2040 abscondit
2752 1966 2804 2018 in
2842 1964 3143 2040 igne;‘boc
3162 1964 3284 2029 'est,

1720 2030 2061 2087 inexstincta-
2089 2030 2361 2088 divinitati
2395 2035 2538 2088 faces
2567 2030 2887 2104 praa'lerens':
2914 2045 2968 2088 et
3002 2034 3131 2089 facit
3177 2046 3289 2090 tres

1758 2108 1889 2156 anes
1908 2113 2170 2168 secretos,
2194 2104 2295 2157 hoc
2323 2113 2406 2158 est
2436 2106 2489 2157 in
2524 2113 2732 2159 secreto
2754 2106 2934 2158 carnis
2955 2114 3187 2170 nostrae,
3231 2105 3288 2159 in

1744 2174 1934 2241 fatrem
1945 2183 1995 2226 et
2018 2170 2212 2225 Filium
2234 2183 2286 2226 et
2310 2171 2572 2241 Spiritum
2594 2182 2839 2226 sanciunt
2860 2173 3285 2229 confessionem.

1717 2239 2032 2314 Qpportune
2058 2242 2233 2314 vobis,
2259 2257 2292 2295 ο
2321 2239 2525 2304 dilecti,
2555 2242 2751 2297 lectum
2794 2252 2878 2297 est
2913 2243 3284 2314 Evangelium.

1716 2307 2060 2365 Fermentum
2121 2311 2176 2363 in
2247 2327 2415 2379 panes
2468 2320 2888 2377 transmittatur,
2940 2307 3165 2381 gran'nm
3231 2317 3287 2367 in

1708 2381 1853 2452 olera
1897 2398 1911 2435 :
1956 2396 2120 2452 panes
2172 2395 2302 2437 vero
2345 2390 2400 2437 et
2442 2383 2586 2437 olera
2642 2384 2964 2450 jcjuniorum
3013 2398 3135 2440 sunt
3173 2388 3292 2441 via-

1710 2450 1808 2505 tica
1837 2452 1944 2526 :ad
1962 2450 2097 2526 quae
2147 2467 2244 2507 nos
2289 2453 2501 2526 dirigat;
2528 2452 2956 2526 lioniinnalesus
2974 2457 3090 2511 sine
3109 2459 3285 2526 culpa,

1707 2537 1827 2601 cum
1873 2521 2060 2593 jejuuii
2104 2538 2327 2601 cursum
2369 2521 2700 2601 canticimns.
2735 2523 2917 2601 Simile
2959 2521 3289 2601 qﬂftguitm

1707 2592 2132 2665 omlorumagrano
2160 2594 2371 2663 sinapis.
2400 2592 2520 2665 Vim
2553 2592 2709 2662 hujus
2735 2595 3095 2651 similitudinis
3132 2592 3288 2653 nullo

1704 2662 1811 2717 alio
1848 2662 2007 2718 modo
2037 2662 2329 2733 poterimus
2364 2664 2680 2729 concipere,
2721 2665 2822 2719 nisi
2860 2667 3005 2734 prius
3032 2669 3287 2723 substan-

1707 2734 2171 2807 tiamtcolorem,
2205 2744 2259 2789 et
2284 2734 2695 2807 magnitudinem
2742 2736 2941 2805 sinapis
2984 2742 3286 2807 perpenda-

1706 2818 1844 2858 mus.
1864 2804 1957 2859 Est
1975 2806 2117 2859 enim
2133 2806 2300 2875 sinapi
2324 2806 2463 2859 mole
2482 2806 2695 2878 quidem
2718 2804 2934 2874 parvum
2955 2804 3283 2878 {postquam

1706 2890 1831 2927 vero
1872 2883 2043 2930 satum
2086 2885 2141 2930 et
2178 2887 2355 2929 natum
2396 2884 2510 2941 est,
2551 2876 2697 2930 olera
2734 2878 2910 2930 omnia
2953 2876 3284 2935 incremento

1707 2954 1944 3017 superat,
1975 2956 2140 3017 atque
2164 2946 2442 3001 altitudine
2466 2961 2841 3014 ramorumque
2859 2949 3009 3017 copia
3030 2959 3085 3004 et
3107 2952 3285 3005 multi-

1706 3015 1885 3070 tudine
1928 3015 2171 3071 foliorum
2201 3026 2390 3071 caetera
2411 3017 2571 3070 vincit
2602 3035 2616 3070 :
2647 3019 2886 3071 umbram
2916 3015 3057 3073 enim
3083 3021 3270 3082 efticit.

1704 3086 1838 3162 adeo
1866 3095 1923 3162 t_tt
1952 3101 2078 3142 aves
2096 3086 2402 3162 advolantes
2425 3086 2629 3157 possint
2656 3087 2888 3162 insidere
2912 3098 2966 3144 et
2988 3090 3075 3162 illa
3101 3094 3284 3162 quiete

1705 3154 1828 3230 frui.
1860 3155 2026 3211 Gustu
2053 3173 2264 3228 quoque
2290 3154 2483 3213 bonum
2528 3169 2605 3212 est
2631 3157 2803 3224 valde,
2836 3169 2889 3214 ει
2909 3154 3163 3230 qualitate
3190 3178 3282 3218 ca-

1704 3224 1910 3294 lidum,
1941 3224 2099 3298 atque
2140 3224 2205 3282 ad
2244 3230 2494 3283 interiora
2536 3230 2769 3283 sanando
2808 3224 3009 3300 aptum.
3039 3231 3282 3288 Hominis

1705 3307 1930 3365 tantum,
1976 3300 2277 3370 nulliusque
2318 3300 2539 3353 alterius
2586 3300 2829 3354 animalis
2878 3302 3028 3356 cibus
3073 3315 3174 3358 est.
3221 3305 3277 3359 In

1702 3370 1984 3440 superﬁcie
2011 3370 2183 3424 rufum
2212 3378 2294 3424 est
2313 3411 2328 3435 ,
2362 3371 2502 3424 intus
2530 3384 2658 3424 vero
2683 3370 2858 3424 album
2886 3385 3122 3439 apparet.
3152 3374 3279 3429 Haec

1701 3451 1785 3493 est
1812 3441 1971 3495 oleris
2001 3452 2206 3503 natura,
2234 3451 2288 3495 et
2316 3440 2535 3494 seminis
2556 3440 2877 3494 encomium.
2917 3442 2972 3497 Si
3005 3459 3132 3497 vero
3162 3461 3275 3500 rem

1702 3523 1945 3565 accurate
1968 3511 2263 3580 disquirere
2288 3510 2531 3581 velimus,
2556 3511 2948 3579 comperiemus
2970 3514 3275 3581 parabolam

1702 3581 1801 3649 ipsi
1821 3581 2090 3654 Servatori
2112 3589 2436 3654 competere.
2454 3580 2549 3634 Est
2572 3581 2713 3654 enim
2736 3581 2823 3654 ille
2844 3580 3037 3650 parvus
3050 3597 3278 3654 conspe-

1703 3660 1811 3715 ctu,
1839 3652 2013 3706 brevis
2041 3652 2092 3705 in
2124 3651 2226 3705 hoc
2240 3651 2467 3718 mundo,
2497 3660 2550 3705 et
2577 3653 2629 3704 in
2656 3653 2792 3722 cmlo
2805 3668 3046 3722 magnus.
3078 3651 3278 3711 Ilic'est

1702 3721 1868 3777 Filius
1900 3722 2126 3776 hominis
2161 3731 2215 3776 et
2265 3722 2402 3775 Deus
2429 3764 2440 3779 .
2473 3736 2591 3776 cuin
2619 3723 2686 3775 sit
2718 3721 2881 3775 Filius
2902 3721 2998 3778 Dei
3024 3741 3038 3775 :
3067 3724 3150 3779 hic
3178 3744 3278 3780 ηιι-

1703 3807 1877 3847 meros
1902 3808 2087 3847 omnes
2112 3802 2319 3862 superat
2342 3834 2357 3855 ,
2387 3804 2617 3855 aeternus
2642 3805 2742 3854 εει,
2777 3794 3074 3859 invisibili<,
3103 3799 3273 3851 caele-

1701 3865 1817 3933 stis.
1847 3865 1934 3933 qui
1962 3866 2029 3918 ab
2053 3862 2355 3918 hominibus
2387 3873 2589 3917 tantum
2616 3863 2857 3917 ﬁdelibus
2886 3864 3268 3921 manducatur:

1701 3932 1787 3988 hic
1812 3932 2076 4006 contritus!
2110 3935 2241 4006 fuit,
2267 3942 2320 3988 et
2344 3944 2465 4004 pust
2481 3934 2789 4006 passionem
2816 3933 2986 3989 factus
3011 3945 3095 3990 est
3118 3938 3275 3992 albus
3316 3998 3327 4006 ,

1700 4006 1837 4059 sicut
1876 4004 1957 4060 lac
1990 4024 2002 4059 :
2029 4004 2113 4060 hic
2143 4004 2312 4073 major
2337 4013 2420 4057 est
2446 4005 2563 4058 aliis
2588 4005 2835 4059 omnibus
2876 4006 3108 4062 oleribus
3138 4025 3151 4059 :
3185 4008 3272 4063 hic

1699 4085 1780 4146 εει
1811 4074 2127 4130 indivisibile
2153 4076 2323 4129 Patris
2348 4075 2580 4129 Verbum
2613 4093 2624 4126 :
2655 4075 2741 4129 hic
2765 4084 2847 4129 est
2871 4076 2922 4130 in
2949 4091 3056 4146 quo
3080 4077 3274 4133 volati-

1699 4145 1767 4199 lia
1797 4147 1915 4200 coeIi
1956 4146 2287 4209 inhabitant;
2316 4146 2587 4215 pr0pheta:
2613 4148 2861 4200 nimirum
2882 4186 2897 4211 ,
2952 4145 3176 4217 apostoli
3219 4160 3276 4204 et

1699 4232 1885 4271 omnes
1921 4218 2008 4288 qui
2052 4217 2229 4288 vocati
2260 4225 2424 4288 sunt:
2460 4217 2545 4271 hic
2588 4226 2671 4270 est
2715 4217 2804 4285 qui
2842 4218 3034 4272 anima:
3077 4228 3275 4273 nostra:

1699 4288 1913 4342 morbos
1939 4285 2132 4343 'calore
2173 4285 2271 4341 sibi
2305 4288 2517 4357 proprio
2557 4294 2834 4355 repurgat,
2862 4288 2963 4342 sub
3003 4300 3111 4355 quo
3149 4303 3276 4343 rore

1700 4360 2048 4429 aspergimur,
2076 4357 2175 4412 sub
2194 4374 2299 4428 quo
2321 4358 2388 4410 ab
2416 4359 2571 4422 hujus
2595 4360 2773 4410 mundi
2800 4357 3012 4412 fervore
3034 4362 3273 4429 contegi-

1700 4442 1821 4481 mnr
1855 4447 1867 4481 :
1894 4430 1979 4484 hic
2004 4438 2084 4483 est
2113 4429 2201 4496 qui
2232 4444 2325 4496 per
2364 4437 2586 4481 mortem
2619 4429 2669 4479 in
2696 4437 2833 4481 terra
2869 4438 3015 4481 satus
3057 4438 3171 4494 est,
3217 4440 3277 4483 et

1700 4498 1772 4552 ibi
1805 4498 2030 4553 fructum
2060 4501 2193 4561 tulit,
2220 4506 2338 4567 post
2366 4499 2594 4552 triduum
2616 4506 2827 4551 sanctus
2852 4513 2914 4552 ex
2942 4508 3270 4553 mortuorum

1701 4570 1959 4637 sepulcris
1987 4571 2259 4623 suscitavu
2286 4586 2299 4622 :
2328 4568 2413 4623 hic
2449 4580 2529 4622 est
2568 4568 2659 4638 qui
2689 4583 2783 4637 per
2825 4571 3273 4625 resurrectionem

1701 4640 1950 4710 clunibus
1993 4640 2263 4710 prophetis
2292 4640 2461 4709 major
2502 4641 2743 4709 apparuit
2774 4657 2788 4693 :
2822 4640 2907 4693 hic
2945 4650 3028 4693 εει
3061 4643 3148 4709 qui
3179 4654 3274 4710 per

1701 4709 1970 4764 efﬂuvium
1998 4709 2169 4764 Patris
2197 4711 2373 4765 omnia
2403 4721 2579 4765 servat
2607 4727 2621 4764 :
2653 4710 2738 4765 hic
2762 4720 2845 4765 est
2869 4711 2955 4779 qui
2980 4725 3009 4763 a
3038 4709 3272 4766 terraad

1700 4783 1867 4837 caelos
1890 4780 2144 4846 efﬂoruit,
2173 4781 2262 4851 qui
2289 4782 2341 4835 in
2369 4782 2589 4851 proprio
2613 4795 2742 4849 agro
2771 4789 3060 4836 scunnatus
3088 4791 3187 4845 est,
3217 4783 3271 4836 in

1702 4853 1902 4908 mundo
1927 4853 2152 4923 scilicet,
2174 4862 2227 4908 et
2251 4866 2343 4923 eos
2366 4854 2530 4923 quiin
2554 4867 2613 4906 se
2637 4851 2927 4906 credebant
2953 4851 3094 4923 Patri
3118 4854 3276 4905 obtu-

1700 4924 1781 4979 lit.
1810 4923 1855 4979 0
1883 4939 2066 4979 semen
2089 4922 2209 4977 vit:e
2231 4937 2261 4976 a
2293 4921 2400 4977 Deo
2425 4924 2578 4977 Patre
2603 4924 2654 4975 in
2684 4933 2823 4977 terra
2851 4921 3206 4977 seminatuinl
3238 4937 3275 4977 ο

1701 4994 2114 5050 immortalitatis
2141 5008 2355 5063 germen
2382 5008 2411 5047 a
2439 5003 2489 5048 te
2518 4996 2742 5047 nutritos
2769 5009 2889 5048 eum
2936 4995 3043 5047 Deo
3080 5007 3273 5046 recon-

1700 5066 1922 5121 cilians!
1954 5082 1986 5121 o
2013 5066 2171 5120 arbor
2194 5064 2400 5135 excelsa
2422 5106 2438 5131 ,
2466 5081 2585 5135 qua:
2624 5078 2651 5115 ιι
2683 5065 2800 5119 solo
2844 5066 3000 5119 Patre
3040 5064 3272 5119 colitur!

1700 5137 1828 5191 llasc
1867 5137 2025 5191 arbor
2050 5151 2113 5189 ex
2143 5134 2305 5190 corde
2349 5135 2518 5190 Patris
2561 5142 2676 5190 orta
2702 5144 2817 5199 est,
2849 5137 2962 5188 haec
3004 5135 3163 5187 arbor
3204 5148 3274 5189 ex

1704 5207 1969 5262 thesauris
1996 5207 2385 5277 Omnipotentis
2423 5205 2657 5261 efﬂoruit
2685 5224 2699 5259 :
2730 5206 2843 5259 bzec
2871 5205 3031 5277 arbor
3049 5207 3109 5277 in
3135 5206 3276 5260 cteln

1702 5278 1907 5332 radices
1934 5277 2113 5344 habet,
2145 5275 2196 5333 in
2226 5278 2422 5331 mundo
2447 5287 2619 5331 autem
2646 5291 2929 5344 apparens,
2953 5275 3020 5329 ab
3047 5275 3274 5330 homini-

1702 5349 1801 5405 bus
1827 5349 2146 5415 decerpitur.
2177 5350 2221 5403 Ο
2248 5349 2423 5417 planta
2467 5363 2586 5417 quae
2613 5349 2665 5400 in
2693 5357 2831 5401 terra
2871 5349 2981 5400 visa
3006 5354 3110 5410 est,
3140 5357 3195 5401 et
3221 5349 3276 5401 in

1702 5420 1855 5474 caelis
1895 5418 2157 5473 effloruit!
2198 5436 2230 5471 ο
2254 5434 2437 5473 semen
2477 5434 2693 5486 parvum
2737 5418 2949 5489 quidem
2978 5431 3275 5487 apparens,

1702 5490 1841 5559 apud
1884 5490 2092 5545 Patrem
2140 5499 2315 5545 autem
2360 5491 2527 5559 majus
2578 5490 2859 5546 omnibus!
2910 5490 3018 5542 lloc
3056 5502 3276 5559 germen

1703 5564 1865 5616 etiam
1898 5561 1951 5615 in
1977 5559 2185 5616 inferno
2210 5561 2432 5615 mortuis
2460 5569 2703 5614 exortum
2728 5569 2809 5613 est
2840 5577 2854 5613 :
2889 5559 3048 5628 hujus
3072 5559 3276 5614 fructus

1704 5632 1801 5687 fuit
1844 5632 2112 5686 hominum
2155 5632 2518 5686 resurrectio:
2548 5632 2649 5684 hoc
2694 5631 2850 5684 morti
2893 5630 3073 5698 injecit
3114 5630 3275 5683 telum

1705 5703 2034 5758 mortiferum
2069 5721 2083 5756 :
2113 5703 2214 5758 hoc
2240 5702 2529 5757 adorarunt
2549 5700 2729 5755 tartari
2754 5702 3001 5770 parietes,
3025 5702 3269 5770 genu'avis

1706 5772 2022 5831 ﬂectendum
2069 5772 2378 5829 inclinantes
2407 5790 2422 5827 :
2451 5772 2606 5841 hujus
2636 5768 2772 5825 rami
2808 5780 2976 5825 totum
3019 5768 3273 5829 mundum
