3818 6416
527 355 603 414 25
1871 347 2094 406 SPURU

2211 349 2484 408 UEDAM.
3713 355 3793 412 28

524 465 909 523 adumlirarunt
933 481 945 517 :
971 463 1072 519 hoc
1090 478 1117 517 a
1140 461 1338 532 Spiritu
1362 468 1556 532 sancto
1571 467 1844 532 movetur:
1868 459 1971 516 hoc
1992 475 2101 518 non

527 538 692 608 tangit
735 546 896 590 aestus
939 534 1132 588 nimius
1177 530 1197 587 ἱ
1239 532 1339 608 sub
1380 530 2094 608 ltacplantmoblecterisjt

522 601 747 662 choreas
771 607 934 661 ducas
959 619 1078 660 cum
1105 603 1327 673 angelis,
1357 601 1658 672 gloriﬁcans
1687 601 1898 656 Patrem
1919 611 1973 656 et
2006 601 2098 657 Fi-

523 819 690 881 Vlll.
738 835 1023 878 EJUSDEM
1066 832 1130 877 tN
1175 834 1401 912 1.11.00,
1446 834 1502 877 ει
1545 833 1670 886 oua
1713 835 1778 877 11v
1821 833 2115 890 cantsro,
2161 833 2327 878 nova
2369 833 2703 877 cunnum
2749 834 2765 875 :

2206 464 2332 538 lium
2359 477 2409 522 et
2458 465 2715 538 Spiritum
2735 473 2998 530 sanctum,
3024 479 3164 522 nunc
3190 474 3244 522 et
3271 477 3504 538 semper,
3533 476 3586 522 et
3611 467 3666 522 in
3695 483 3790 523 sco

2197 536 2316 590 cula
2341 538 2662 594 seculorum.
2691 537 2884 592 Amen.

2813 833 3058 878 νπηιιλ
3085 836 3525 882 TRANSIEBUNT
3548 843 3565 892 ς
3614 840 3783 886 ECCE

1382 941 1547 985 nova
1589 940 1788 984 FACTA
1827 940 1986 982 sum
2028 940 2224 983 onum
2273 921 2356 1001 (II
2383 920 2534 982 Cor.
2571 920 2647 990 V,
2682 918 2911 1002 17)(α).

592 1072 776 1142 Magna
801 1071 1014 1139 quidem
1045 1067 1311 1138 diligentia
1359 1065 1585 1142 agricola
1604 1065 1823 1142 _semina
1869 1067 2089 1142 spargit,

520 1137 800 1212 postquam
821 1137 824 1139 ’
845 1159 1027 1196 arvum
1058 1137 1404 1208 expurgatum
1436 1137 1685 1212 .viderit‘;
1717 1145 1770 1190 et
1798 1150 1895 1212 nec
1920 1140 2095 1212 spina-

519 1207 636 1269 rum
661 1207 873 1282 copiam
903 1213 1112 1274 adesse,
1132 1207 1259 1279 qua:
1290 1209 1620 1282 nascentium
1647 1207 1900 1282 impediat
1925 1207 2096 1282 incre-

521 1275 779 1344 mentum,
801 1300 971 1352 neqtte
1000 1275 1248 1349 lapidem,
1273 1280 1358 1352 qui
1389 1291 1620 1330 aratrum
1643 1275 1903 1352 offendat:
1929 1275 2096 1344 major

515 1367 690 1408 autem
721 1347 944 1407 facilitas
987 1347 1070 1408 est
1107 1354 1153 1404 ei
1201 1350 1288 1419 qui
1338 1363 1635 1419 sermonem
1669 1347 1964 1414 prolaturus
1991 1357 2092 1412 est,

515 1441 636 1482 cum
669 1434 903 1492 paratum
943 1416 1237 1476 auditorem
1271 1419 1477 1492 viderit.
1509 1416 1678 1473 Video
1720 1418 1860 1492 enim
1909 1433 2094 1492 arvum

515 1489 818 1565 purgatum,
863 1511 1033 1560 neque
1061 1493 1260 1565 uspiam
1283 1489 1543 1565 ρειβιιίηιι
1573 1489 1874 1565 germinans
1905 1505 1918 1540 :
1945 1489 2096 1565 spina

513 1557 690 1620 autém
711 1574 794 1619 est
808 1557 1112 1619 divitiarum
1127 1557 1447 1624 sollicitudo,
1466 1574 1584 1628 qua:
1605 1557 1828 1612 sulfocat
1851 1559 2092 1628 verbum.

514 1636 639 1690 llaec
667 1648 842 1689 autem
874 1635 1013 1696 dico,
1058 1646 1164 1686 non
1191 1631 1311 1700 quia
1365 1627 1493 1700 non
1517 1627 1712 1700 adsunt
1758 1628 1966 1700 divites,
1999 1627 2094 1700 sed

519 1721 808 1773 pauperum
842 1697 1228 1772 philosophiam
1261 1701 1310 1753 in
1342 1698 1606 1773 audiendo
1650 1697 2096 1773 sermonedecla-

513 1767 656 1829 rans.
680 1775 793 1829 Non
818 1767 956 1829 enim
986 1767 1330 1826 concionaute
1351 1770 1520 1824 solum
1544 1782 1678 1836 opus
1692 1767 1909 1836 est,_sed
1933 1769 2093 1822 etiam

512 1846 773 1913 prudente
791 1846 1029 1899 auditore
1052 1857 1067 1896 :
1091 1852 1376 1908 utrumque
1395 1840 1535 1894 enim
1549 1834 1774 1913 requirit
1793 1834 2088 1913 Scriptura,

512 1907 802 1984 sapientem
829 1929 1031 1984 nempe
1049 1913 1326 1984 doctorem
1352 1919 1405 1962 et
1433 1908 1741 1984 prudentem
1772 1907 2089 1984 auditorem,

513 1977 586 2040 ne'
607 2003 673 2040 ex
697 1977 995 2038 auditorum
1023 1983 1229 2052 ignatria
1263 1981 1412 2034 labor
1447 1991 1629 2032 noster
1647 1979 1857 2052 inutilis
1879 1977 2088 2052 evadat.

513 2055 826 2110 Sollicitudo
851 2057 993 2110 enim
1024 2048 1324 2106 divitiarum
1357 2065 1460 2102 non
1491 2050 1746 2118 permittit
1776 2057 1833 2102 ut
1860 2048 2092 2118 quiedi-

511 2136 706 2181 cuntur
751 2128 800 2179 in
845 2133 1076 2179 mentem
1107 2121 1357 2183 incidant,
1389 2117 1837 2174 sedaudieutium
1879 2117 2089 2174 intelle-

511 2209 655 2251 cmm
682 2197 891 2265 abripit.
939 2195 1070 2262 Quia
1099 2194 1254 2262 igitur
1303 2205 1494 2265 omnes
1537 2190 1806 2265 conspicio
1837 2201 2088 2257 paratos;

511 2283 634 2321 nam
662 2261 867 2322 secreta
894 2261 1054 2318 animi
1081 2261 1187 2318 non
1217 2277 1378 2316 nosco
1413 2279 1425 2314 :
1455 2261 1780 2330 singulorum
1810 2274 1936 2314 vero
1964 2275 2093 2313 oeu-

511 2337 594 2392 los
633 2339 842 2392 curiose
888 2337 1119 2396 intueor,
1142 2343 1196 2389 et
1247 2331 1526 2402 palpebras
1577 2339 1844 2402 tanquam
1872 2344 2089 2402 cornua

512 2417 721 2462 erectas
749 2407 922 2470 video,
953 2400 1368 2472 oculosque'non
1399 2409 1642 2454 nutantes
1670 2400 2088 2472 immobilitatem

511 2481 673 2532 animi
700 2479 1012 2543 indicantes,
1041 2471 1200 2544 atque
1217 2488 1428 2527 omnem
1459 2481 1687 2544 mentem
1706 2471 1771 2544 ah
1791 2471 1945 2538 hujus
1969 2474 2089 2526 vita:

509 2550 653 2602 euris
677 2553 964 2602 immunem
995 2541 1009 2607 ,
1043 2541 1469 2614 unumquemque
1515 2541 1616 2594 hoc
1641 2542 1809 2614 solum
1840 2553 2088 2614 spectan-

511 2629 640 2680 tem,
665 2621 764 2673 hoc
786 2619 1126 2687 cogitantem,
1155 2612 1424 2687 quomodo
1442 2628 1501 2687 e_a_
1529 2628 1645 2679 quae
1674 2612 1919 2687 dicuntur
1941 2613 2084 2687 acci-

512 2691 650 2758 piat:
676 2683 929 2758 antpliore
953 2705 1075 2741 cura
1107 2683 1336 2758 utentem
1362 2683 1612 2758 adhibete
1636 2699 1648 2734 :
1672 2683 1884 2758 pandite
1910 2683 2084 2736 sinum

508 2752 718 2824 animm,
745 2752 800 2813 ut
852 2759 1057 2812 facilius
1102 2757 1418 2824 dejiciautnr
1444 2755 1667 2808 semina.
1721 2752 2082 2824 Perlongum

507 2832 648 2883 enim
677 2821 884 2898 tempus
909 2829 960 2882 in
987 2827 1128 2881 Pauli
1150 2821 1387 2898 mensam
1413 2825 1642 2898 linguam
1654 2824 1785 2898 volo
1798 2821 2081 2898 dimittere:

510 2916 685 2970 neque
715 2893 872 2955 finem
925 2898 1115 2970 faciant
1158 2899 1236 2970 sic
1266 2897 1412 2950 illum
1445 2893 1686 2970 vocandi.
1718 2894 1955 2970 idiotam,
1983 2894 2084 2970 ob-

507 2963 745 3036 scurum,
803 2969 1109 3039 ignobilem,
1158 2965 1616 3039 tabernaculorum
1671 2963 1935 3039 opificem.
1992 2965 2084 3039 lite

507 3051 632 3095 sunt
653 3033 785 3096 mea;
805 3033 1190 3110 pratrogativaa,
1222 3037 1334 3110 lucc
1356 3052 1470 3110 mea
1491 3033 1752 3110 encomia,
1781 3034 2085 3110 quod_tales

507 3111 729 3166 habeam
761 3105 1063 3180 magistros,
1099 3125 1202 3180 non
1236 3107 1388 3176 hujus
1418 3107 1539 3180 vita:
1584 3105 1783 3180 divitiis
1809 3143 1823 3167 ,
1856 3105 1950 3158 sed
1978 3110 2086 3180 spl-

507 3182 785 3236 ritualihus
815 3174 959 3236 réete
985 3180 1137 3234 factis
1165 3174 1446 3248 fulgentes.
1469 3174 1522 3230 Si
1553 3175 1913 3248 mihiGraecus
1935 3176 2084 3248 quis-

509 3253 646 3314 piam
698 3254 913 3314 dixerit,
941 3252 1108 3317 Quem
1171 3246 1335 3302 habes
1385 3247 1706 3301 doctorem?
1760 3246 2080 3317 respondeo,

507 3315 995 3378 Tabernaculorum
1021 3321 1266 3390 Opificcm
1303 3335 1316 3371 :
1349 3327 1592 3390 et_qttem_
1606 3317 1774 3390 alium
1799 3315 1823 3368 '1
1848 3318 2079 3370 Piscium

509 3394 837 3448 venditorem
868 3411 881 3446 :
911 3387 1073 3462 quem
1089 3407 1215 3444 vero
1235 3388 1438 3462 alium?
1466 3387 1811 3462 Publicanttm
1835 3403 1849 3440 π
1877 3397 2084 3462 etquos

505 3464 686 3534 alios?
713 3464 890 3534 Magos
930 3457 996 3517 'et
1052 3461 1384 3534 meretricem
1416 3476 1430 3512 :
1463 3473 1621 3528 quem
1661 3457 1839 3534 adhuc
1875 3457 2032 3534 alittm
2059 3458 2083 3511 ?

505 3527 822 3590 Latronem:
849 3533 1032 3603 Neque
1063 3534 1130 3586 de
1163 3532 1242 3585 his
1269 3527 1551 3603 erubesco,
1581 3528 1674 3603 sed
1703 3527 1923 3603 glorior:
1952 3527 2080 3603 Glo-

505 3607 659 3658 riaris
677 3605 816 3676 quod
847 3599 1377 3676 magistrumhabeas
1407 3599 1923 3676 circumforanettm?
1944 3600 2082 3654 Sane

505 3669 738 3742 quidem.
771 3669 983 3741 Quare?
1013 3675 1271 3740 Quoniam
1316 3669 1363 3724 si
1402 3670 1574 3742 vilitas
1598 3669 1838 3742 discipuli
1865 3670 1967 3722 vim
1989 3684 2079 3722 os-

505 3739 675 3800 tendit
700 3739 956 3814 magistri,
984 3739 1155 3796 vilitas
1185 3741 1418 3814 magistri
1438 3740 1675 3814 ostendit
1701 3739 1931 3814 divinam
1960 3754 2080 3793 esse

506 3808 955 3884 praedicationem.
988 3815 1096 3868 Etsi
1135 3808 1293 3884 euim'
1308 3811 1548 3884 homines
1582 3808 2076 3884 illattt_prted_icave-_

502 3879 584 3950 re,
619 3903 722 3940 non
751 3896 926 3939 tamen
954 3885 1195 3937 homines
1220 3882 1361 3934 illam
1391 3881 1670 3950 invenere;
1699 3882 1742 3932 si
1767 3880 2005 3950 homines
2030 3879 2081 3933 id

507 3957 899 4020 praedicavere,
934 3971 1036 4008 non
1065 3964 1241 4007 tamen
1292 3953 1532 4004 homines
1584 3949 1635 4020 id
1694 3949 2075 4018 produxerunt.

504 4018 761 4081 llumines
791 4027 1139 4080 instrumenta
1167 4033 1312 4084 sunt,
1339 4022 1474 4075 Deus
1495 4018 1683 4074 artifex
1714 4037 1728 4074 :
1758 4020 1830 4073 illi
1861 4029 1984 4073 sunt
2005 4021 2082 4074 ci-

505 4096 654 4149 thara
683 4138 696 4161 ,
731 4097 846 4151 hzec
876 4110 1062 4149 manus
1086 4103 1384 4164 prapotens
1431 4091 1682 4164 chordam
1734 4091 2080 4164 movit._ld_eo

503 4159 783 4236 propheta,
814 4167 915 4220 etsi
946 4181 1038 4220 rex
1065 4159 1538 4236 e'rat,'et_tpurpura
1571 4161 1870 4236 amictusdet
1893 4159 2078 4214 diade-

503 4230 644 4292 inate
670 4230 907 4301 ornatus,
937 4237 1228 4303 orbemque
1254 4230 1546 4301 alloquens,
1580 4231 1759 4303 relicta
1791 4230 1877 4284 illa
1922 4245 2079 4303 secu-

504 4307 600 4361 lari
630 4323 840 4377 pompa,
857 4300 922 4361 ne
943 4308 1059 4376 quis
1077 4300 1277 4375 putaret
1299 4300 1467 4372 ipsum
1489 4301 1803 4377 regiatverha
1820 4300 2075 4377 proferre,

502 4372 711 4432 dicebat
743 4372 769 4431 ε’
790 4372 1048 4431 Εηιοιάυἱι
1078 4372 1172 4429 cor
1212 4391 1372 4428 meum
1398 4373 1596 4426 verbum
1619 4372 1825 4434 bonum,
1854 4372 1967 4425 dico
1987 4388 2078 4434 ego

501 4465 654 4517 opera
677 4465 785 4502 mea
809 4447 953 4519 Regi.
978 4447 1176 4517 Lingua
1199 4461 1317 4519 mea
1328 4444 1552 4519 calamus
1571 4443 1748 4506 scriba:
1768 4441 2074 4512 (Ps.XLlV,

502 4514 580 4590 2).
609 4522 713 4574 Cur
733 4514 992 4573 ealamum
1023 4514 1180 4590 vocas
1205 4518 1226 4557 ν
1278 4514 1342 4590 Ut
1373 4525 1424 4590 tu
1451 4514 1626 4568 discas
1654 4529 1757 4590 non
1805 4527 1924 4567 esse
1955 4528 2073 4590 mea

502 4583 622 4658 qua:
648 4590 971 4652 scribuntur,
1001 4589 1094 4642 sed
1123 4588 1352 4642 tenentis
1380 4585 1633 4658 dextera}.
1653 4583 1902 4658 calamus
1932 4583 2074 4638 enim

507 4654 613 4713 non
643 4676 736 4729 per
752 4661 985 4730 seipsum
1006 4658 1208 4730 scribit,
1239 4657 1331 4710 sed
1351 4654 1604 4730 quidquid
1636 4654 1860 4730 voluerit
1887 4669 2076 4708 manus

506 4725 657 4784 illuni
681 4725 887 4784 tenetis.
924 4729 988 4783 Et
1017 4729 1189 4797 lingua
1218 4743 1332 4781 mea
1379 4727 1614 4797 calamus
1644 4725 1831 4778 scriba:
1853 4735 1932 4797 est
1951 4741 1976 4797 _;
2001 4736 2079 4778 te-

504 4810 594 4854 net
621 4802 761 4854 enim
791 4799 932 4854 illam
965 4795 1194 4866 Spiritus
1219 4807 1450 4850 sanctus.
1497 4795 1628 4848 Cum
1658 4811 1784 4863 ergo
1811 4796 1899 4848 tibi
1929 4795 2078 4866 dixe-

505 4871 807 4926 ritGrtccus
834 4887 848 4924 :
872 4865 1016 4936 Quis
1042 4880 1123 4924 est
1174 4869 1424 4936 magister
1455 4865 1613 4936 tutis?
1657 4881 1723 4917 ne
1765 4874 1818 4919 te
1850 4865 2074 4934 pudeat,

503 4957 674 5010 neque
696 4934 1001 5004 erubescas,
1030 4941 1121 5010 Sed
1153 4939 1238 4991 die
1267 4934 1283 4988 Ξ
1308 4934 1793 5010 Circumfuratteus,
1823 4936 2077 5010 tentorio-

502 5007 618 5065 rum
667 5011 866 5080 Opifex,
894 5013 983 5080 qui
1011 5011 1063 5064 iit
1094 5008 1210 5064 foro
1236 5009 1426 5080 stabat,
1440 5009 1536 5080 qui
1568 5007 1730 5080 pelles
1757 5007 2071 5061 consuebat.

503 5076 750 5152 Magister
776 5076 1052 5136 vero—tuus
1076 5082 1192 5149 quis
1219 5089 1300 5152 est
1324 5079 1347 5131 Ἰ
1395 5077 1564 5142 Plato,
1583 5076 1938 5152 Pythagoras,
1969 5091 2072 5152 non

500 5146 977 5215 ciréumforaueus,
1023 5146 1116 5205 sed
1168 5151 1530 5219 philosophus.
1581 5146 1635 5200 Si
1655 5163 1794 5219 vero
1847 5146 2071 5202 dixerim

501 5237 600 5291 ego
633 5240 647 5276 :
674 5222 920 5292 Magister
949 5231 1088 5286 tuus,
1111 5217 1228 5290 quis
1256 5220 1379 5274 est?
1401 5217 1752 5292 Philosophus
1779 5235 1794 5283 ;
1824 5219 2076 5288 magister

504 5290 624 5346 tuus
671 5290 838 5361 patria
890 5292 1118 5356 nobilis;
1151 5292 1400 5360 magister
1435 5298 1556 5342 tuus
1602 5290 1749 5361 dives
1777 5305 1791 5352 ;
1823 5293 2075 5361 magister

503 5372 626 5417 tuus
655 5359 887 5433 linguam
939 5362 1138 5417 habens
1186 5359 1413 5423 acutam,
1445 5361 1584 5433 ipsis
1619 5359 1795 5433 fluviis
1823 5359 2074 5433 ﬂuetttior

500 5442 600 5497 est,
634 5429 838 5487 honore
863 5434 1062 5498 fruens,
1091 5429 1484 5502 progenitorum
1510 5431 1790 5502 splendore
1813 5429 2069 5500 gaudens,

502 5505 694 5575 ubique
722 5503 1010 5558 honoratus
1039 5523 1051 5558 :
1083 5500 1234 5558 meus
1286 5519 1413 5557 vero
1455 5513 1641 5557 contra
1684 5517 1742 5556 se
1767 5500 1924 5555 habet
1952 5519 1966 5553 :
2002 5502 2068 5555 ita

563 5662 636 5744 (ui
668 5678 788 5731 Hec
808 5680 960 5744 oratio
981 5678 1040 5727 ad
1061 5680 1278 5744 ineptum
1301 5679 1572 5730 Graculum
1588 5678 1859 5744 referenda
1881 5687 1972 5736 est,
2000 5678 2070 5744 ia-

499 5738 649 5792 cittias
679 5743 875 5806 genuini
907 5738 1224 5806 Cltrysostomi
1255 5746 1493 5794 sermonis
1511 5781 1525 5803 ,
1556 5743 1682 5794 sicut
1697 5739 1923 5804 graculus
1968 5738 2072 5804 plu-

496 5815 601 5855 mas
625 5803 836 5866 pavonis,
861 5803 1060 5854 ridicule
1084 5803 1384 5854 induentem.

2198 1066 2352 1122 nobis
2375 1065 2648 1120 manifesta
2669 1073 2752 1118 est
2771 1065 3013 1119 victoria.
3041 1064 3353 1132 Quomodo?
3380 1066 3511 1131 Quia
3541 1067 3787 1122 circum-

2198 1137 2591 1209 foraneustvieit
2618 1135 2984 1209 philosophum
3016 1151 3290 1209 χρηιιρςεν,
3321 1138 3560 1198 divitem;
3590 1139 3784 1209 lingua

2199 1207 2612 1277 carens,_fluviis
2642 1205 3010 1271 lluentiorem;
3041 1205 3260 1276 flagellis
3297 1221 3486 1270 caesus,
3516 1222 3644 1263 eum
3676 1205 3787 1277 'qni

2200 1275 2330 1332 nihil
2362 1275 2464 1331 tale
2495 1292 2676 1343 passus
2706 1285 2805 1330 est.
2839 1275 3223 1346 lnzequalisest
3249 1281 3408 1338 acies,
3451 1288 3505 1331 ιιι
3533 1275 3785 1346 Splendi-

2199 1349 2317 1402 dins
2345 1349 2414 1401 sit
2441 1357 2710 1415 tropaeimi.
2737 1343 3018 1401 Soloecizat
3057 1361 3224 1410 meus,
3254 1357 3311 1400 ut
3335 1343 3575 1402 atticizet'
3609 1359 3741 1402 tuus
3773 1367 3788 1414 ;

2199 1419 2291 1471 sed
2317 1419 2627 1472 soloecizaus
2655 1418 3008 1488 atticizantent
3056 1419 3182 1471 vicit
3214 1435 3227 1468 :
3260 1417 3530 1472 soloecizat
3567 1418 3784 1488 lingua,

2197 1489 2290 1542 sed
2323 1498 2500 1542 mente
2531 1487 2932 1556 philosophatur
2961 1505 2974 1541 :
3005 1502 3109 1540 non
3152 1502 3285 1555 opus
3310 1499 3384 1541 est
3414 1489 3543 1542 mihi
3569 1491 3785 1551 verbis,

2197 1559 2290 1612 sed
2318 1559 2611 1613 sententiis.
2635 1557 2778 1612 Meus
2802 1567 2946 1611 tuum
2970 1558 3096 1612 vicit
3121 1573 3132 1609 :
3166 1558 3471 1627 quomodo?
3500 1559 3667 1614 idiota
3697 1577 3789 1613 sa-

2199 1631 2458 1696 pientem,
2490 1631 2718 1682 rusticus
2748 1637 3035 1682 oratorem.
3091 1628 3154 1681 Et
3199 1627 3338 1682 unde
3361 1670 3376 1692 ,
3409 1629 3596 1697 inquit,
3653 1647 3788 1684 eum

2197 1701 2386 1754 vicisse
2415 1698 2576 1767 liquet
2601 1699 2624 1751 ?
2653 1698 2957 1765 lmpudens.
3000 1713 3176 1752 nonne
3202 1698 3348 1754 vides
3382 1713 3466 1752 res
3488 1699 3634 1766 ipsas
3661 1701 3786 1754 cla-

2196 1769 2382 1825 mare?
2411 1768 2506 1825 Ubi
2534 1779 2615 1823 est
2644 1769 2839 1824 Plato?
2889 1769 3070 1822 nullihi
3103 1785 3116 1820 :
3148 1768 3236 1822 tibi
3285 1768 3516 1823 Paulus?
3566 1771 3622 1824 in
3656 1787 3786 1825 ont-

2196 1841 2339 1894 nium
2369 1856 2480 1895 ore.
2517 1839 2615 1895 Ubi
2645 1841 2840 1893 Plato?
2867 1839 2932 1894 de
2961 1839 3050 1892 illo
3071 1839 3275 1897 siletur.
3307 1838 3557 1894 oblivioni
3607 1842 3789 1894 tradi-

2197 1919 2283 1964 tur
2311 1929 2322 1963 :
2353 1911 2440 1965 ubi
2485 1927 2612 1962 vero
2639 1911 2866 1964 Paulus?
2920 1911 3121 1980 regiam
3167 1911 3307 1978 cepit
3335 1909 3576 1972 Romam,
3611 1927 3785 1980 quam

2195 1997 2300 2035 non
2329 1982 2487 2037 modo
2509 1981 2692 2035 vivens
2715 1981 2966 2049 possedit,
2997 1980 3088 2035 sed
3115 1990 3168 2034 et
3197 1988 3438 2034 mortuus
3461 1982 3605 2036 vicit.
3633 1980 3785 2036 Mor-

2194 2061 2315 2106 tuus
2360 2062 2441 2108 est
2492 2066 2740 2122 corpore,
2789 2061 2847 2106 ut
2893 2053 3034 2105 vivat
3088 2051 3276 2118 spiritu
3318 2068 3332 2103 :
3376 2049 3647 2122 discerpta
3699 2062 3788 2108 est

2193 2123 2397 2187 charta,
2443 2133 2498 2178 et
2550 2121 2768 2177 manent
2813 2121 3045 2186 litterae;
3101 2136 3204 2174 non
3261 2129 3377 2175 erat
3418 2121 3565 2176 enim
3619 2133 3782 2177 atra-

2193 2203 2374 2246 mento
2399 2195 2614 2263 scripta,
2637 2191 2730 2247 sed
2757 2194 2941 2258 spiritu
2971 2192 3196 2263 ﬁrmata.
3231 2187 3456 2263 Facilius
3483 2201 3569 2248 est
3595 2194 3780 2248 solent

2194 2262 2560 2334 przetergredi,
2591 2280 2747 2332 quam
2776 2263 2920 2334 Pauli
2953 2265 3133 2317 verba.
3162 2262 3299 2328 Quid
3328 2264 3467 2317 enim
3507 2264 3638 2317 dicit
3685 2268 3784 2333 qui

2194 2333 2265 2387 illi
2294 2333 2448 2389 verba
2477 2335 2694 2404 largitus
2721 2334 2839 2387 est?
2861 2333 3055 2404 Corium
3075 2343 3120 2387 et
3139 2344 3270 2404 terra
3290 2334 3590 2404 transibunt.
3619 2336 3784 2389 verba

2191 2415 2354 2476 autem
2378 2422 2485 2459 mea
2511 2400 2609 2458 non
2638 2405 2918 2476 transibunt
2950 2403 3156 2475 (Matth.
3201 2400 3389 2466 XXIV,
3415 2404 3531 2476 55)ἶ
3563 2406 3619 2460 Si
3647 2421 3749 2460 ver

2193 2475 2255 2527 lia
2291 2487 2490 2529 tantum
2519 2485 2662 2536 sunt,
2686 2475 2889 2540 refuta;
2919 2477 2961 2529 si
2995 2491 3080 2529 res
3107 2484 3250 2540 sunt,
3291 2475 3701 2530 adora.Calum
3735 2486 3785 2530 et

2191 2557 2324 2599 terra
2353 2547 2654 2611 transibunt,
2686 2547 2832 2599 verba
2851 2559 3015 2600 autem
3043 2563 3153 2598 mea
3181 2563 3281 2599 non
3305 2548 3606 2599 transibunt.
3669 2547 3715 2601 F
3720 2565 3748 2599 .1
3767 2578 3784 2587 -

2190 2616 2343 2672 cilius
2369 2629 2452 2672 est
2476 2618 2640 2671 solent
2663 2617 2948 2686 exstingui.
2976 2629 3028 2670 et
3057 2617 3248 2670 cmlum
3276 2632 3306 2670 e
3332 2628 3620 2681 conSpectu
3655 2619 3778 2671 tolli

2189 2702 2344 2754 quam
2371 2689 2528 2742 verba
2554 2687 2756 2742 Domini
2788 2690 2890 2741 mei
2917 2687 3154 2741 dissolvi.
3179 2691 3350 2756 Atque
3380 2703 3558 2741 rerum
3596 2703 3782 2756 expe-

2188 2759 2374 2812 rientia
2402 2757 2485 2813 his
2514 2758 2755 2827 perhibet
2780 2759 3159 2819 testimonium,
3193 2758 3616 2824 temporisetiam
3655 2761 3784 2812 lon-

2187 2829 2368 2897 gitudo
2397 2839 2450 2884 et
2480 2829 2707 2883 hostium
2756 2829 3116 2894 incursiones;
3147 2827 3198 2882 id
3248 2827 3390 2882 enim
3413 2828 3785 2885 admiratione

2188 2900 2402 2969 dignum
2430 2910 2531 2964 est,
2565 2915 2670 2952 non
2697 2899 2854 2952 modo
2881 2899 3020 2968 quod
3073 2913 3176 2952 non
3219 2897 3482 2969 dissoluta
3504 2901 3637 2964 sint,
3675 2901 3780 2955 sed

2187 2968 2344 3024 etiam
2372 2971 2512 3038 quod
2543 2969 2681 3022 bello
2715 2971 2950 3037 impetita
2981 2970 3301 3038 snperarint.
3329 2968 3522 3038 Sedulo
3547 2971 3785 3026 attende

2186 3039 2340 3094 dictis
2371 3037 2523 3096 meis.
2550 3039 2884 3095 Vociferatus
2935 3049 3015 3094 est
3051 3037 3284 3106 Paulus,
3307 3037 3635 3094 vociferatus
3691 3050 3781 3096 est

2186 3109 2419 3165 Joannes
2447 3113 2675 3180 piscator
2703 3121 2757 3165 et
2784 3111 3125 3179 evangelista,
3153 3112 3240 3180 qui
3297 3120 3411 3164 rete
3450 3110 3685 3178 proiecit
3726 3125 3786 3167 et

2187 3180 2529 3252 Evangelium
2550 3183 2707 3250 cepit,
2730 3182 2816 3250 qui
2841 3181 3051 3236 demisit
3073 3181 3332 3252 calamum
3350 3181 3701 3252 piscatorium
3722 3191 3780 3236 et

2183 3253 2324 3321 cepit
2341 3250 2557 3308 verbum
2571 3252 2824 3322 Magistri.
2839 3253 2973 3320 Quid
2988 3250 3302 3305 vociferatus
3318 3260 3478 3314 est,et
3491 3251 3620 3320 quid
3636 3252 3786 3308 dixit

2185 3322 2417 3392 piscator
2441 3323 2464 3376 ‘l
2507 3323 2793 3377 Videamus
2831 3340 2895 3376 au
2947 3323 3189 3390 expiscer
3214 3322 3376 3376 verba
3405 3323 3697 3390 piscatoris
3724 3334 3784 3380 et

2183 3408 2291 3447 non
2321 3395 2629 3462 piscatoris:
2661 3393 2935 3462 piscatoris
2959 3393 3453 3460 quidem,quoniatn
3481 3392 3582 3445 hoc
3609 3395 3778 3448 voci-

2185 3463 2383 3528 feratus
2403 3474 2520 3527 est;
2551 3479 2656 3518 non
2684 3463 2960 3532 piscatoris
2980 3478 3130 3526 vero,
3157 3465 3406 3530 quoniam
3430 3463 3591 3532 verba
3609 3476 3782 3519 erant

2183 3534 2431 3602 Spiritus.
2459 3534 2596 3602 Quid
2625 3531 2766 3588 enim
2793 3535 2860 3587 ait
2883 3534 2906 3586 ἲ
2933 3531 2999 3586 In
3027 3534 3276 3602 principia
3304 3543 3409 3586 erat
3439 3531 3689 3598 Verbum,
3722 3545 3775 3588 et

2237 3607 2406 3658 erbum
2433 3616 2540 3658 erat
2563 3605 2702 3674 apud
2733 3603 2912 3665 Deum,
2935 3614 2980 3656 et
3015 3602 3148 3656 Deus
3168 3615 3272 3656 erat
3307 3602 3518 3674 Verbum
3554 3603 3634 3674 7(1
3644 3624 3777 3660 oan.

2183 3673 2222 3738 1,
2255 3677 2328 3745 l).
2359 3677 2496 3742 Quid
2547 3673 2673 3730 dicit
2701 3675 2957 3729 .ludzeus?
2987 3674 3229 3745 Magnum
3277 3675 3416 3743 sapit
3455 3673 3520 3745 de
3550 3673 3778 3745 Moyse,

2181 3743 2301 3813 quia
2330 3761 2474 3801 mare
2499 3745 2710 3801 discidit
2734 3756 2787 3800 et
2815 3747 3057 3815 pelagum
3087 3744 3265 3798 divisit
3292 3759 3355 3799 ac
3396 3743 3783 3815 resdtuit,"at-

2181 3830 2284 3884 que
2312 3832 2488 3870 aerem
2519 3818 2756 3881 mulavit,
2774 3813 2973 3884 petram
2991 3815 3242 3869 dissecuit
3264 3825 3519 3868 etmauna
3542 3813 3776 3880 detulit,

2183 3885 2340 3939 urbes
2371 3901 2490 3940 cum
2543 3887 2728 3941 incolis
2757 3885 2971 3948 excidit,
3005 3895 3162 3952 atque
3189 3886 3239 3939 in
3282 3885 3429 3939 bellis
3452 3885 3568 3938 sine
3593 3890 3782 3942 armis

2180 3955 2350 4010 victor
2378 3957 2494 4010 fuit.
2522 3956 2716 4012 ldeone
2743 3957 2904 4011 altum
2931 3957 3109 4024 sapis?
3134 3957 3269 4010 Audi
3292 3956 3418 4026 quid
3445 3955 3661 4026 Moyses
3691 3958 3783 4012 di-

2182 4029 2277 4091 xit,
2304 4028 2425 4096 quid
2483 4030 2728 4096 piscator,
2753 4038 2810 4081 ut
2859 4027 3038 4081 videas
3085 4043 3204 4096 quae
3235 4027 3302 4079 sit
3346 4027 3518 4094 inopia
3558 4031 3779 4082 veteris

2181 4096 2330 4168 legis,
2362 4108 2415 4152 et
2460 4114 2576 4168 qua:
2604 4097 2924 4153 abundantia
2953 4097 3152 4168 gratiae.
3207 4096 3342 4165 Quid
3393 4107 3569 4150 autem
3604 4099 3782 4168 dixit

2181 4167 2422 4239 Moyses?
2449 4167 2513 4222 Iit
2544 4170 2790 4238 principio
2813 4170 2926 4239 fecit
2951 4167 3084 4239 (iens
3111 4167 3289 4221 caelum
3316 4177 3361 4221 et
3382 4177 3562 4239 terram
3591 4167 3777 4239 (σενι.

2182 4236 2221 4302 l,
2252 4236 2324 4308 l).
2357 4240 2492 4306 Quid
2523 4236 2650 4294 vero
2677 4236 2930 4308 piscator?
2957 4237 3224 4308 Nusquam
3245 4237 3558 4308 ponitillud,
3590 4236 3777 4300 Fecit;

2182 4255 2221 4302 ι,
2252 4255 2324 4308 ι).
2357 4255 2492 4306 ututi
2523 4255 2650 4294 vero
2677 4255 2930 4308 piscator!
2957 4255 3066 4292 nus
3107 4255 3224 4292 uam
3245 4255 3391 4306 ponit
3413 4255 3558 4302 lituo,
3590 4255 3777 4300 recti;

2180 4309 2273 4362 sed
2302 4311 2469 4378 quid?
2497 4308 2561 4363 In
2606 4311 2854 4378 principio
2903 4317 3011 4362 erat
3057 4255 3293 4373 verbum,
3323 4318 3370 4361 et
3406 4306 3625 4361 Verbum
3657 4320 3780 4364 erat

2179 4381 2318 4447 apud
2348 4379 2524 4434 Deum.
2558 4379 2652 4435 Ille
2678 4395 2707 4434 a
2735 4382 2893 4434 rebus
2921 4379 3113 4433 creatis
3157 4380 3360 4448 incipit,
3391 4378 3475 4431 hic
3522 4394 3551 4431 a
3586 4379 3778 4434 Crea-

2181 4459 2313 4504 tore.
2342 4449 2503 4506 Vides
2527 4461 2583 4505 ut
2623 4451 2782 4504 altius
2820 4449 3059 4504 ascendit
3083 4462 3239 4518 quam
3265 4449 3511 4519 Moyses?
3541 4451 3781 4506 Andivit

2178 4519 2394 4590 Moysen
2441 4521 2706 4576 dicentem
2735 4521 2875 4590 quod
2903 4522 3096 4575 cmlum
3121 4519 3301 4575 fecerit
3325 4520 3497 4581 licus;
3527 4521 3770 4575 missum

2178 4589 2304 4645 fecit
2328 4591 2544 4656 coelum,
2571 4602 2626 4646 et
2652 4589 2810 4646 altius
2829 4590 3084 4645 ascendit.
3115 4589 3547 4661 Occurreruntci
3578 4593 3778 4661 angeli

2178 4671 2234 4716 et
2263 4663 2631 4730 praetermisit;
2662 4661 2981 4732 archangeli,
3011 4669 3066 4732 et
3089 4661 3410 4732 praeterivit;
3439 4659 3776 4732 Cherubim,

2178 4740 2232 4786 et
2261 4731 2330 4788 ibi
2355 4748 2457 4787 non
2486 4734 2648 4788 stetit.
2679 4732 2794 4799 Quo
2823 4730 3034 4786 curris?
3063 4730 3214 4784 Aliud
3241 4746 3455 4799 quaero:
3482 4732 3525 4785 si
3549 4731 3782 4786 Cheruo

2179 4802 2284 4856 bim
2315 4802 2512 4869 lucent,
2545 4813 2720 4858 tamen
2748 4818 2910 4872 opera
2939 4812 3063 4855 sunt
3089 4818 3104 4867 ;
3137 4801 3181 4854 si
3211 4800 3488 4869 Seraphim
3521 4813 3776 4872 canunt,

2176 4883 2301 4928 sunt
2331 4883 2504 4929 tamen
2535 4870 2859 4928 conservi—ut
2887 4887 3004 4942 ego.
3045 4872 3182 4940 Quid
3219 4874 3463 4942 quaeris?
3511 4870 3565 4926 Si
3598 4875 3774 4940 prin-

2177 4947 2381 5013 cipatus
2409 4955 2464 4999 et
2499 4944 2907 5007 dominationes,
2938 4945 3053 4999 haec
3100 4958 3312 5012 quoque
3337 4957 3486 4996 serva
3513 4950 3570 4995 et
3597 4959 3778 4998 crea-

2177 5023 2309 5068 tura:
2339 5026 2462 5068 sunt
2485 5033 2498 5079 ;
2531 5017 2574 5068 si
2601 5024 2908 5083 potestates,
2923 5025 3024 5068 tua:
3044 5029 3254 5083 quoque
3279 5030 3363 5068 res
3388 5024 3582 5068 creatae
3603 5025 3776 5070 sunt.

2177 5086 2293 5153 Quo
2315 5086 2474 5140 abis?
2526 5085 2702 5156 Ipsum
2737 5098 2920 5152 quaaro
2965 5084 3294 5156 Creatorem,
3345 5087 3514 5156 ipsum
3567 5099 3779 5156 quaero

2177 5157 2320 5210 Patri
2367 5154 2868 5212 consubstantialem
2905 5173 2916 5206 :
2950 5171 3048 5209 nec
3097 5154 3348 5209 desistam
3397 5154 3570 5208 donec
3599 5154 3780 5213 illum

2177 5227 2446 5291 invenero,
2478 5237 2534 5281 ut
2581 5227 2742 5280 homo
2783 5237 2952 5295 potest
2982 5227 3238 5280 invenire.
3286 5224 3493 5295 Moyses
3541 5224 3782 5282 locutos

2176 5308 2258 5352 est
2285 5299 2350 5352 de
2375 5299 2534 5366 eielo,
2559 5308 2612 5352 ct
2652 5297 2808 5352 desiit
2839 5313 2853 5349 :
2884 5312 2988 5350 non
3033 5297 3176 5350 enim
3227 5296 3469 5365 spiritum
3520 5299 3775 5366 accepit,

2175 5384 2333 5438 quem
2375 5385 2479 5438 ego
2513 5367 2680 5422 habeo
2711 5368 2885 5438 (Rom.
2920 5366 3052 5426 Vlll,
3083 5367 3208 5434 15):
3243 5382 3344 5420 non
3373 5366 3515 5438 enim
3545 5370 3782 5438 accepit

2173 5436 2435 5506 spiritum'
2466 5436 2735 5494 servitutis
2789 5440 2839 5491 in
2883 5439 3092 5501 timore,
3124 5438 3217 5491 sed
3259 5437 3461 5506 accepit
3504 5436 3777 5504 spiritum

2175 5511 2473 5578 adoptionis
2505 5509 2728 5562 filiorum
2756 5509 2821 5562 ad
2846 5509 3196 5562 obedientiam
3227 5507 3367 5562 fidei.
3395 5506 3592 5578 Maiora
3618 5510 3781 5578 mihi

2175 5575 2298 5633 sunt
2328 5582 2545 5634 credita.
2571 5580 2694 5634 ldeo
2739 5579 2991 5634 Dominus
3039 5594 3186 5632 meus
3216 5594 3279 5631 ex
3327 5577 3567 5646 supernis
3597 5575 3784 5634 deor-

2173 5666 2290 5704 sum
2320 5650 2609 5716 descendit,
2643 5659 2700 5704 ut
2719 5664 2817 5719 ego
2835 5649 2962 5703 infra
2992 5650 3190 5719 positus
3210 5664 3416 5702 sursum
3443 5649 3777 5704 ascendam.

2175 5720 2310 5788 Quid
2339 5723 2570 5789 quscris?
2612 5721 2784 5790 Ipsum
2813 5719 3148 5782 Creatorem;
3179 5733 3296 5772 cum
3327 5719 3783 5790 invene_ro,ttunc

2175 5785 2595 5859 statim-Invenit,
2619 5785 2671 5848 et
2699 5791 2821 5862 quid
2843 5790 3006 5845 dicit?
3032 5790 3093 5842 In
3121 5789 3366 5858 principio
3387 5785 3743 5844 ei'athrbmu
3766 5809 3785 5846 :
