3864 6420
130 380 184 435 ῃ
1430 374 1678 434 SPURIA
1710 374 2041 446 QUEDAM.
3265 390 3349 445 ες

132 511 368 565 nusquam,
402 494 540 566 fecit;
571 507 853 566 nusquam,
884 496 1079 564 factum
1125 500 1249 566 ειη
1281 506 1385 566 πρυ
1414 494 1562 566 enim
1597 493 1671 566 de

131 560 257 627 rebus
298 560 487 620 creatis
533 577 616 620 est
662 560 774 619 inec
816 560 1079 619 doctrina.
1124 562 1263 618 Ecce
1304 560 1535 618 Verbum
1561 563 1667 619 ειη

182 638 337 706 incipio
363 646 466 690 erat
494 635 731 690 Verbum.
774 636 913 701 Quot
951 633 1161 706 tyranni
1205 648 1272 687 ex
1297 648 1401 703 quo
1441 637 1671 703 piscator

193 657 337 706 παντο
363 657 466 690 erat
499 657 731 690 vernum.
775 657 913 701 ψιοι
952 657 1161 705 tyrant"
1205 657 1272 687 ex
1297 657 1401 703 quo
1441 657 1671 703 plSCillOl'

129 657 207 767 cc
229 710 434 763 verbum
456 706 653 762 extulit
670 749 685 772 ,
714 706 1009 773 exstirpare
1034 705 1335 773 voluerunt,
1365 712 1419 757 et
1444 720 1549 758 non
1578 720 1672 773 po-

130 794 267 837 tuere:
290 778 403 845 sed,
428 792 762 846 quocumque
781 772 961 840 abeas,
992 774 1165 839 audis,
1194 772 1259 828 In
1288 776 1536 846 principio
1563 772 1670 827 erat

138 849 317 903 Var-Dur
337 865 358 903 :
382 843 495 903 sive
522 848 652 908 ruri,
679 843 797 902 sive
840 846 892 900 in
915 845 1067 905 urbe.
1095 843 1350 914 praevenit
1388 843 1459 898 lrt
1482 847 1671 913 princi-

130 924 194 990 pio
216 931 307 974 erat
332 917 646 974 Verberant
675 919 726 990 in
759 916 993 990 Perside,
1020 925 1075 990 et
1096 913 1148 969 in
1178 913 1347 990 India,
1375 925 1430 990 et
1455 915 1674 990 inhian-

128 986 381 1046 ritannrum
402 992 621 1058 regione
640 989 801 1043 micat
820 987 919 1041 hoc
937 986 1169 1058 Verbum
1186 987 1299 1041 sole
1318 986 1668 1058 splendidius.

130 1063 201 1117 Sol
221 1064 349 1117 enim
374 1056 603 1114 interdiu
630 1059 789 1121 lucet,
820 1067 980 1112 noctu
1007 1057 1338 1120 occultatur;
1368 1056 1466 1110 hoc
1492 1067 1669 1111 autem

128 1134 291 1187 dictum
306 1132 462 1184 etiam
483 1130 536 1184 in
560 1138 714 1183 nocte
733 1129 989 1198 fulgorem
1009 1142 1162 1181 suum
1177 1127 1391 1198 emittit,
1413 1127 1673 1198 cujusque

128 1205 274 1256 animo
300 1202 621 1254 inscribitur.
648 1196 883 1254 Mortuus
910 1208 993 1252 est
1016 1198 1106 1266 qui
1132 1196 1364 1266 scripsit,
1391 1207 1445 1252 et
1469 1196 1673 1252 dictum

127 1275 301 1340 ell‘ulget
335 1290 348 1325 :
379 1287 575 1338 corpus
600 1273 715 1337 ejus
753 1270 839 1338 qui
867 1268 998 1324 dixit
1038 1277 1125 1340 est
1143 1267 1481 1330 dissolutum,
1513 1276 1568 1340 et
1590 1266 1677 1322 di-

127 1339 380 1397 enimizlud
427 1343 709 1410 plusquam
753 1341 832 1410 sol
884 1340 1041 1394 lucet.
1095 1339 1440 1410 Quocumque
1489 1339 1670 1410 abeas,

130 1414 357 1468 antevenit
385 1407 487 1464 hoc
507 1407 730 1475 dictum,
756 1409 820 1463 In
850 1409 1097 1478 principio
1115 1418 1218 1461 erat
1254 1407 1486 1462 Verbum.
1514 1408 1674 1476 Quis‘

128 1501 209 1553 que
247 1485 397 1538 etiam
429 1492 486 1536 et
526 1483 713 1535 tuulier
741 1492 797 1536 et
814 1485 913 1543 vir,
941 1490 994 1553 et
1020 1479 1538 1553 servusetliber,et
1577 1494 1672 1553 rex

129 1549 172 1610 et
193 1555 433 1622 privatus.
465 1563 519 1605 et
550 1554 948 1622 imperanteset
972 1550 1196 1622 imperio
1224 1550 1438 1622 subditi,
1469 1549 1599 1604 illud
1619 1551 1673 1622 in

128 1619 258 1678 caule
280 1619 819 1691 meditanturmeque
839 1619 976 1675 ullus
1003 1621 1181 1675 delere
1210 1629 1380 1686 patest
1400 1619 1534 1675 hanc
1555 1620 1677 1689 pul-

127 1696 405 1749 cherrimam
436 1693 826 1757 luereditatem,
851 1691 945 1746 sed
984 1706 1114 1759 Opes
1145 1694 1270 1745 istas
1300 1692 1528 1746 retinere
1553 1705 1676 1760 per-

129 1774 321 1819 severat.
344 1764 544 1822 Caium
586 1774 634 1817 et
683 1773 814 1816 terra
843 1761 1142 1823 transibunt,
1175 1760 1319 1815 verba
1360 1772 1525 1814 autem
1565 1776 1677 1814 mea

128 1852 204 1888 non
228 1836 528 1888 transibunt.
581 1834 831 1887 Diabolus
860 1846 964 1886 nou
997 1833 1165 1901 potuit
1189 1831 1388 1886 dictum
1418 1831 1671 1885 abolere:

126 1908 302 1973 quare?
328 1906 467 1973 Quia
510 1919 612 1957 nou
642 1905 849 1973 dictum
884 1904 1110 1970 simplex
1134 1911 1283 1967 erat,
1338 1903 1431 1955 sed
1476 1901 1676 1973 dictum

129 1971 218 2031 llei.
239 1977 309 2031 Ne
333 1971 498 2044 igitur
526 1975 728 2044 pudore
769 1972 1035 2036 afﬁciaris,
1070 1972 1280 2041 quando
1321 1973 1470 2044 audis
1503 1988 1518 2027 :
1551 1971 1673 2026 Haec

128 2050 320 2115 piscator
342 2041 504 2108 dixit,
528 2041 650 2099 'ha‘c
670 2060 981 2112 sageuarum
1008 2054 1279 2115 consutor.
1330 2041 1518 2115 Vidisti
1541 2057 1679 2115 quo-

128 2111 255 2171 iuudn
278 2118 340 2170 ad
367 2119 547 2184 ip-um
570 2111 891 2185 paupertatis
912 2114 1351 2185 inﬁmnmilocum
1377 2111 1673 2178 descendit,

127 2199 163 2240 et
182 2189 236 2241 ad
258 2183 523 2257 fastigium
552 2183 760 2239 virtutis
786 2186 1044 2239 ascendit?
1071 2183 1173 2238 Sed
1202 2200 1287 2247 ne,
1310 2195 1583 2253 postquam
1607 2185 1676 2257 ab

126 2259 221 2311 aliis
244 2253 559 2325 incepimtts,
587 2258 652 2310 ad
680 2257 778 2308 alia
808 2257 1143 2310 traducamus
1167 2256 1484 2318 orationem,
1508 2270 1571 2308 ex
1599 2253 1681 2308 di-

124 2340 296 2381 cturum
323 2330 558 2382 decursu
586 2336 875 2395 conceptus
903 2327 1006 2380 alio
1035 2325 1242 2379 deﬂecti
1271 2325 1675 2393 permittentes;

124 2413 217 2467 age.
245 2399 387 2452 freno
413 2399 487 2450 ad
510 2399 739 2465 linguam
770 2395 1024 2460 adhibito,
1052 2395 1382 2467 reducamus
1400 2410 1681 2467 argumen-

126 2463 212 2522 tum
248 2470 309 2521 ad
356 2471 408 2523 id
458 2463 604 2537 quod
651 2469 793 2535 prius
823 2467 1180 2537 promisimus.
1207 2466 1345 2537 Quid
1369 2463 1526 2534 igitur
1551 2465 1680 2537 dicit

127 2540 196 2590 ille
219 2543 563 2594 tentoriorum
610 2537 821 2607 apilex,
862 2536 1355 2591 circutnforaueus?
1398 2550 1500 2607 non
1536 2536 1677 2589 enim

127 2612 254 2664 linem
280 2609 474 2665 faciam
501 2613 595 2664 has
613 2605 775 2663 voces
801 2606 1106 2676 frequenter
1130 2605 1523 2676 pronuntiandi,
1554 2619 1679 2674 pro-

127 2690 218 2745 pter
240 2682 375 2750 vulgi
422 2682 720 2750 hominum,
745 2678 1101 2750 insipientiam
1131 2691 1443 2750 eortnnque_
1466 2686 1681 2750 senten-

127 2744 226 2803 tiam
252 2768 279 2803 a
307 2744 647 2821 philosophia
675 2744 924 2821 alienam.
950 2748 1307 2821 Quia_nempe
1337 2747 1391 2800 in
1422 2744 1535 2800 foro
1561 2746 1679 2821 plu:

126 2822 218 2872 rimi
233 2815 491 2875 cm'iviciis
508 2815 825 2888 impotentes
849 2819 1050 2881 dicunt,
1070 2815 1497 2872 Circutnfnranee
1517 2832 1531 2879 ;
1556 2815 1680 2885 quid

126 2892 201 2942 sibi
224 2895 327 2946 vult
348 2892 509 2953 illud,
539 2888 1018 2945 Circnml‘oranee?
1058 2888 1194 2955 Quid
1240 2902 1315 2940 est
1348 2888 1683 2941 circumfora-

128 2977 250 3025 ueus,
279 2965 364 3017 die
384 2963 563 3017 mihi?
588 2978 696 3017 non
717 2963 857 3016 enim
881 2961 1081 3014 crimen
1103 2968 1183 3012 est
1205 2958 1680 3012 circumforaneum

126 3047 233 3093 esse,
264 3051 365 3088 tum
396 3033 613 3088 crimen
642 3043 724 3086 est
742 3033 793 3085 iu
822 3030 937 3086 l'oro
964 3042 1107 3086 stare
1132 3040 1184 3084 et
1210 3030 1439 3095 aperari.
1467 3025 1681 3083 Crimen

128 3113 192 3153 est
215 3105 349 3159 intus
377 3114 693 3158 manentem
725 3117 808 3156 res
833 3102 1036 3156 alienas
1058 3113 1266 3169 rapere.
1296 3099 1448 3153 Disce
1467 3098 1590 3168 quid
1616 3099 1686 3153 sit

126 3175 442 3239 minutmelia,
467 3175 596 3242 quid
620 3173 949 3237 encomium,
972 3184 1024 3227 et
1050 3171 1156 3226 noli
1187 3169 1410 3224 irridere
1434 3187 1451 3225 :
1471 3183 1582 3222 non
1603 3177 1688 3223 est

126 3246 293 3299 crimen
310 3261 437 3301 esse
466 3246 968 3308 circumforaneum,
996 3242 1088 3297 sed
1111 3249 1541 3311 raptoremesse,
1563 3255 1688 3293 ava-

128 3329 221 3367 nun
245 3331 384 3370 esse.
408 3316 557 3383 Quid
586 3316 712 3369 nubi
742 3314 934 3384 prodes
957 3329 1076 3367 cum
1104 3310 1259 3367 sedes
1282 3312 1332 3384 in
1359 3310 1608 3384 thalamo,
1634 3319 1689 3364 et

126 3384 325 3456 lupuses
342 3388 367 3439 ?
389 3380 528 3456 quid
551 3387 679 3440 mihi
697 3380 873 3456 damni
910 3383 1065 3456 affert
1087 3396 1286 3456 pauper
1303 3382 1352 3456 i_n
1380 3380 1494 3435 loro
1518 3393 1683 3456 stans,

126 3453 391 3527 bovemque
408 3453 484 3512 et
510 3466 777 3511 aratorem
808 3454 1064 3527 imitans?
1087 3453 1552 3527 C‘ircutnluraneus
1581 3466 1641 3505 es
1664 3453 1687 3504 ’ἰ

129 3522 371 3593 operarius
396 3543 464 3583 es
492 3528 517 3580 ‘l
542 3546 647 3582 non
679 3535 803 3580 sunt
845 3525 961 3581 haec
983 3522 1208 3581 crimina
1232 3540 1247 3575 :
1274 3523 1516 3593 encomia
1541 3531 1685 3586 sunt,

128 3601 406 3675 quoniam}:
455 3596 932 3675 jttstis_labtt_ribtts
975 3596 1285 3675 alimentum
1322 3592 1551 3675 colligis,
1581 3607 1690 3675 non

130 3669 285 3721 dmum
301 3662 517 3724 alienas
537 3669 749 3723 curiose
778 3666 1133 3736 frequentans.
1163 3664 1275 3718 Non
1300 3672 1382 3719 est
1398 3662 1558 3736 igitur
1580 3667 1686 3718 cri-

132 3752 227 3792 tuen
259 3739 752 3795 circumforaneum
799 3735 950 3801 esse,
982 3751 1156 3807 neque
1201 3735 1501 3803 operarium
1545 3749 1687 3807 esse.

131 3809 237 3871 Quid
259 3821 439 3865 autem
462 3823 552 3866 est
575 3809 815 3863 crimen?
857 3809 1027 3862 Otiose
1057 3804 1234 3860 vivere
1264 3823 1276 3858 :
1306 3814 1463 3873 atque
1488 3804 1688 3860 utinam

130 3880 270 3933 otiose
297 3891 515 3935 tantum
562 3889 621 3935 et
644 3895 747 3934 non
774 3878 914 3933 male
954 3876 1196 3947 operari!
1224 3873 1692 3947 Circumloraneus

127 3960 219 4003 erat
261 3951 499 4013 Paulus.
524 3962 580 4007 et
628 3951 679 4004 in
726 3948 935 4005 ofﬁcina
976 3945 1181 4002 stabat:
1206 3961 1377 4016 neque
1420 3945 1541 4003 talis
1579 3956 1694 4001 erat

130 4031 229 4072 ante
247 4021 626 4091 Evaztgelium,
650 4029 771 4090 post
802 4019 1139 4088 Evangelium
1166 4033 1293 4091 vero
1326 4026 1559 4091 mutatus
1586 4027 1688 4091 est.

132 4091 212 4143 Sed
236 4104 288 4146 et
332 4087 689 4161 prfidicabat,
716 4101 772 4146 et
791 4087 965 4159 pelles
998 4090 1290 4161 consuebat
1326 4102 1341 4161 ς
1377 4087 1695 4161 pnedicabat

129 4170 171 4212 et
190 4158 434 4219 manebat
460 4161 607 4232 apud
634 4158 930 4217 Priscillam
950 4170 1005 4214 et
1026 4160 1296 4232 Aquilam,
1312 4158 1443 4232 Quia
1470 4158 1694 4232 ejusdem

133 4244 215 4301 erat
234 4237 357 4287 artis
379 4251 401 4288 :
433 4228 585 4289 eram
612 4244 779 4287 autem
806 4232 1185 4301 scenofaclort'tz
1202 4230 1324 4282 artis
1346 4230 1481 4297 (Act.
1509 4228 1691 4291 XVIII,

134 4300 193 4363 ὅ).
218 4301 259 4358 0
280 4305 632 4374 philosophia
664 4302 808 4358 Pauli
838 4302 853 4355 ι
882 4318 916 4355 o
943 4299 1189 4374 sublimis
1230 4315 1441 4374 sensus,
1472 4309 1528 4354 et
1572 4314 1695 4374 seu-

133 4376 264 4427 tentia
280 4369 453 4430 animi
479 4369 734 4429 indomita
760 4377 774 4427 !
803 4388 837 4427 ο
879 4385 1032 4426 mens
1059 4371 1179 4427 caeli
1225 4369 1479 4425 fornicem
1531 4372 1693 4425 attin-

131 4447 271 4506 grus!
300 4461 336 4500 ο
358 4447 545 4500 anima
567 4444 793 4499 visibilia
807 4443 982 4498 omnia
1005 4441 1333 4510 despiciens!
1358 4456 1392 4496 ο
1420 4457 1570 4496 mens
1588 4445 1649 4466 ‘“
1677 4442 1691 4495 ι

134 4513 264 4568 telam
293 4531 516 4571 araneae
536 4531 659 4571 esse
685 4514 1021 4570 existimabat
1044 4512 1167 4567 vita:
1190 4513 1376 4565 fastum
1399 4530 1413 4565 :
1433 4528 1537 4566 non
1567 4513 1697 4566 adiit

133 4599 277 4653 rcges,
325 4603 439 4641 non
485 4586 703 4649 divites,
732 4601 836 4639 non
887 4584 1202 4652 locupletes,
1224 4582 1316 4636 sed
1347 4584 1693 4637 tentoriorum

131 4657 321 4728 opiﬁces
341 4658 504 4723 adiit,
528 4658 653 4728 quia
678 4655 915 4728 ejusdem
936 4654 1232 4728 eratartis;
1257 4668 1354 4708 nec
1381 4654 1600 4728 erubuit
1618 4655 1696 4707 itt-

131 4726 343 4781 stitutum
390 4730 523 4782 vita:
549 4725 665 4782 Suae
690 4727 959 4796 detegere,
985 4725 1078 4779 sed
1119 4726 1223 4778 hoc
1250 4725 1496 4778 omnibus
1521 4725 1694 4793 palam

135 4796 253 4850 iecit.
303 4799 361 4852 In
392 4800 520 4852 foro
545 4799 716 4863 stetit,
748 4797 1091 4865 Evangelium
1116 4796 1430 4865 praedicans,
1459 4804 1696 4850 mortuos

131 4870 390 4938 atacinus.
424 4870 674 4938 leprosos
695 4869 974 4929 inundans,
1007 4880 1103 4938 nec
1125 4865 1193 4920 de
1218 4866 1337 4938 loco
1367 4865 1597 4938 pudebat
1632 4866 1701 4920 il-

132 4936 241 5002 lum,
266 4943 361 4994 sed
391 4941 467 4994 de
485 4933 879 4993 consuetudine
903 4937 1244 5007 gloriabatur.
1276 4933 1334 5007 ln
1361 4933 1477 4989 foro
1501 4937 1691 4999 stabat,

131 5010 317 5064 cuiius
334 5011 565 5079 quidem
593 5011 758 5078 pelles
776 5005 955 5068 dabat,
987 5007 1072 5062 alii
1102 5021 1232 5079 vero
1256 5005 1522 5073 dicebant,
1555 5006 1700 5079 Mor-

134 5085 256 5133 lnam
276 5077 485 5136 suscita
511 5098 528 5145 ;
555 5097 621 5135 ac
642 5087 902 5135 steterunt
928 5078 1047 5141 dna:
1068 5077 1338 5133 mulieres:
1362 5091 1463 5131 una
1483 5077 1696 5148 quidem

133 5148 309 5215 dicens,
338 5152 552 5207 Pellem
582 5151 710 5205 mihi
736 5152 788 5204 in
813 5148 1106 5218 stragulum
1127 5150 1360 5211 confice;
1388 5147 1551 5203 altera
1573 5162 1701 5202 vere

133 5230 320 5287 "pos,
348 5222 570 5278 Suscita
621 5222 786 5277 ﬁlium
827 5234 1044 5283 meum;
1084 5228 1138 5274 et
1167 5221 1374 5290 utrique
1403 5219 1696 5290 respondit,

132 5298 265 5359 autne
308 5297 459 5353 aliud
492 5294 646 5348 alteri
678 5291 1058 5360 impedimento
1089 5305 1193 5344 non
1221 5288 1320 5343 fuit
1340 5329 1358 5355 ,
1388 5289 1484 5344 sed
1514 5299 1569 5344 et
1591 5305 1705 5342 ma-

135 5358 215 5414 nus
236 5365 579 5429 laborabant,
607 5374 662 5419 et
697 5358 866 5430 gratia
882 5362 1206 5428 aperabatur
1231 5378 1245 5416 :
1274 5371 1328 5414 et
1357 5358 1564 5429 utrique
1615 5375 1702 5414 re-

134 5438 402 5493 ‘ltondebat
426 5429 786 5489 tentoriorum
805 5429 1163 5502 opifex,alteri
1184 5430 1396 5501 quidem
1418 5432 1550 5502 artis
1565 5446 1696 5496 suae,

135 5503 261 5559 sileri
272 5508 467 5577 gratia:
482 5509 711 5577 t’nicturn
735 5500 983 5577 largiens.
1013 5500 1149 5577 Quid
1176 5500 1231 5556 tu
1254 5502 1366 5556 vis?
1392 5501 1580 5577 pellem
1600 5516 1702 5577 ego

137 5572 337 5631 condicio
375 5580 434 5632 in
480 5576 773 5645 stragulum
806 5572 835 5627 ε’
851 5574 1015 5643 pelles
1041 5574 1185 5628 enim
1222 5587 1447 5645 consito.
1478 5572 1615 5638 Quid
1633 5581 1704 5645 tu

144 5646 240 5699 vis?
253 5660 533 5713 inermum
559 5643 705 5700 tuum
722 5660 826 5712 ego
846 5646 1089 5716 suscitari
1104 5644 1302 5716 curabo
1330 5659 1345 5696 :
1376 5643 1541 5716 Deum
1560 5644 1702 5698 enim

137 5720 328 5787 ταμίην.
349 5719 549 5787 Neque
570 5717 817 5772 dedecori
840 5713 935 5787 pars
956 5722 1089 5770 erat.
1128 5713 1244 5787 Non
1273 5714 1382 5787 ibat
1409 5715 1461 5787 in
1486 5713 1701 5787 domum

135 5786 325 5843 divitem
349 5798 410 5845 et
435 5785 762 5857 locupletem
791 5802 809 5838 :
835 5786 1002 5855 legem
1046 5785 1423 5857 enimDomini
1450 5785 1705 5857 implebat

1770 496 2090 568 intraueritis,
2110 507 2411 568 interrogate
2424 500 2536 567 quis
2557 500 2610 554 in
2636 515 2696 553 ea
2732 499 2916 568 dignus
2934 501 3019 565 sit,
3047 512 3092 557 et
3116 505 3184 560 ibi
3223 523 3335 560 tua.
3363 543 3367 547 ν

1771 518 2090 561 επιταυεηασ,
2110 518 2411 568 Interrogata
2424 518 2536 567 quis
2557 518 2610 554 tn
2636 518 2696 553 ea
2732 518 2783 554 at
2822 518 2916 555 nus
2934 518 3019 565 stt,
3047 518 3092 557 et
3116 518 3183 560 tbi
3223 523 3335 560 tua.

1771 565 2132 648 netelﬂauh:
2156 566 2226 631 Χ,
2256 569 2367 639 ll).
2403 569 2594 648 gratae
2613 571 2754 648 enim
2780 518 2942 648 gadio
2959 572 3175 648 dignum
3199 579 3340 645 quod

1771 646 1914 710 esset
1933 637 2281 710 tentoriorum
2328 637 2548 707 opifex?
2580 641 2736 710 plane
2782 637 3153 710 quidemfflur
3198 637 3367 703 nouli

1771 706 2035 783 siquidem
2067 706 2415 783 tentotjorum
2442 706 2625 783 opifex
2659 720 2774 766 erat
2801 706 3090 769 secundum
3118 732 3342 783 pauper—

1772 778 1895 831 tatis
1919 778 2197 849 amorem?
2224 779 2405 833 Dicam
2459 781 2548 833 tibi
2579 780 2692 849 ejus
2720 783 3020 838 encomium
3047 778 3342 843 diademate

1771 848 2131 916 praestantius,
2150 858 2297 904 veste
2312 864 2567 917 purpurea
2587 848 2942 913 splendidius?
2963 855 3195 911 Salutate
3222 856 3345 912 Pri—

1771 918 1969 972 scillam
1988 929 2036 972 et
2059 920 2291 992 Aquilam
2336 920 2510 992 (Rom.
2537 919 2674 985 XVI,
2704 923 2759 985 5.
2788 924 2869 992 4).
2907 925 2973 980 Ει
2996 925 3245 982 feminam
3267 929 3342 982 vi-

1773 1002 1836 1060 ro
1863 990 2136 1060 praeponit,
2165 1000 2222 1043 ut
2248 998 2303 1043 tu
2346 991 2520 1045 discas
2571 990 3018 1060 majorem'l'uisse
3046 999 3097 1051 in
3146 998 3340 1053 femina

1773 1058 2042 1115 virtutem.
2073 1059 2308 1114 Salutate
2333 1060 2622 1116 Priscillam
2648 1058 2694 1116 et
2709 1062 2963 1130 Aquilam,
2983 1066 3048 1121 ad
3079 1067 3348 1123 Romanos

1773 1130 2034 1205 scribens,
2054 1130 2141 1200 qui
2161 1147 2253 1205 pro
2271 1132 2441 1205 animo
2455 1149 2565 1205 mea
2586 1148 2703 1186 suas
2722 1135 2935 1189 ceruices
2952 1150 3345 1205 supposuerunt.

1776 1197 1964 1253 Vidisti
1986 1197 2303 1276 encomium,
2336 1201 2511 1256 vidisti
2543 1212 2705 1276 testes
2720 1205 2896 1276 vivos,
2924 1197 3023 1270 Qui
3052 1197 3145 1276 pro
3172 1210 3347 1263 anima

1774 1284 1886 1323 mea
1906 1287 2024 1347 suos
2040 1272 2261 1347 ceruices
2288 1282 2673 1347 supposuerant:2
2689 1273 2992 1347 Martyrium
3023 1272 3344 1342 absolutum,

1776 1354 1881 1410 non
1901 1341 2159 1396 ell'usione
2185 1341 2475 1410 sanguinis,
2507 1343 2600 1397 sed
2627 1341 2886 1401 electione
2906 1347 3089 1401 animi.
3115 1347 3191 1404 Ne
3215 1341 3344 1403 mihi

1776 1409 1944 1487 dicas,
1975 1411 2090 1487 Non
2114 1412 2275 1468 occisi
2305 1412 2518 1487 fuerunt
2548 1431 2561 1467 :
2592 1416 2798 1471 etiamsi
2815 1417 2955 1470 enim
2986 1419 3156 1487 reipsa
3186 1420 3349 1473 occisi

1777 1495 1884 1536 non
1909 1480 2124 1547 fuerint,
2148 1485 2420 1553 proposito
2441 1492 2614 1538 tamen
2641 1487 2799 1541 occisi
2828 1497 2980 1541 sunt:
3011 1480 3145 1542 Deus
3168 1502 3348 1545 autem

1776 1567 1883 1628 non
1910 1554 2133 1628 requirit
2156 1554 2376 1617 exitum,
2407 1554 2499 1628 sed
2552 1556 2914 1628 intentionem.
2975 1558 3248 1628 Siquidem
3295 1568 3358 1613 et

1776 1623 2044 1699 libraham
2066 1624 2228 1699 lilium
2256 1627 2524 1699 mactavit,
2550 1626 2791 1699 quamvis
2810 1643 2916 1699 non
2946 1623 3212 1694 mactavit,
3237 1629 3351 1699 gla-

1777 1691 1897 1747 dius
1922 1695 2061 1747 enim
2094 1696 2190 1749 fuit
2220 1691 2585 1767 mt_tndus_,_ct
2611 1695 2774 1767 dicit,
2808 1696 2929 1767 Non
2957 1691 3219 1767 pepercisti
3239 1691 3353 1767 ﬁlio

1779 1773 1864 1838 tuo
1896 1774 2098 1833 propter
2134 1782 2213 1819 me
2237 1764 2390 1838 (Geni.
2417 1764 2584 1826 XXII.
2611 1766 2678 1821 12
2701 1777 2749 1838 et
2781 1768 2803 1838 l_
2813 1765 2890 1838 6).
2912 1764 3030 1823 Non
3070 1764 3354 1838 pepercisti

1777 1835 1975 1900 animo,
2001 1850 2101 1904 ego
2148 1850 2277 1891 vero
2305 1837 2476 1904 reipsa
2508 1837 2736 1904 peperci.
2770 1835 2871 1904 Qui
2916 1855 3007 1905 pro
3043 1835 3214 1893 anima
3242 1856 3355 1893 mea

1779 1920 1897 1958 suas
1922 1905 2130 1959 ceruices
2151 1917 2542 1975 supposuerunt.
2572 1905 2836 1976 Sanguine
2853 1910 3160 1975 Apostolum
3188 1925 3354 1965 cxce-

1778 1985 1992 2050 perunt.
2018 1978 2097 2030 An
2122 1976 2454 2031 intellexistis
2488 1976 2629 2050 quod
2659 1977 2810 2050 dixi?
2839 1978 2952 2034 Non
2980 1981 3121 2033 enim
3162 1994 3356 2050 porcos

1779 2045 1864 2119 vel
1893 2060 2057 2119 agnos
2088 2054 2411 2119 mactarunt.
2444 2045 2536 2119 sed
2567 2049 2873 2118 sanguinem
2917 2045 3191 2119 proprium
3216 2050 3355 2105 ellu-

1780 2115 1992 2187 deruut.
2017 2117 2061 2170 Ο
2088 2115 2458 2186 hospitalitatis
2480 2115 2742 2187 fastigium
2773 2119 2787 2174 l
2820 2115 2931 2175 Alii
2949 2121 2992 2173 si
3019 2115 3203 2175 decem
3223 2121 3354 2174 obo-

1780 2185 1861 2239 los
1883 2185 2149 2261 dederint,
2181 2187 2447 2241 tnolestari
2489 2185 2628 2257 a‘gre
2676 2187 2852 2261 ferunt
2878 2207 2892 2244 :
2923 2190 2996 2243 illi
3043 2192 3354 2261 sanguinem

1781 2269 1933 2328 suum
1954 2256 2223 2323 fuderunt,
2243 2266 2297 2312 et
2312 2256 2621 2328 praesentem
2640 2260 2797 2314 vitam
2816 2256 3242 2315 contemnebant.
3268 2261 3357 2315 Vir

1784 2326 2057 2400 hospitalis
2072 2329 2143 2383 ita
2167 2326 2484 2397 conspicuus
2508 2329 2702 2400 evadit,
2734 2346 2837 2384 non
2867 2332 3004 2386 sicut
3020 2331 3053 2386 ii
3070 2332 3158 2400 qtti
3190 2346 3354 2395 nunc,

1783 2406 1933 2471 torvo
1959 2399 2103 2453 vultu
2129 2408 2184 2454 et
2207 2399 2503 2465 superciliis
2545 2399 2716 2465 elatis,
2746 2401 3058 2471 gloriantur.
3086 2399 3131 2457 si
3172 2401 3356 2457 decem

1782 2469 1970 2524 obolos
1991 2484 2085 2536 per
2108 2483 2294 2525 servos
2322 2483 2447 2539 suos
2478 2472 2688 2539 p:mperi
2711 2469 2974 2527 dederint.
3003 2472 3066 2525 lli
3097 2487 3224 2526 vero
3249 2486 3355 2526 nou

1785 2539 1945 2605 item;
1988 2555 2108 2594 nam
2136 2550 2191 2595 et
2213 2540 2310 2609 ipsi
2340 2538 2461 2594 facti
2485 2550 2610 2593 sunt
2637 2542 2800 2595 servi.
2822 2541 2912 2597 Sic
2934 2551 2989 2597 et
3011 2541 3278 2598 Abraham
3301 2551 3358 2596 et

1783 2608 1914 2666 Sara
1939 2627 1953 2663 :
1986 2624 2106 2664 nam
2132 2610 2218 2665 illa
2234 2608 2575 2665 commiscuit
2598 2610 2951 2674 farinam,non
2965 2613 3254 2668 secundum
3269 2627 3361 2667 ea-

1786 2696 1900 2753 rum
1917 2695 2033 2750 quae
2052 2695 2193 2753 nunc
2207 2690 2329 2736 sunt
2342 2680 3051 2753 muliernmdmollitietu,qua3
3075 2697 3206 2753 auro
3225 2683 3362 2736 seri-

1785 2748 1972 2815 eisque
1996 2750 2232 2805 vestibus
2280 2764 2524 2806 naturam
2551 2751 2713 2807 efﬁcit
2748 2748 3086 2821 ignaviorem.
3114 2748 3208 2808 llla
3229 2767 3358 2811 vero

1785 2820 2060 2876 molitricis
2088 2821 2200 2876 obit
2218 2837 2435 2877 munera
2455 2838 2468 2874 :
2487 2822 2718 2884 dicitque
2744 2820 2815 2877 illi
2836 2825 3081 2878 maritus:
3104 2823 3355 2884 Accelera,

1786 2892 1884 2945 tria
1919 2903 2031 2946 sala
2082 2893 2261 2947 simin
2298 2892 2562 2946 commisce
2604 2891 2756 2955 (Cen.
2807 2891 2991 2958 XVII],
3035 2892 3114 2961 6).
3180 2892 3360 2962 Neque

1785 2963 2093 3031 respondit,
2123 2964 2367 3018 Haeccine
2394 2972 2519 3034 sunt
2545 2963 2879 3018 tolerabilia?
2908 2980 3063 3019 mene
3081 2974 3358 3034 cognatam

1786 3034 2035 3104 accepisti
2054 3049 2146 3101 pro
2167 3034 2379 3104 pistoria
2402 3033 2425 3086 ἲ
2445 3048 2621 3088 nonne
2639 3034 2818 3089 dotem
2838 3035 3024 3089 attuli?
3044 3033 3218 3089 nonne
3239 3048 3359 3088 sum

1788 3103 1950 3174 libera
1972 3104 1995 3156 ‘l
2019 3120 2138 3171 qua:
2177 3105 2489 3159 famularum
2521 3113 2644 3158 sunt
2672 3105 2903 3174 imperas
2948 3105 3097 3159 mihi.
3130 3104 3362 3159 llaccine

1786 3187 1883 3242 spe
1907 3173 2034 3228 fulta
2073 3175 2192 3230 veni
2224 3175 2275 3229 in
2322 3174 2538 3229 domum
2587 3184 2728 3231 tuam
2752 3173 2780 3227 ἲ
2808 3174 2946 3229 Nihil
2990 3174 3178 3230 horum
3207 3173 3362 3239 dixit,

1788 3243 1880 3298 sed
1910 3242 2175 3300 festinavit
2195 3254 2249 3300 et
2272 3245 2635 3299 commiscuit:
2656 3260 2790 3301 uxor
2812 3247 2954 3302 enim
2981 3257 3096 3301 erat
3112 3244 3359 3309 Abralue,

1791 3331 1894 3367 nou
1926 3316 2045 3369 vita:
2072 3316 2192 3386 lege
2216 3316 2389 3370 solum
2414 3355 2433 3386 ί.
2488 3316 2581 3369 sed
2629 3317 2790 3370 etiam
2842 3317 3101 3370 bonorum
3143 3330 3365 3384 operum

1788 3386 2004 3440 virtute.
2048 3385 2380 3448 Communis,
2410 3385 2599 3455 inquit,
2628 3387 2698 3441 sit
2747 3386 3096 3455 hospitalitas.
3127 3401 3338 3439 commu

1790 3470 1913 3510 nem
1939 3471 2148 3525 quoque
2175 3456 2399 3510 fructum
2428 3456 2741 3511 referamus.
2774 3455 3075 3511 Thesaurus
3102 3464 3217 3516 est,
3244 3456 3320 3509 ait
3345 3474 3358 3508 :

1792 3542 1896 3578 una
1925 3527 2090 3581 simus
2119 3527 2399 3595 participes
2424 3543 2437 3578 :
2464 3541 2564 3595 ego
2589 3526 2827 3590 vitulum,
2852 3538 2905 3580 tu
2929 3525 3126 3580 farinas
3148 3526 3363 3580 oll'eres.

1792 3596 2027 3651 Vitulum
2057 3598 2328 3659 mactavit,
2355 3606 2410 3651 et
2453 3598 2657 3665 accepit
2696 3596 2847 3652 Isaac
2876 3615 2889 3650 :
2919 3596 3112 3650 fariuas
3157 3597 3369 3650 miscuit

1793 3667 1900 3731 illa,
1931 3666 1997 3721 Et
2022 3670 2212 3738 factum
2233 3677 2304 3721 est
2326 3683 2492 3738 semen
2515 3668 2625 3737 ejus
2669 3669 2798 3722 sicut
2821 3669 2967 3722 stella
2992 3668 3125 3734 cieli,
3156 3677 3201 3719 et
3238 3667 3368 3719 sicut

1793 3754 1948 3792 arena
1967 3737 2143 3794 maris.
2170 3737 2293 3792 llaac
2311 3737 2432 3792 dico
2455 3739 2739 3792 humanum
2762 3738 2948 3792 fastum
2966 3738 3287 3806 deprimens,
3316 3748 3371 3790 et

1795 3810 2018 3863 divitum
2036 3810 2272 3864 omnium
2294 3809 2579 3863 amentiam
2609 3820 2978 3875 contemnens,
3006 3822 3371 3879 pauper-osque

1794 3880 2098 3942 consolans,
2128 3889 2185 3932 nt
2205 3895 2362 3933 nemo
2390 3880 2473 3934 vel
2507 3881 2557 3933 in
2583 3889 2892 3949 paupertate
2936 3894 2994 3933 se
3012 3878 3264 3946 ’dejiciat,
3289 3878 3371 3931 vel

1796 3951 1846 4003 in
1871 3949 2070 4004 divitiis
2092 3964 2152 4004 se
2179 3951 2401 4004 extollat
2427 3967 2439 4002 :
2472 3949 2584 4004 lucc
2611 3961 2788 4005 autem
2814 3950 2972 4004 ambo
3000 3960 3123 4003 sunt
3164 3949 3372 4001 virtutis

1796 4020 2196 4089 impedimenta.
2245 4020 2401 4074 Ratio
2442 4030 2617 4076 autem
2647 4021 3016 4088 gubernatoris
3067 4020 3261 4073 nautici
3291 4020 3369 4071 vi-

1795 4107 1911 4145 cem
1937 4092 2159 4151 obtioet,
2195 4106 2313 4158 qua:
2340 4105 2511 4159 neque
2554 4108 2584 4144 a
2634 4100 2837 4159 tempes
2862 4099 2949 4145 ate
2997 4090 3372 4152 submergitur,

1797 4176 1971 4231 neque
1997 4178 2024 4213 a
2052 4162 2338 4216 serenitate
2381 4161 2592 4216 mollior
2631 4159 2896 4231 efﬁcitur;
2929 4161 3021 4214 sed
3053 4161 3103 4214 in
3135 4169 3374 4231 tempore

1797 4229 1994 4301 dispari
2025 4246 2201 4300 parem
2228 4246 2447 4286 servans
2478 4229 2862 4301 philosophiam
2883 4246 3010 4301 _nec
3038 4232 3140 4283 ulla
3161 4230 3375 4301 diversi-

1796 4297 1905 4356 tate
1935 4297 2195 4365 movetur,
2226 4318 2287 4355 ac
2307 4303 2389 4356 vel
2422 4297 2521 4356 hoc
2546 4303 2628 4357 vel
2664 4297 2789 4354 illud
2816 4299 3044 4356 efﬁcitur
3074 4316 3087 4353 :
3118 4301 3251 4354 sicut
3276 4297 3378 4353 Job

1798 4388 1971 4439 neque
1989 4373 2040 4426 in
2065 4380 2374 4440 paupertate
2396 4371 2735 4436 blasphemus
2754 4370 2871 4437 fuit,
2903 4386 3074 4439 neque
3103 4372 3154 4423 in
3177 4370 3377 4423 divitiis

1798 4443 1990 4506 elatus,
2016 4443 2109 4497 sed
2131 4458 2250 4496 cum
2281 4443 2430 4496 dives
2450 4451 2610 4503 esset,
2638 4440 2829 4509 januas
2856 4441 3103 4510 aperuit;
3134 4455 3253 4494 cum
3282 4454 3376 4494 ve-

1797 4528 1860 4568 ro
1882 4527 2081 4582 pauper
2107 4521 2270 4576 esset,
2322 4513 2481 4566 latera
2513 4512 2795 4582 patefecit:
2822 4518 2947 4582 tunc
2993 4511 3204 4580 quidem
3252 4526 3380 4576 pau-

1802 4581 2014 4653 peribus
2059 4583 2280 4640 amicus.
2312 4593 2492 4651 postea
2521 4581 2649 4637 vero
2693 4581 3062 4652 philosophus,
3085 4595 3148 4634 ac
3201 4596 3377 4635 rerum

1800 4655 2188 4708 mundanarum
2235 4653 2594 4706 diversitatem
2638 4654 2870 4707 calcans.
2925 4653 3209 4721 Postquam
3250 4666 3379 4706 vero

1800 4734 1942 4779 tanta
1973 4725 2040 4779 de
2067 4724 2410 4779 tentoriorum
2457 4722 2646 4792 opiﬁce
2670 4724 2920 4788 diximus,
2947 4738 3044 4791 age
3066 4723 3223 4777 etiam
3249 4737 3381 4775 non-

1801 4796 1945 4851 nulla
1976 4810 2159 4850 eorum
2183 4811 2303 4864 qua:
2331 4795 2648 4863 protulimus
2672 4794 2849 4849 denuo
2874 4804 3182 4854 tractemus,
3216 4807 3381 4861 pauca

1800 4866 2012 4934 quidem
2043 4865 2204 4920 verba
2227 4868 2277 4917 in
2308 4865 2537 4936 medium
2566 4865 2916 4936 profereutcs,
2946 4865 3381 4936 immensunlve-

1802 4932 1863 4991 ro
1887 4947 2237 5006 cunceptuum
2266 4935 2482 5006 polagus
2510 4932 2663 4991 nobis
2706 4936 2834 5004 ipsis
2865 4935 3186 5004 aperientes.
3240 4932 3382 5006 Talis

1801 5010 1944 5061 enim
1971 5002 2070 5062 est'
2100 5002 2821 5075 tbesat’n-us'Scripturartim,
2867 5002 2990 5075 quae
3039 5020 3143 5057 non
3194 5002 3381 5075 verbo-

1804 5093 1922 5131 rum
1970 5078 2141 5147 copia,
2172 5076 2267 5131 sed
2322 5073 2675 5146 conceptuum
2724 5077 2773 5130 vi
2819 5073 3196 5147 abundantiam
3227 5073 3382 5128 nobis

1804 5142 2076 5203 exhibeni.
2124 5148 2257 5215 Quid
2315 5147 2474 5218 igitur
2494 5142 2506 5146 ⁷
2534 5149 2608 5201 ait
2654 5142 3223 5218 tentoriorunnopiiex
3252 5185 3266 5205 ,
3290 5213 3302 5218 Α
3323 5158 3384 5218 os

1804 5221 2085 5274 sanctitate
2148 5213 2462 5286 vrepletdm,
2517 5218 2691 5288 lingua
2768 5218 2923 5270 morti
3006 5213 3385 5271 formidanda?

1803 5290 1930 5361 quid
1960 5289 2144 5344 scribit
2185 5290 2401 5361 dextera
2455 5288 2540 5342 illa
2594 5306 2622 5341 a
2672 5288 2898 5342 vinculis
2923 5296 3105 5361 ornata
3131 5326 3147 5348 ,
3168 5295 3246 5361 _et
3273 5300 3381 5361 ma:

1807 5354 1940 5414 uicis
2014 5360 2340 5414 circumdata
2369 5398 2387 5423 ,
2460 5368 2803 5429 mortuosque
2884 5355 3192 5411 suscitans?
3257 5354 3382 5429 quid

1806 5430 2026 5500 scribit?
2051 5430 2177 5500 quid
2207 5430 2281 5483 ait
2299 5431 2471 5499 lingua
2497 5430 2617 5483 illa?
2644 5425 2768 5496 quid
2801 5428 2985 5482 scribit
3009 5428 3226 5500 dextera
3255 5425 3383 5479 illa?

1806 5499 1989 5570 Itaque
2016 5496 2124 5562 nos,
2161 5510 2209 5554 rt
2235 5501 2278 5555 si
2317 5496 2545 5555 nouimus
2585 5501 2859 5554 secundum
2882 5514 3084 5570 carnem
3105 5496 3382 5570 Christum,

1806 5573 1894 5626 sed
1907 5568 2047 5626 nunc
2064 5573 2177 5642 jam
2202 5588 2304 5625 non
2328 5572 2573 5642 nouimus.
2598 5572 2768 5640 Siqua
2795 5586 2912 5642 ergo
2937 5570 2989 5642 in
3004 5568 3224 5642 Christe,
3257 5581 3385 5619 naua

1806 5654 2035 5697 creatura
2051 5638 2115 5709 ('ll
2136 5642 2254 5697 Cor.
2278 5642 2344 5707 V,
2366 5641 2583 5712 16,17).
2614 5638 2863 5703 Attende,
2888 5639 2952 5694 ad
2981 5641 3141 5694 imum
3160 5638 3382 5691 descen-

1808 5715 2005 5775 dimus.
2034 5712 2096 5768 Si
2129 5730 2229 5784 qua
2255 5729 2372 5782 ergo
2398 5715 2451 5767 in
2496 5712 2717 5775 Christo,
2764 5727 2891 5765 noua
2917 5722 3193 5784 creatura:
3221 5717 3386 5759 uetera

1808 5779 2151 5847 transierunt,
2183 5779 2462 5854 ecce/itote
2486 5793 2601 5839 sunt
2629 5783 2799 5854 omnia
2820 5795 2994 5854 uasa;
3025 5779 3195 5832 omnia
3216 5789 3391 5854 auer

134 5858 372 5917 dicentem
397 5876 416 5913 :
448 5856 524 5913 In
545 5848 1086 5924 calamumque-autem
1117 5856 1362 5911 civitatem
1394 5866 1481 5911 aut
1499 5848 1707 5910 domum
1741 5849 1781 5911 εἰ
1813 5872 1874 5911 ex
1903 5855 2029 5910 Deo.
2064 5848 2366 5911 'l'hesaurtis
2387 5866 2467 5911 est
2493 5853 2831 5911 absconditus
2849 5850 3061 5920 quidem
3088 5866 3102 5916 ;
3135 5849 3229 5905 sed
3250 5848 3382 5904 cllo-
