3864 6418
147 388 208 442 ﬂ
1476 373 1717 432 SPURIA

1861 373 2087 430 EDA“.
3357 378 3427 432 διε

149 504 313 559 tende
362 503 670 572 diligenter.
701 497 1046 572 Nongfac‘lum
1069 505 1149 550 est
1176 495 1369 572 coelum
1398 510 1737 572 novumnnec

145 574 226 627 sol
257 567 763 637 novu<,'ttecterra.
806 568 940 637 Quid
963 568 1104 622 enim
1144 567 1272 620 mihi
1296 567 1661 630 emolumenti,
1693 567 1738 622 si

143 647 346 699 celum
404 645 600 700 factum
655 643 839 696 fuisset
885 654 1096 700 novum,
1131 651 1230 706 ego
1257 651 1386 691 vero
1430 641 1479 691 in
1506 638 1740 707 peccatis

144 730 539 781 perntausurus
567 712 779 768 essem?
807 710 930 780 quid
976 723 1061 781 me
1100 708 1243 776 iuvat
1263 716 1353 761 aut
1378 707 1522 781 laedit
1545 709 1737 781 coelum

143 778 292 839 idem
315 801 565 846 manens,
589 800 708 839 Cum
732 778 952 850 egonon
974 779 1112 833 idem
1134 779 1508 850 permaneant?
1531 778 1735 850 Caelum

142 868 228 912 est
282 857 504 918 donms,
545 871 646 923 ego
678 847 808 906 vero
837 849 1272 923 sutntnorbidus.
1305 847 1358 903 Si
1373 863 1512 923 ergo
1543 849 1738 923 videris

145 927 422 982 medicum
452 919 839 994 ingredientem
870 923 920 976 in
947 922 1184 994 domum,
1215 930 1269 994 et
1297 919 1737 994 nttllatnquidem

145 999 349 1052 infirmi
395 990 578 1050 curam
629 996 935 1052 habentem.
986 991 1078 1046 sed
1121 990 1353 1059 parietes
1378 990 1735 1059 dealbantem,

146 1069 379 1123 lacunar
427 1083 562 1120 auro
608 1076 910 1124 ornantent,
959 1058 1134 1116 annon
1183 1059 1388 1114 diceres
1420 1058 1506 1113 :0
1555 1059 1734 1116 homo,

145 1155 277 1193 cura
304 1138 611 1207 agnitum?
639 1134 746 1190 Cur
783 1134 997 1207 domum
1028 1129 1228 1185 ornas?
1255 1130 1496 1184 Christus
1514 1145 1740 1207 quoque

144 1211 199 1264 in
231 1201 384 1263 hunc
436 1207 693 1261 mundum
727 1207 890 1268 venit,
923 1205 973 1257 in
1001 1217 1106 1272 quo
1136 1215 1336 1272 :rgram
1356 1201 1550 1268 reperit
1589 1211 1741 1272 natu-

144 1296 264 1334 ram
291 1295 493 1333 meam.
525 1278 728 1331 Rursus
756 1269 1126 1328 atlemledicto
1157 1285 1295 1324 meo.
1319 1269 1484 1324 Intrat
1505 1271 1740 1325 medicus

145 1351 201 1404 in
229 1365 486 1418 magnam
515 1348 753 1408 domum,
778 1346 976 1399 invenit
1001 1343 1267 1418 hominem
1296 1349 1550 1418 aegrotum
1582 1340 1741 1395 febri-

124 1412 433 1481 citantém,
461 1420 640 1472 ulcera
661 1418 941 1471 habentem
973 1432 985 1466 :
1014 1429 1078 1466 an
1104 1412 1349 1480 relinquit
1374 1422 1648 1479 :egrotum,
1672 1427 1739 1466 an

145 1492 344 1559 surgit,
378 1490 597 1544 dealbat
628 1488 881 1557 parietes,
918 1487 1118 1559 inaurat
1149 1483 1383 1559 lacunar,
1416 1492 1570 1534 ornat
1599 1483 1740 1550 pavi-

145 1553 439 1615 mentum?
465 1553 806 1628 Nequaquam
835 1576 846 1611 :
880 1555 1004 1610 nihil
1027 1564 1173 1628 curat
1207 1553 1444 1628 domum,
1475 1563 1741 1628 tutamque

148 1633 476 1685 industriam
507 1622 576 1684 ad
596 1622 858 1698 :egroIUIn
887 1625 1170 1698 Convertit.
1200 1622 1255 1678 Si
1279 1625 1538 1698 sanusmsit
1567 1635 1740 1693 pater-

148 1703 412 1763 familias,
469 1691 672 1754 ca‘tera
723 1707 1036 1767 sequuntur.
1069 1694 1142 1748 Ita
1169 1709 1376 1767 quoque
1416 1691 1659 1767 Christus
1687 1698 1737 1748 in

149 1772 296 1826 hunc
340 1772 605 1826 mundum
626 1763 1028 1833 venit,'carnem
1059 1763 1362 1833 assumpsit,
1397 1763 1588 1834 ubique
1615 1780 1740 1818 vero

146 1860 375 1911 semper
385 1843 542 1896 adest
559 1860 572 1894 :
589 1842 888 1910 ingressum
903 1848 1076 1911 autem
1093 1839 1206 1904 ejus
1217 1836 1566 1890 meonomiant
1588 1845 1741 1911 vocat

147 1907 456 1980 &riptura.
486 1907 766 1980 Ingressus
801 1919 884 1964 est
930 1909 982 1963 in
1025 1908 1164 1961 hunc
1186 1921 1430 1980 magnum
1460 1907 1736 1980 mundum,

145 1976 309 2052 quem
344 1985 466 2054 ipse
497 1976 854 2037 adornaverat
905 1995 920 2034 :
972 1987 1343 2054 trgrota_ntetn_
1364 1976 1564 2030 invenit
1589 1986 1738 2054 natu:

147 2046 262 2108 ram
293 2046 596 2108 hu'manam
628 2074 641 2108 :
674 2061 926 2122 mgrotam
957 2046 1058 2102 non
1084 2049 1135 2102 iu
1166 2049 1301 2122 lecto
1323 2046 1612 2122 jacentem,
1645 2047 1740 2102 sed

149 2126 202 2178 in
249 2127 501 2195 nequitia
543 2117 881 2192 prostratam,
913 2134 1248 2195 communem
1272 2117 1601 2195 harmoniam
1625 2133 1742 2188 pes-

150 2187 492 2261 sumda'tam,
511 2187 633 2248 aras
646 2206 920 2252 accensas,
943 2189 1182 2244 nidorem
1211 2187 1593 2244 sacrificiorum
1619 2187 1740 2242 aera

147 2268 476 2330 undantem,
513 2267 709 2319 liberos
757 2278 786 2316 a
838 2261 1142 2331 parentibus
1171 2267 1448 2324 mactatos,
1501 2267 1742 2313 naturam

147 2338 555 2396 conculcatam,
587 2336 732 2405 leges
753 2344 1293 2405 naturteconcussas,
1318 2331 1745 2405 commiseratio-

156 2424 283 2461 netn
330 2401 705 2474 contemptam
742 2423 756 2460 :
791 2402 818 2456 I
826 2403 1187 2474 inmolaverunt
1215 2402 1346 2474 ﬁlios
1371 2416 1488 2474 suos
1517 2409 1563 2452 et
1612 2401 1745 2474 ﬁlias

143 2494 266 2532 uas
302 2471 583 2531 demoniis
609 2476 785 2541 (Psal.
817 2473 925 2539 CV,
953 2474 1046 2541 '57)
1090 2489 1103 2526 :
1140 2471 1383 2525 homines
1413 2471 1629 2538 impune
1657 2471 1748 2526 de-

146 2549 525 2613 bacchantes;
576 2547 716 2602 hunc
754 2546 964 2615 quidem
989 2541 1274 2604 cinaedum,
1304 2541 1444 2596 hunc
1465 2557 1590 2595 vero
1611 2557 1747 2597 mte—

145 2620 338 2680 chum,
394 2621 539 2672 hunc
581 2616 924 2678 homicidam,
963 2623 1159 2668 terram
1205 2623 1366 2666 tOtam
1414 2621 1745 2681 pereuntem,

152 2689 480 2744 hominibus
533 2689 584 2743 in
643 2687 894 2758 nequitia:
945 2685 1083 2758 lecto
1128 2683 1449 2758 jacentihus,
1480 2681 1748 2758 diabolum

147 2761 492 2824 adstantem,
539 2753 808 2814 caminum
852 2755 1250 2818 aceendentem,
1297 2754 1475 2809 ulcera
1520 2753 1748 2823 implen-

151 2843 284 2893 tem,
332 2830 583 2886 medicos
606 2831 950 2892 deficientes;
983 2825 1288 2896 prophetas,
1321 2825 1560 2896 inquam,
1589 2841 1750 2896 accu-

151 2913 362 2967 santes,
423 2917 533 2956 non
577 2902 939 2970 corrigentes;
983 2897 1218 2970 medicos
1246 2895 1563 2970 assidentes,
1591 2895 1751 2970 pltar-

153 2988 302 3026 maca
369 2967 758 3040 pra-parantes,
810 2983 910 3025 nec
955 2967 1266 3040 adjuvantes
1297 3007 1311 3030 ,
1366 2968 1461 3020 sed
1511 2968 1749 3022 omniuut

150 3039 532 3097 accusatores.
571 3041 691 3096 Non
722 3051 794 3095 est
825 3042 997 3110 justus
1041 3039 1324 3110 quisquam,
1353 3039 1752 3110 no_n_estreqai-

152 3131 268 3168 rens
301 3113 482 3166 Deum
515 3112 693 3178 (Ρωι.
741 3106 876 3174 XIII,
903 3110 958 3174 ‘2,
987 3109 1114 3164 coll.
1146 3107 1332 3161 Ezeclt.
1357 3177 1360 3178 ν
1387 3106 1627 3172 XXXIV,
1648 3106 1750 3178 '6).

151 3184 419 3240 H'rocitte
450 3177 728 3237 medicus?
759 3184 1011 3250 Qutenam
1043 3179 1200 3250 igitur
1229 3177 1471 3250 spes’est,
1498 3177 1756 3250 cum_me-

157 3255 315 3309 dicus
364 3269 576 3322 :egrum
626 3247 878 3307 accusat?
907 3247 1132 3322 Quidam
1168 3265 1297 3304 vero
1344 3247 1755 3322 dicebaterqui

152 3321 441 3379 uiatores
475 3325 596 3394 {acti
632 3335 748 3378 sunt
779 3322 933 3393 (Jer.,
963 3321 1117 3394 V,_8)
1148 3336 1163 3373 :
1190 3322 1526 3394 unusquisque
1543 3321 1611 3394 ad
1630 3337 1757 3394 uxo-

154 3415 259 3450 rem
313 3389 553 3467 proximi
589 3396 668 3467 sui
715 3389 972 3467 hiiiniebat
1029 3389 1047 3457 (
1085 3389 1199 3467 λετ.
1244 3389 1414 3467 ΙΙῌΞ,
1458 3390 1754 3467 ἰῃβιπωᾳτ).

157 3458 326 3521 Αιωί
349 3467 500 3519 sedit
533 3467 581 3518 in
607 3465 824 3520 deserto
848 3465 984 3518 sicut
1009 3463 1224 3524 cornix;
1267 3463 1399 3515 alter
1432 3479 1445 3516 :
1485 3458 1572 3514 Va:
1610 3458 1755 3526 mihi,

157 3539 274 3605 quia
305 3539 468 3605 periit
506 3547 712 3589 sanctus
745 3536 808 3590 de
824 3546 978 3602 terra,
1011 3541 1248 3605 arrectus
1277 3532 1328 3586 in
1349 3531 1634 3605 hominibus
1657 3550 1758 3605 non

157 3601 229 3662 est
278 3601 488 3677 ()liclt.
514 3606 626 3670 VII,
653 3607 718 3676 2)
747 3607 762 3660 Ξ
803 3606 937 3660 alter
1015 3601 1343 3677 Maledicta»:
1369 3612 1415 3677 et
1443 3603 1760 3665 mendacium

162 3690 208 3731 et
250 3673 465 3749 furtum
513 3687 560 3730 et
610 3673 918 3730 adulterium
956 3673 1428 3749 inundaoerunt
1477 3682 1656 3749 terra;
1685 3677 1762 3728 vir

166 3743 389 3804 fratrem
419 3763 570 3802 suum
596 3749 663 3800 ad
693 3757 903 3802 mortem
924 3755 1132 3800 venatur
1157 3745 1176 3814 (
1199 3743 1326 3798 Osee
1351 3744 1416 3798 lV
1437 3784 1451 3806 ,
1473 3745 1552 3815 2).
1577 3745 1756 3799 Alter:

175 3819 262 3873 ιἰε
306 3820 458 3891 genti
488 3821 755 3887 peccatrici
802 3815 1150 3891 (Isai.AI,4)!
1183 3816 1466 3884 Egreditur
1521 3816 1762 3891 medicus

162 3885 528 3962 lacryinans':
559 3905 717 3958 quam
739 3885 887 3960 spem
908 3888 1071 3962 habet
1089 3897 1334 3962 aegrotus,
1357 3901 1476 3940 cum
1500 3885 1761 3942 medicum

165 3957 476 4032 «Inspiciat
504 3957 927 4031 Iaerymantem?
953 3959 1182 4032 qualem
1209 3957 1374 4032 babes
1421 3971 1594 4026 spem,
1641 3973 1762 4011 cum

167 4028 319 4086 illuni
351 4031 548 4086 videas
581 4028 990 4101 desperantem?
1018 4029 1144 4101 quid
1171 4028 1294 4083 boui
1317 4028 1385 4083 de
1409 4038 1610 4101 aegroto
1638 4042 1763 4101 spe-

167 4119 286 4157 rare
337 4103 548 4170 potes?
586 4099 899 4170 Quanquam
931 4099 1121 4154 medici
1171 4113 1334 4167 Stl'pe,
1360 4099 1566 4170 etiamsi
1597 4099 1766 4152 sciant

169 4169 480 4228 extremam
531 4169 740 4236 horam,
762 4169 770 4170 ί
794 4187 860 4227 ne
898 4179 1074 4225 tamen
1104 4171 1426 4239 propinquos
1449 4169 1631 4224 dolore
1653 4169 1768 4222 allio

169 4246 335 4309 ciant,
375 4244 576 4298 mentis
600 4242 844 4298 affectum
879 4240 1209 4309 philostiphia
1236 4241 1472 4304 vincunt,
1517 4240 1768 4294 hilarem-

171 4331 272 4383 que
315 4314 540 4367 vultum
596 4330 716 4369 cum
765 4314 1069 4381 suspicione
1112 4325 1206 4383 sua
1239 4327 1345 4378 pra:
1388 4326 1448 4366 se
1475 4312 1670 4374 ferunt,
1703 4326 1769 4365 ne

170 4381 516 4454 agrotorum
560 4399 776 4438 sensum
821 4384 1141 4453 deprimant.
1170 4381 1300 4436 Cum
1339 4383 1496 4454 enim
1540 4391 1769 4452 aegrotus

175 4452 457 4511 medicum
490 4455 851 4510 videtvultum
880 4452 1193 4513 mutantem,
1225 4453 1350 4520 quid
1377 4452 1502 4507 boni
1549 4467 1770 4522 sperare

179 4527 400 4593 potest?
449 4524 548 4580 llic
593 4535 769 4578 autem
818 4524 952 4578 adeo
1003 4523 1276 4592 praevaluit
1303 4523 1540 4588 morbus,
1582 4534 1637 4576 ut
1658 4523 1771 4592 ipse

178 4597 432 4650 medicus
463 4596 674 4663 plorans
713 4595 917 4650 diceret
948 4610 961 4644 :
990 4593 1126 4659 Quid
1158 4594 1332 4649 facere
1353 4594 1602 4660 possum?
1629 4595 1772 4648 ulce-

178 4683 257 4729 ra,
309 4667 571 4733 putredo,
622 4681 850 4731 vermes,
879 4663 1079 4718 infinita
1113 4665 1246 4717 mala
1279 4681 1293 4717 :
1336 4663 1424 4719 Vw
1443 4665 1577 4734 genti
1598 4680 1774 4733 pecca-

179 4738 333 4790 trici!
359 4738 520 4790 Alius
542 4753 690 4800 vero,
720 4736 979 4791 Jeremias
1003 4735 1226 4800 scilicet,
1251 4735 1484 4804 integras
1511 4736 1772 4788 lamenta-

182 4810 365 4862 tiones
412 4809 688 4874 rescripsit
717 4825 732 4871 ;
763 4808 898 4860 alius
922 4807 1085 4874 luget,
1115 4807 1250 4858 alius
1279 4807 1616 4866 lamentatur,
1639 4806 1775 4859 alius

180 4889 368 4934 autem
389 4878 652 4936 hortatur;
691 4880 830 4932 Deus
847 4892 1078 4946 superne
1096 4918 1112 4940 ,
1139 4875 1358 4945 Reliqui,
1379 4875 1775 4945 inquit,domum

183 4966 353 5001 meam
384 4947 690 5020 (ΙεννΧΙΙ,
746 4952 821 5018 7).
850 4949 978 5013 Quae
1004 4947 1257 5020 deinceps
1283 4961 1404 5020 Spes
1431 4956 1531 5011 est,
1563 4948 1777 5015 quando

187 5020 329 5074 Deus
362 5017 516 5084 dicit,
547 5019 750 5086 Reliqui
776 5017 972 5081 Omnia,
993 5017 1167 5072 dimisi
1192 5017 1554 5072 lnereditatem
1577 5033 1772 5080 meam,

185 5089 307 5144 dedi
328 5089 586 5146 dilectam
605 5092 835 5144 animum
855 5104 1023 5143 meam
1039 5091 1090 5142 in
1109 5104 1267 5142 manu
1286 5088 1617 5143 inimicorum
1635 5105 1782 5142 tneo-

187 5177 304 5213 rum
322 5163 349 5214 ?
377 5163 524 5216 Elias
550 5177 676 5215 vero
697 5162 899 5214 inferne
920 5160 1154 5231 (clamat)
1181 5177 1194 5213 :
1221 5158 1461 5222 Domine,
1486 5159 1672 5231 altaria
1694 5168 1782 5212 tua

189 5233 580 5297 deuruazerunt,
602 5234 870 5299 prop/tetas
887 5241 996 5284 tuos
1012 5230 1321 5300 occiderunt,
1338 5240 1384 5282 et
1404 5246 1494 5300 ego
1515 5230 1782 5286 derelictus

189 5319 299 5354 sum
320 5306 485 5367 solus,
509 5312 552 5355 et
568 5311 805 5371 quierunt
817 5302 1038 5354 animant
1058 5316 1218 5354 meam
1235 5299 1324 5368 (III
1348 5299 1475 5371 Reg.
1494 5301 1636 5364 XIX,
1668 5301 1779 5370 i0).

190 5375 247 5426 Si
272 5389 404 5427 vero
422 5374 475 5427 in
492 5372 673 5428 Jud:ea
703 5373 814 5425 ha-c
841 5373 972 5426 facta
998 5381 1141 5431 sunt,
1161 5371 1249 5426 ubi
1269 5371 1374 5434 lex,
1395 5372 1482 5426 ttbi
1506 5374 1781 5440 tentp'tum,

193 5444 281 5497 ubi
309 5459 438 5498 arca
459 5485 477 5509 ,
509 5444 600 5496 ubi
625 5442 939 5497 sacrificium
965 5441 1264 5510 judaicum;
1305 5442 1428 5512 quid
1459 5443 1638 5496 videre
1671 5452 1786 5498 erat

194 5514 280 5567 ubi
311 5516 471 5569 nidor
492 5525 548 5570 et
571 5515 774 5577 funms,
802 5515 976 5582 iniqua
1001 5513 1312 5579 ministeria,
1343 5513 1672 5582 itnpietates;
1699 5514 1785 5568 ubi

196 5586 322 5639 vitia
354 5601 454 5654 pro
478 5587 582 5640 diis
628 5585 980 5649 habebantur,
1027 5584 1115 5638 ubi
1159 5599 1349 5638 canunt
1378 5599 1564 5638 vocem
1610 5585 1786 5638 imita-

195 5653 413 5720 bantur,
433 5659 526 5727 qui
558 5655 750 5711 Bacchi
806 5655 935 5710 festa
980 5653 1353 5727 celebrabant,
1387 5655 1579 5723 pellem
1607 5669 1784 5725 capra-

195 5740 314 5778 rum
347 5739 403 5780 et
426 5725 617 5782 canum
651 5740 846 5793 voces,
886 5735 942 5779 ut
971 5725 1296 5780 nobilitatem
1327 5741 1547 5795 prorsus
1575 5728 1788 5780 amitte-

198 5798 346 5849 rent?
365 5798 554 5859 Canes,
585 5811 798 5868 porcos,
826 5797 955 5852 deos
986 5796 1108 5852 fecit
1136 5795 1411 5868 diabolus,
1434 5798 1642 5868 viperas
1668 5797 1790 5852 fecit

199 5878 251 5920 et
275 5880 589 5938 serpentes,
631 5868 844 5939 aspidcs
874 5868 1022 5925 albas
1059 5869 1351 5923 constituit.
1394 5867 1501 5924 Lex
1531 5867 1790 5924 imbecilla

1847 508 1928 552 est
1952 541 1968 564 ,
1998 497 2268 567 propheta!
2297 499 2555 555 incusant.
2583 499 2718 570 Quid
2751 503 2925 567 itaque
2946 540 2960 558 ,
2988 514 3020 550 ο
3051 499 3243 570 miser?
3269 499 3423 557 Clu-3..

1843 579 1955 639 stus
1985 571 2204 634 intrans,
2237 581 2290 626 et
2322 572 2458 626 hunc
2485 569 2738 626 mundum
2770 571 3101 639 comperiens
3127 569 3261 622 adeo
3287 575 3423 630 male

1843 637 2079 710 habitum
2105 681 2120 702 ,
2165 651 2444 696 ornaturus
2487 653 2601 697 erat
2626 644 2818 700 caelum
2841 684 2855 704 ,
2888 637 2940 695 et
2968 657 3165 710 :rgrnm
3206 644 3421 700 missum

1843 708 2115 763 facturus?
2139 713 2208 764 At
2234 712 2332 766 hoc
2370 727 2472 765 non
2507 715 2658 775 fecit;
2690 714 2783 768 sed
2824 712 2889 766 ad
2932 708 3130 782 :rgrum
3159 715 3422 779 accurrit,

1843 790 2057 848 pr0pter
2082 797 2237 851 quem
2278 791 2331 836 et
2375 785 2566 838 ccelnm
2593 826 2606 847 ,
2655 794 2870 852 propter
2894 799 3049 853 quem
3099 794 3151 838 et
3193 793 3330 838 terra
3369 797 3426 843 et

1843 865 1990 906 mare
2009 892 2022 910 .
2051 862 2104 905 et
2132 868 2223 906 aer
2258 862 2312 907 et
2339 855 2539 920 reliqua
2567 856 2761 907 omnia.
2794 853 2993 911 Idcirco
3025 869 3197 922 neque
3225 853 3422 914 calum

1843 930 2123 976 sanaturus
2147 934 2279 985 erat,
2306 925 2398 977 sed
2423 927 2708 979 hominem.
2739 927 3016 985 Protulerea
3047 925 3094 978 id
3116 926 3257 994 quod
3280 942 3422 995 :rgro

1843 1003 2280 1064 unguatumgerat
2304 997 2624 1063 assumpsit,
2658 1008 2711 1050 et
2737 997 2879 1049 venit
2924 1006 3171 1063 tanquam
3215 999 3257 1050 si
3311 997 3423 1064 ipse

1843 1076 1993 1136 aeger
2017 1063 2102 1136 ille
2127 1062 2332 1136 fuisset,
2365 1062 2612 1119 licet’non
2635 1082 2774 1136 :rger
2793 1074 2966 1120 esset:
2997 1062 3127 1136 nam,
3149 1062 3421 1120 Peccatum

1844 1134 2222 1205 nonfecittnec
2249 1135 2476 1205 inventus
2502 1147 2572 1189 est
2599 1134 2745 1191 dolus
2764 1137 2816 1189 in
2844 1153 2929 1189 ore
2955 1153 3061 1204 ejus
3089 1135 3129 1205 (l
3166 1136 3304 1190 Petr.
3341 1139 3376 1192 ll
3401 1177 3418 1201 .

1843 1203 1910 1269 ες
1939 1203 2066 1257 Isai.
2099 1204 2225 1268 LIII,
2255 1204 2309 1275 9)
2339 1223 2352 1260 :
2380 1206 2473 1259 sed
2517 1206 2660 1260 venit
2709 1222 2799 1261 vas
2831 1203 3027 1260 habens
3058 1203 3255 1260 natura:
3286 1209 3422 1261 illius

1844 1276 1970 1344 ξιξειὶ
1997 1286 2298 1341 cognatum.
2323 1276 2436 1330 Non
2466 1278 2605 1331 venit
2635 1292 2752 1331 cum
2784 1277 2920 1330 ttuda
2949 1277 3241 1341 divinitate,
3265 1295 3330 1333 ne
3345 1277 3424 1333 fu-

1844 1354 1992 1417 geret
2013 1356 2264 1414 aegrotus,
2298 1362 2364 1401 ne
2388 1348 2623 1417 abigeret
2648 1347 2877 1416 praedam
2905 1363 2918 1400 :
2943 1364 3124 1400 verum
3154 1350 3289 1402 sicut.
3314 1366 3422 1402 me-

1845 1416 1997 1470 dirus
2021 1432 2162 1484 Saepe
2186 1432 2383 1486 genere
2427 1416 2615 1472 nobilis
2645 1428 2695 1471 et
2723 1418 3038 1486 conSpicnus
3058 1459 3072 1481 ,
3121 1419 3277 1489 claris
3304 1435 3426 1489 pro-

1844 1489 2171 1557 genitoribus
2196 1497 2342 1540 orltts
2363 1529 2377 1547 ,
2423 1499 2477 1542 et
2521 1489 2707 1544 sericis
2747 1490 2970 1542 amictus
2999 1488 3234 1541 vestibus
3254 1530 3268 1553 ,
3300 1488 3418 1543 cu-u

1845 1574 2130 1628 pauperem
2169 1558 2279 1612 adit
2314 1569 2692 1628 mgrotantem,
2733 1560 2821 1628 qui
2851 1560 2930 1612 vel
2975 1560 3308 1627 operatione,
3340 1561 3421 1616 vel

1843 1629 1951 1683 alio
1975 1629 2212 1683 remedio
2249 1644 2380 1697 opus
2411 1629 2566 1683 habet
2594 1670 2609 1694 ,
2644 1641 2819 1684 vestes
2849 1629 3000 1683 exuit
3038 1639 3090 1683 et
3129 1631 3422 1685 claritatem

1843 1699 2060 1766 deponit
2083 1741 2098 1761 ,
2131 1709 2183 1752 et
2215 1699 2375 1752 linteo
2417 1715 2636 1769 accepto
2665 1716 2725 1754 se
2767 1701 3130 1766 circumcingit
3154 1743 3168 1763 ,
3218 1703 3425 1757 ustione

1844 1769 1925 1842 vel
1956 1769 2190 1842 sectione
2217 1785 2425 1842 usurus,
2456 1786 2553 1825 nec
2578 1771 2816 1842 dignitati
2847 1785 2976 1834 smn,
3007 1771 3099 1842 sed
3129 1771 3314 1824 morbo
3340 1772 3419 1825 la-

1845 1839 2083 1895 borantis
2110 1841 2367 1894 curationi
2396 1839 2660 1896 consulit}
2687 1842 2756 1895 ita
2783 1855 2992 1909 quoque
3024 1840 3143 1895 fecit
3174 1841 3425 1896 Dominus

1845 1911 2192 1980 angelorum,
2241 1914 2391 1977 cujus
2435 1912 2599 1980 gloria
2655 1910 2933 1966 ineffabilis
2983 1930 2995 1966 :
3051 1911 3322 1965 descendit
3368 1922 3425 1965 ut

1847 1984 2036 2054 homo;
2067 1981 2248 2044 linteo,
2277 1989 2460 2054 natura
2487 1998 2678 2054 nempe
2705 1991 2904 2048 nostra,
2930 1996 2989 2037 se
3014 1983 3380 2054 circttmcinxit
3409 2000 3422 2034 :

1845 2053 1934 2122 qui
1963 2052 2110 2106 dives
2136 2061 2268 2114 erat,
2301 2051 2467 2122 faetus
2487 2063 2568 2108 est
2596 2051 2812 2122 pauper,
2847 2068 2948 2106 non
2971 2052 3180 2122 amissis
3201 2053 3423 2116 divitiis,

1846 2121 1938 2175 Sed
1967 2121 2242 2176 occoltatis
2270 2142 2283 2175 :
2317 2121 2471 2176 Scitis
2495 2121 2648 2187 enim,
2679 2127 2772 2187 ait,
2802 2124 3018 2193 gratiam
3043 2121 3264 2180 Domini.
3296 2139 3424 2192 quo-

1847 2194 1986 2246 niam
2015 2203 2219 2261 prOpter
2248 2209 2336 2246 nos
2365 2209 2548 2261 egenus
2576 2196 2738 2262 factus
2763 2204 2854 2250 est.
2885 2211 2997 2245 cum
3020 2203 3145 2245 esset
3172 2194 3308 2248 diues
3329 2235 3343 2252 .
3373 2203 3427 2244 ut

1847 2265 1984 2336 illius
2012 2265 2186 2331 inopia
2226 2280 2317 2316 nos
2347 2263 2524 2336 diuites
2560 2282 2776 2319 essemus
2813 2264 2878 2336 (lI
2902 2263 3019 2320 Cor.
3047 2263 3159 2336 VIII
3182 2306 3196 2328 ,
3228 2265 3303 2336 9).
3332 2263 3425 2318 Vi-

1848 2335 1968 2389 disti
1999 2345 2355 2404 paupertatem
2379 2335 2676 2389 divitiarum
2706 2334 2924 2390 matrem
2948 2343 2966 2384 '.'
2994 2334 3166 2388 vidisti
3196 2335 3430 2404 indigeo—

1829 2407 1973 2460 .tiant
2011 2404 2345 2459 ιιιιιιιιώιιιιίιιε
2382 2406 2754 2460 occasionem?
2783 2406 2932 2460 dives
2980 2405 3149 2459 factus
3190 2415 3273 2459 est
3304 2423 3429 2472 ινιιιι⁴

1851 2492 1965 2546 per,
1995 2487 2046 2531 ut
2074 2491 2172 2544 ego
2201 2491 2398 2545 pauper
2421 2476 2568 2531 dives
2609 2480 2746 2530 liam.
2793 2475 2862 2530 Ut
2891 2476 3126 2530 medicus
3169 2477 3331 2531 linteo
3370 2492 3428 2527 se

1849 2548 2234 2602 circumcinxit.
2265 2549 2549 2612 Quousque
2573 2546 2891 2603 descendit?
2928 2546 3041 2602 Non
3083 2549 3210 2602 satis
3236 2546 3331 2601 fuit
3355 2547 3426 2600 illi

1851 2632 2094 2673 naturam
2126 2629 2357 2670 nostram
2397 2617 2649 2684 induere,
2681 2619 2774 2673 sed
2821 2629 2876 2673 et
2917 2618 3057 2673 servi
3090 2617 3313 2672 formam
3339 2633 3425 2670 as-

1851 2690 2094 2758 sumpsit,
2118 2703 2216 2744 nec
2235 2691 2372 2742 servi
2395 2698 2631 2743 naturam
2655 2698 2875 2743 tantum.
2903 2689 3057 2743 Venit
3079 2689 3254 2758 igitur,
3278 2704 3425 2756 repu-

1853 2761 1922 2814 rit
1945 2770 2184 2813 naturam
2225 2768 2457 2812 nostram
2484 2769 2828 2828 argrotantem
2850 2801 2866 2826 ,
2900 2760 3067 2813 facuts
3094 2768 3176 2814 est
3201 2759 3427 2826 idipsum

1852 2831 1991 2900 quod
2019 2845 2118 2900 ego
2144 2846 2260 2882 sum
2285 2871 2299 2892 ,
2341 2841 2554 2898 peccan
2593 2839 2846 2898 excepto;
2878 2832 3024 2900 venit,
3047 2831 3096 2882 in
3126 2831 3386 2899 tugurium
3411 2869 3428 2890 ,

1856 2899 1941 2955 ubi
1969 2899 2069 2969 ego
2094 2899 2468 2954 decutnbebant
2500 2921 2512 2957 :
2537 2901 2670 2956 vidit
2696 2915 2922 2966 vermes,
2945 2899 3073 2954 vidit
3099 2899 3426 2968 putredines,

1854 2972 1987 3026 vidit
2014 2971 2256 3027 faetorem
2279 2971 2501 3025 multum
2523 3013 2537 3034 ,
2567 2973 2734 3041 legem
2767 2987 2870 3026 non
2895 2971 3275 3040 opitulantem,
3309 2985 3431 3039 pro-

1857 3043 2043 3112 phetas
2071 3052 2379 3096 accusantes
2402 3083 2416 3106 ,
2451 3053 2722 3110 peccatmn
2750 3041 3060 3096 incumbens
3078 3082 3092 3106 ,
3126 3042 3308 3111 a‘groti
3337 3056 3430 3095 cn-

1857 3114 2087 3184 pidinem
2115 3112 2488 3184 inordinatam,
2519 3115 2774 3168 contineri
2804 3114 3070 3166 nolentem
3091 3155 3105 3174 ,
3124 3128 3235 3184 nec
3260 3112 3431 3184 medi-

1857 3181 1950 3239 cos
1991 3185 2398 3239 admittentem:
2447 3183 2564 3238 Non
2608 3185 2838 3244 occides,
2891 3183 2978 3237 ille
3021 3182 3214 3238 occidit
3249 3201 3260 3236 :
3313 3181 3434 3235 Non

1859 3255 2218 3311 mmo/iuberis:
2250 3251 2600 3323 Unusquisque
2637 3255 2704 3307 ad
2732 3270 2936 3308 uxorem
2960 3255 3180 3323 proximi
3216 3256 3294 3306 sui
3322 3253 3436 3306 Itin-

1859 3326 2023 3380 nielmt
2065 3325 2208 3396 (Jer.
2239 3325 2301 3389 ν,
2333 3325 2396 3394 8)
2429 3343 2441 3378 :
2481 3325 2602 3378 Non
2642 3329 2830 3396 furtum
2879 3323 3437 3396 faciendialredictum

1859 3409 1905 3452 et
1951 3395 2285 3459 mendacium,
2313 3406 2359 3448 et
2385 3395 2712 3460 adulterium,
2743 3406 2787 3450 et
2825 3397 3031 3463 furtum,
3073 3395 3436 3448 inundaverant

1862 3467 2005 3536 (Οεε.
2039 3467 2186 3535 ινβ)
2205 3468 2252 3519 iu
2271 3476 2485 3521 terram.
2511 3467 2622 3520 Alia
2650 3465 3129 3529 dicelmtmcdicus,
3153 3464 3250 3536 alia
3281 3465 3440 3518 facie-

1862 3535 1952 3592 bat
1971 3549 2219 3606 aegrotus.
2240 3537 2376 3602 Quid
2399 3537 2726 3591 faciendum?
2749 3537 2986 3591 medicus
3007 3535 3274 3603 praecepit,
3299 3550 3439 3604 aeger

1863 3624 1967 3664 non
1995 3605 2426 3676 obtemperavit:
2475 3608 2692 3662 morbus
2732 3616 2916 3662 auctus
2958 3612 3074 3668 est,
3119 3621 3308 3676 mango
3351 3605 3440 3676 ille

1863 3679 2105 3748 diabolus
2133 3675 2422 3748 permansit
2465 3681 2600 3732 sicut
2641 3693 2826 3734 servus
2869 3676 3136 3748 fugitivus.
3163 3675 3298 3742 Quid
3326 3675 3440 3748 vis?

1864 3761 2045 3822 potum
2091 3746 2335 3818 ft'igidtnu
2376 3748 2690 3803 administro
2730 3767 2744 3802 :
2787 3749 2912 3818 quid
2953 3746 3069 3822 vis?
3111 3761 3301 3801 carnes
3329 3747 3438 3822 do:

1865 3816 1982 3892 quae
2009 3816 2350 3889 corrumpant
2385 3823 2718 3892 stomachum
2758 3816 2904 3874 tuum
2951 3818 3136 3882 trado,
3175 3816 3442 3892 contraria

1867 3887 1933 3946 iis
1960 3907 2078 3961 qua:
2109 3887 2344 3946 medicus
2382 3890 2555 3945 offert.
2594 3891 2826 3947 Medicus
2870 3899 3130 3959 pra-cepta
3177 3887 3324 3961 dedit
3343 3894 3468 3961 ,__et_

1866 3956 2026 4024 abiii;
2057 3962 2304 4030 fugitivus
2331 3962 2466 4016 clam
2497 3963 2768 4030 ingressus
2809 3956 2921 4019 est.
2971 3969 3025 4014 et
3050 3956 3243 4030 omnia
3275 3956 3439 4030 dedit.

1869 4033 1961 4087 Vis
1991 4028 2434 4088 fornicationem?
2455 4033 2536 4087 vis
2558 4028 2944 4088 “mendacium?
2974 4028 3270 4099 Respondit
3314 4028 3398 4081 illc
3433 4044 3447 4082 :

1869 4103 1994 4159 Haec
2020 4103 2160 4167 volo,
2191 4119 2295 4158 non
2324 4118 2386 4158 ea
2412 4119 2530 4173 quae
2555 4102 2683 4158 dicit
2708 4103 2979 4158 medicus:
3015 4101 3128 4154 Inec
3155 4099 3296 4162 volo,
3329 4115 3449 4168 qua:

1870 4185 1925 4229 tu
1968 4187 2172 4227 narras.
2204 4174 2392 4230 Misera
2428 4189 2653 4243 corpora
2693 4176 2986 4243 perieruot.
3033 4173 3168 4225 Deus
3198 4182 3444 4243 accusat,

1871 4244 2146 4314 propheta:
2175 4245 2468 4314 increpant,
2499 4240 2586 4298 ille
2614 4240 2849 4299 carnifex
2881 4243 3093 4305 mansit,
3119 4249 3175 4296 et
3196 4241 3334 4314 aegri
3353 4240 3447 4292 tie.—

1871 4309 2124 4370 sideriunt
2152 4316 2218 4370 ad
2245 4309 2545 4378 nocentem,
2574 4330 2677 4368 non
2701 4315 2766 4370 ad
2792 4309 3448 4382 opitulantcm,_Vertitur.

1873 4387 2040 4442 Periit
2074 4395 2238 4440 totum
2269 4401 2455 4455 genus,
2481 4387 2656 4439 omnia
2685 4380 2936 4452 corrupta
2962 4391 3131 4455 erant.
3154 4380 3314 4455 Yenit
3340 4395 3451 4455 tne-

1873 4457 2024 4512 dicus
2055 4457 2104 4509 in
2136 4450 2296 4511 rebus
2321 4455 2625 4510 difficilibus
2665 4450 2942 4525 expeditus
2963 4495 2978 4518 ,
3012 4453 3147 4525 viant
3177 4450 3452 4525 inveniens

1875 4528 2101 4589 facilem,
2133 4536 2366 4596 apertam
2396 4536 2450 4580 et
2472 4519 2777 4581 salutarem.
2806 4525 2873 4596 Si
2891 4525 3093 4585 dicam,
3121 4519 3453 4596 inquit,_llo_e

1875 4598 1958 4652 vel
1989 4597 2087 4652 hoc
2111 4590 2263 4651 facite
2282 4637 2298 4663 ,
2324 4611 2432 4651 non
2458 4596 2672 4651 faciunt.
2706 4596 2818 4663 Qua
2845 4594 2911 4649 de
2939 4591 3137 4648 causa?
3165 4590 3454 4663 Quaelegis

1876 4678 2000 4722 sunt
2026 4683 2132 4721 non
2161 4661 2515 4735 acceperunt,
2561 4676 2616 4722 et
2658 4661 2774 4737 quia
2817 4666 3001 4736 gratiae
3045 4675 3170 4717 sunt
3210 4661 3456 4737 accipere

1879 4739 2134 4810 possunt?
2163 4733 2410 4810 inferiora
2437 4755 2542 4794 non
2571 4733 2891 4810 acceperunt
2913 4778 2928 4798 ,
2971 4745 3025 4791 et
3053 4749 3280 4810 superna
3311 4733 3454 4785 acci-

1881 4803 2006 4878 pere
2033 4810 2289 4879 possunt?
2315 4809 2371 4864 Si
2404 4803 3016 4879 principiam'jejunium,
3046 4806 3091 4879 si
3115 4803 3251 4879 sacci
3279 4811 3458 4879 gesta,

1882 4872 2097 4942 inenfsi
2125 4872 2518 4948 paupertatem;
2550 4872 2592 4934 si
2623 4872 2924 4948 przecipiam
2957 4872 3331 4948 virginitatem,
3362 4872 3458 4948 ho:

1883 4942 2471 5006 norabile'connuhium
2499 4942 2758 5015 nesciunt,
2787 4942 2846 5003 et
2886 4949 2954 5003 de
2989 4942 3286 5015 virginitate
3317 4942 3459 5012 loqui

1884 5023 2139 5090 possunt?
2169 5021 2339 5076 aliena
2372 5024 2602 5090 rapiunt,
2621 5031 2675 5076 et
2693 5023 2760 5076 de
2783 5029 3088 5091 paupertate
3111 5017 3299 5091 loquar
3322 5015 3460 5091 illis?

1887 5083 2233 5153 fornicamur.
2266 5083 2619 5154 nitech'autur,
2663 5103 2717 5146 et
2757 5083 2902 5145 sacci
2934 5083 3206 5158 gestamen
3251 5083 3460 5140 dicam!

1884 5164 2019 5230 Quid
2053 5164 2241 5233 igitur?
2268 5163 2428 5217 homo
2453 5164 2572 5217 fiam
2591 5205 2604 5221 ,
2636 5173 2884 5233 quantum
2917 5162 2980 5212 ad
3009 5170 3423 5233 eat-uetn_tneam
3445 5195 3460 5218 ,

1883 5229 1941 5291 ct
1963 5229 2226 5303 abje'ctum
2255 5237 2410 5288 istum
2437 5229 2675 5302 alloquar
2705 5251 2716 5286 :
2761 5241 3032 5300 peccatum
3063 5229 3320 5303 pmgabo,
3353 5235 3408 5303 et
3435 5243 3466 5278 ιι

1889 5297 2083 5373 genere
2105 5305 2372 5374 hominem
2402 5297 2590 5360 sanum
2611 5319 2731 5359 esse
2749 5297 3160 5374 demonstrabo;
3189 5297 3465 5374 ostendam

1892 5369 2133 5430 naturali:
2155 5377 2398 5430 eamdem
2425 5386 2480 5430 et
2509 5391 2612 5430 non
2643 5375 2887 5428 eumdem
2922 5373 3124 5441 lapsum
3149 5386 3174 5431 ς,
3197 5369 3466 5441 hominem

1896 5447 1996 5513 Qui
2022 5457 2281 5508 meantum
2320 5463 2422 5500 non
2447 5449 2559 5516 fecit
2583 5487 2598 5510 ,
2650 5462 2738 5499 nec
2776 5454 2848 5498 est
2877 5440 3024 5517 dotus
3048 5443 3100 5494 in
3125 5458 3214 5517 ore
3234 5440 3384 5511 ejus;
3415 5445 3469 5517 tu“

1894 5512 1969 5571 illi
2000 5517 2090 5586 qui
2116 5512 2456 5586 spectatores
2474 5527 2600 5572 sunt
2628 5531 2778 5580 Spem
2809 5516 3036 5586 habeant
3061 5512 3267 5568 salutis.
3298 5519 3352 5562 et
3379 5512 3468 5576 qui

1895 5533 1969 5571 ιιιι
2039 5533 2090 5570 ιιι
2116 5533 2445 5586 spectatores
2474 5533 2600 5572 sunt
2628 5533 2778 5580 spem
2809 5533 3036 5568 naneant
3061 5533 3267 5568 saluus.
3298 5533 3352 5562 cl
3379 5533 3468 5576 ψη

1895 5533 2211 5642 insiiiiantur
2234 5589 2505 5658 aufugiam
2527 5629 2541 5651 ,
2572 5596 2627 5642 et
2649 5587 2916 5658 hominem
2952 5584 3167 5638 videant
3197 5588 3471 5658 peccatum

1896 5675 2001 5713 non
2029 5659 2331 5713 habentem.
2360 5648 2659 5724 Erubesce,
2687 5656 2895 5711 diabolc
2923 5674 2936 5710 :
2969 5660 3069 5710 hoc
3095 5648 3348 5724 caroest,
3375 5648 3475 5724 hoc

1896 5745 2088 5798 corpus
2118 5741 2233 5794 est,
2277 5730 2417 5799 quod
2465 5720 2718 5784 Dominus
2758 5743 2908 5799 meus
2950 5727 3127 5799 habet.
3171 5721 3312 5799 Ideo
3365 5720 3473 5773 cir-

1899 5791 2132 5856 cumibat
2173 5791 2385 5869 setttper
2409 5801 2592 5856 dicens
2625 5817 2639 5853 :
2682 5799 2736 5854 Si
2759 5797 2925 5853 Filius
2953 5798 3044 5854 Det
3067 5805 3148 5848 est
3171 5793 3256 5846 hie
3280 5791 3439 5845 homo
3458 5829 3473 5846 .

1901 5873 2166 5942 quomodo
2197 5887 2299 5927 non
2345 5871 2564 5941 peccat?
2589 5885 2775 5926 omnes
2821 5869 2908 5923 alii
2952 5869 3050 5923 sub
3080 5872 3295 5934 peccato
3331 5870 3476 5920 sunt,
