3864 6414
436 307 509 365 ³⁵
1732 321 1979 381 spuma

2114 321 2346 382 EDA“.
3620 332 3703 386 τρι

435 444 618 513 Neque
646 441 1088 513 enimpeccatum
1113 449 1194 497 est
1217 448 1419 495 natura;
1442 479 1458 504 ,
1490 438 1581 495 sed
1607 438 1902 513 electionis.
1921 439 2012 513 ‘En

436 507 703 568 imminem
729 507 952 569 exhibeo
980 526 1188 573 sanum,
1218 525 1311 565 vas
1331 519 1630 635 purgatum,
1657 518 1713 564 et
1733 512 1847 564 sine
1869 507 2008 564 labe.

436 585 505 635 Et
528 595 675 635 stans
702 583 752 635 in
797 583 970 635 medio
996 583 1171 635 populi
1209 582 1327 635 dice
1366 590 1459 635 at:
1493 579 1618 635 Ouis
1661 596 1725 634 ea:
1761 582 1896 633 vobis
1922 596 2008 632 ar-

435 585 505 640 Et
528 595 675 638 stans
702 583 752 637 in
797 583 970 637 medio
996 583 1171 652 populi
1209 579 1459 635 dicebat;
1493 579 1618 646 Quis
1661 596 1725 634 ea:
1761 582 1896 652 vobis
1922 596 2010 632 ar-

434 665 550 725 guet
591 671 670 708 me
697 655 759 707 de
783 664 983 724 peccato
997 650 1031 725 2
1051 650 1107 707 et
1132 667 1289 707 nemo
1314 652 1601 725 quidquam
1649 652 1788 725 quod
1833 650 2013 706 dicere

507 734 618 780 sset
652 720 870 779 invenit.
902 723 1037 791 Quid
1076 738 1201 792 ergo
1243 720 1420 776 nunc?
1450 723 1610 775 intrat
1645 720 1712 774 ad
1743 731 1970 792 mgrotos
1992 761 2008 779 ,

507 741 618 780 8881.
652 741 870 779 ιηνειιιι.
902 741 1037 791 υυια
1076 741 1201 792 ergo
1243 741 1419 776 IIUllC.’
1450 741 1610 775 ΙΠῑῐἪῐ
1645 741 1712 774 au
1743 741 1970 790 ωςτοιοδ
1992 761 2008 779 ,

434 741 654 851 Εὲνῑεηε
683 794 803 850 illos
844 795 1018 848 verbis
1043 837 1059 859 ,
1094 800 1151 847 ut
1196 793 1432 848 medicus
1475 792 1774 861 pharmacis
1809 809 1821 844 :
1872 790 2011 845 Nihil

434 865 600 921 habes
629 866 774 930 mali,
802 867 844 918 si
876 865 1048 932 sapias
1078 881 1089 916 :
1119 866 1294 933 gravis
1319 873 1402 918 est
1430 864 1648 915 morbus
1668 904 1682 925 ,
1715 861 1806 915 sed
1833 863 2010 933 sanari

436 944 632 1008 potest.
660 938 909 990 Hortatur
933 931 1053 1008 illos
1087 951 1101 988 :
1127 931 1318 987 'Venite
1345 934 1416 1008 ad
1439 949 1517 986 me
1545 948 1739 1008 omnes,
1762 933 1848 1008 qui
1871 931 2010 1008 litigo-

434 1001 562 1062 rutie
586 1016 631 1061 et
659 1008 854 1061 onerati
881 1007 1002 1059 estis
1025 1044 1041 1070 ,
1087 1014 1133 1057 et
1162 1021 1251 1074 ego
1277 1004 1519 1074 reﬁciant
1539 1018 1624 1056 vos
1662 1001 1883 1074 (Matth.
1904 1002 1972 1056 Xl
1992 1043 2008 1069 ,

434 1076 549 1147 28).
579 1077 795 1132 Onerati
824 1085 977 1131 erant
1001 1073 1223 1147 aegroti:
1253 1089 1414 1147 onera
1440 1073 1580 1126 enim
1610 1073 1733 1147 sunt
1754 1073 2008 1147 morbus,

434 1141 719 1203 inordinati
749 1162 947 1209 mores,
979 1141 1247 1210 scortatio,
1280 1143 1498 1207 furtum,
1528 1143 1881 1207 mendacium,
1913 1141 2011 1195 fal-

433 1233 553 1275 sum
585 1218 990 1271 testimonium:
1033 1214 1237 1269 nullum
1276 1216 1470 1285 quippe
1518 1228 1652 1267 tutus
1699 1224 1804 1266 tam
1849 1228 2009 1283 grave

434 1299 534 1353 est,
564 1302 718 1358 quam
747 1288 883 1340 mala
910 1287 1255 1358 conscientia.
1288 1285 1395 1341 Sed
1425 1286 1545 1355 quia
1577 1300 1718 1358 {eger
1746 1285 2008 1358 medicum

435 1352 625 1424 timet,
669 1357 898 1412 maxime
922 1372 1041 1410 cum
1087 1357 1305 1410 morbus
1349 1352 1670 1423 cst‘gravis',
1718 1369 1784 1409 ne
1811 1352 2008 1410 ferrum

433 1436 631 1496 acuat,
678 1443 744 1483 ne
788 1429 960 1497 ignem
989 1428 1277 1491 accendat;
1305 1435 1358 1481 et
1396 1425 1523 1495 aegri
1554 1426 1703 1479 multi
1732 1427 1782 1478 in
1810 1425 2009 1480 morbis

433 1500 569 1554 mori
602 1498 937 1564 maluerunt,
987 1512 1143 1567 quam
1192 1498 1699 1552 medicamentorum
1740 1497 1845 1567 vim
1887 1510 2010 1564 per-

436 1570 575 1638 peti,
602 1579 656 1623 et
685 1569 963 1623 sanitatem
992 1566 1019 1620 a
1048 1568 1232 1622 dolore
1259 1568 1534 1636 percipere
1563 1581 1679 1638 :_ne
1703 1566 1842 1634 quis,
1870 1581 2007 1638 quo-

432 1635 575 1695 niam
607 1640 694 1693 ille
725 1642 868 1694 venit
890 1680 905 1703 ,
936 1639 1038 1692 hoc
1068 1635 1271 1691 metuat
1291 1646 1346 1695 et
1372 1635 1515 1691 dicat
1543 1655 1556 1690 :
1591 1636 1766 1690 Poscit
1793 1651 1823 1689 a
1853 1635 2009 1691 nobis

434 1719 773 1779 peccatorum
801 1711 1056 1762 rationem
1076 1750 1090 1772 ,
1118 1709 1283 1778 exigit
1306 1724 1335 1763 a
1368 1708 1521 1761 nobis
1548 1707 1861 1779 delictorum
1890 1720 2006 1776 ρω-
2052 1758 2053 1761 η

432 1777 554 1835 nam
575 1823 590 1847 ,
619 1780 804 1850 punire
830 1794 929 1833 nos
952 1780 1063 1832 vult
1082 1819 1096 1844 ,
1123 1790 1176 1850 et
1212 1777 1335 1850 tunc
1349 1777 1726 1850 nosemendat
1750 1794 1763 1830 :
1795 1792 1869 1850 ne
1888 1779 2007 1846 quis

434 1854 534 1906 hoc
561 1846 742 1906 Secum
770 1856 1020 1918 reputans
1047 1847 1313 1916 aufugiat,
1348 1846 1541 1907 Venite.
1571 1848 1769 1916 inquit,
1802 1847 1871 1901 ad
1907 1865 2003 1902 me.

433 1918 557 1975 Non
584 1922 694 1975 veni
723 1931 777 1973 ut
793 1922 1020 1990 judicem
1045 1926 1290 1990 mundum
1310 1960 1324 1981 ,
1354 1920 1441 1972 sed
1467 1927 1520 1971 ut
1548 1919 1821 1988 salviﬁcem
1857 1934 2003 1990 mun-

431 1992 552 2045 dum
578 1991 755 2061 (Joan.
782 1988 894 2053 XII,
928 1990 1040 2056 47).
1071 1988 1209 2043 Nihil
1236 2004 1395 2056 grave
1420 1998 1503 2042 est
1530 2006 1542 2043 :
1574 2002 1676 2042 non
1708 1990 1878 2043 habeo
1904 1989 2008 2044 fer-

431 2078 575 2125 rum,
608 2075 714 2116 non
742 2060 911 2115 habeo
939 2063 1112 2130 ignem
1142 2061 1544 2113 cotnbureutem
1564 2099 1585 2130 7,
1618 2073 1721 2112 non
1749 2074 1868 2123 uro,
1899 2074 2005 2112 non

431 2145 557 2187 seco
588 2148 601 2185 :
632 2133 748 2185 sine
777 2132 960 2185 dolore
982 2140 1063 2186 est
1088 2130 1383 2194 medicina,
1416 2130 1531 2183 sine
1561 2129 1740 2183 labore
1784 2131 2003 2185 curatio.

430 2202 490 2258 Si
520 2217 627 2257 non
655 2202 890 2267 creditis,
922 2202 1101 2255 videte
1129 2200 1484 2263 meretricem,
1520 2200 1693 2253 videte
1723 2202 2002 2265 latronem,

432 2272 610 2328 videte
637 2287 816 2341 magos
838 2312 853 2338 ,
907 2271 1244 2338 publicanum
1270 2310 1287 2335 ,
1329 2268 1680 2341 Chananteam
1712 2287 1725 2322 :
1756 2270 2005 2324 iudicium

430 2342 585 2398 vobis
611 2340 741 2397 dedi
756 2343 823 2396 ab
850 2343 1103 2397 exordiis.
1129 2341 1260 2396 Num
1289 2340 1437 2394 ussi?
1464 2355 1588 2394 num
1618 2340 1802 2394 secui?
1831 2354 2007 2395 nonne

430 2414 686 2469 meretrix
713 2413 858 2469 ﬂevit
901 2412 1107 2476 solum,
1148 2424 1202 2466 et
1228 2410 1365 2465 facta
1393 2421 1478 2467 est
1505 2410 1791 2478 virginibus
1832 2413 2005 2464 conti-

433 2484 681 2538 nentior?
706 2498 883 2538 nonne
907 2484 1045 2554 magi
1071 2482 1378 2549 adorarunt,
1412 2482 1608 2554 etlacti
1634 2489 1758 2554 sunt
1781 2495 2010 2551 evange-

431 2555 607 2609 listze?
636 2567 812 2608 nonne
839 2552 1136 2608 Chananma
1168 2553 1346 2616 venit,
1376 2563 1430 2608 et
1456 2552 1577 2605 lilia:
1604 2552 1884 2604 sanitatem
1913 2566 2006 2605 ac-

432 2625 613 2697 cepit?
639 2623 896 2697 Nortveni
925 2634 978 2677 ut
997 2624 1230 2697 judicem
1255 2624 1519 2697 mundum,
1550 2623 1711 2697 sed'nt
1736 2621 2009 2697 salviﬁcent

432 2693 696 2750 mundum.
728 2693 901 2750 Venite
937 2695 1005 2749 ad
1032 2711 1112 2748 me
1135 2710 1305 2747 omnes
1337 2695 1424 2763 qui
1463 2694 1704 2746 laboratis
1744 2701 1790 2745 ct
1815 2693 2009 2763 onerati

433 2768 572 2821 estis.
602 2765 726 2821 Haec
753 2767 914 2820 verba
942 2764 1144 2821 eti‘cro:
1175 2761 1429 2819 Dominus
1452 2777 1568 2817 sum
1590 2803 1603 2825 ,
1637 2778 1740 2815 non
1770 2761 2004 2832 indigeo,

432 2850 539 2892 non
565 2851 683 2891 sum
710 2851 897 2891 servus
933 2837 1034 2906 legi
1074 2836 1316 2890 subditus
1345 2851 1359 2886 :
1391 2842 1607 2889 accusat
1646 2845 1699 2888 te
1746 2834 1827 2886 lex
1853 2873 1867 2898 ,
1913 2833 2007 2887 sed

432 2910 826 2962 accusationem
867 2908 1043 2972 solvo,
1076 2906 1245 2975 ipsum
1288 2914 1651 2959 accusatorem
1700 2917 2004 2972 compesco.

432 2978 748 3045 Quomodo?
776 2978 950 3046 Ipsum
978 2974 1118 3029 enim
1142 2974 1313 3045 gratia
1336 2976 1661 3043 compescuit
1692 2993 1706 3029 :
1736 2974 2008 3046 propheta:

433 3062 715 3114 accusant,
759 3045 853 3102 sed
898 3047 1155 3116 majorem
1195 3046 1406 3114 praabeo
1433 3046 1752 3116 libertatem.
1782 3045 2010 3100 Veniens

433 3119 593 3187 igitur
619 3127 674 3173 et
702 3118 975 3188 reperiens
990 3115 1236 3170 naturam
1265 3117 1404 3171 male
1426 3131 1492 3188 se
1506 3115 1811 3188 habentem,
1831 3124 1886 3168 et
1912 3117 2009 3170 hos

431 3185 647 3257 quidem
673 3188 727 3242 in
753 3185 1104 3253 scortatione,
1133 3188 1265 3241 alios
1294 3188 1346 3240 in
1373 3185 1659 3257 adulterio,
1692 3186 1930 3240 nidorem
1954 3197 2010 3241 et

431 3256 633 3328 iunium
651 3273 771 3314 aera
790 3259 1141 3328 polluentem,
1156 3267 1454 3327 catteraque
1474 3256 1680 3328 omnia;
1703 3257 1828 3326 quid
1848 3256 2008 3311 facit?

437 3320 634 3384 Videtis
661 3320 828 3397 genus
855 3340 1095 3384 nosuum
1122 3327 1271 3383 febre
1296 3320 1564 3392 laborans,
1587 3320 1737 3381 lavat
1756 3329 2005 3397 primum,

430 3399 635 3465 dicens,
667 3397 829 3462 Lava,
861 3409 915 3455 et
942 3400 1077 3453 liber
1093 3409 1210 3454 esto
1234 3413 1264 3451 a
1289 3400 1478 3453 morbo
1507 3416 1520 3451 :
1555 3397 1697 3468 lavat
1724 3412 2007 3468 regenera-

433 3470 593 3525 tionis
619 3471 850 3531 lavacro,
880 3481 936 3525 et
961 3471 1107 3539 ungit
1135 3485 1149 3523 :
1180 3468 1249 3523 Et.
1275 3468 1527 3539 unguenti
1557 3466 1843 3539 chrismate
1867 3485 2009 3538 ungo

432 3548 487 3594 te
511 3550 564 3595 et
592 3541 731 3605 lavo,
763 3550 819 3596 et
847 3538 1143 3595 transmuto
1171 3550 1239 3595 te.
1270 3538 1507 3594 Tantane
1545 3548 1629 3593 est
1668 3538 1861 3593 lavacri
1895 3539 2011 3594 vis?

430 3610 622 3666 Tanta.
665 3613 939 3667 Descende
979 3612 1252 3665 deorsum.
1305 3610 1584 3665 Descendit
1626 3609 1876 3665 deorsum
1900 3652 1916 3678 ,
1956 3621 2011 3665 et

430 3691 586 3736 vetus
614 3681 774 3736 homo
813 3699 918 3737 non
967 3691 1166 3738 manet.
1214 3680 1330 3735 Non
1376 3696 1510 3750 Opus
1547 3688 1630 3734 est
1674 3678 1854 3746 ferro,
1903 3698 2009 3736 nou

388 3804 397 3817 ,
429 3754 670 3806 sectione
693 3762 748 3807 et
786 3751 975 3807 dolore
1006 3769 1020 3805 :
1062 3765 1186 3805 cum
1215 3751 1485 3820 voluptate
1513 3760 1594 3805 est
1634 3752 1870 3816 utilitas,
1903 3768 2008 3806 non

431 3821 699 3892 laboriosa
727 3832 812 3877 est
838 3822 1066 3877 medela.
1099 3821 1168 3876 Et
1200 3822 1326 3892 quid
1357 3821 1609 3875 iaciemus
1658 3833 1718 3876 ut
1763 3822 1892 3877 salvi
1932 3824 2008 3875 si-

430 3891 589 3947 mus?
617 3893 821 3947 inlinita
850 3893 991 3947 mala
1016 3891 1339 3963 patravimus
1357 3932 1373 3957 ,
1422 3891 1801 3947 conscientiam
1824 3894 2008 3949 .babe-

2117 456 2236 497 mus
2266 441 2456 496 malam
2478 483 2493 506 ,
2538 441 2812 512 periimus.
2843 442 2978 499 Dicit
3002 451 3060 497 ut
3103 441 3433 510 baptizemnr
3460 452 3513 499 et
3542 447 3697 502 salu-

2116 523 2222 585 tam
2249 527 2658 585 consequamur.
2691 514 2898 569 Etenim
2927 513 3291 582 apprelieusos
3319 516 3496 585 ungit,
3526 515 3697 579 lavat.

2113 581 2307 655 deinde
2324 585 2486 655 nutrit
2504 584 2675 638 solido
2692 581 2969 639 alimento.
2990 581 3271 653 Postquam
3295 581 3435 640 enim
3458 598 3700 655 mgrotus

2117 653 2362 707 innoxius
2386 654 2554 709 factus
2575 666 2675 714 est.
2712 655 2874 709 nutrit
2900 670 3019 708 eum
3048 663 3102 709 et
3130 671 3353 722 corpore
3379 671 3476 709 suo
3502 653 3697 722 nutrit,

2116 735 2169 797 et
2195 724 2502 797 sanguinein
2539 740 2692 779 suum
2724 728 2777 779 in
2805 735 2984 793 polum
3027 724 3150 791 dat;
3194 742 3346 781 suum
3371 767 3388 792 ,
3436 726 3652 797 inquam
3673 768 3696 794 ,

2118 794 2314 865 ipsius,
2347 796 2436 864 qui
2462 805 2544 850 est
2586 797 2701 851 sine
2729 807 2965 865 peccato.
2995 797 3124 851 Cum
3154 797 3295 850 enim
3343 807 3397 850 tu
3425 794 3522 864 ι)οὲ
3543 800 3696 853 lava-

2115 877 2262 936 crum
2287 862 2456 919 factus
2496 867 2569 920 sis
2596 868 2709 921 sine
2731 862 2976 935 peccato,
3003 866 3214 935 quando
3247 868 3349 921 tale
3374 862 3567 936 corpus
3597 884 3698 924 ac-

2114 934 2270 1005 cipis,
2300 946 2351 990 te
2375 937 2555 1005 ungit,
2584 934 2760 1002 lavat,
2791 938 2975 991 nutrit.
3007 934 3130 992 Haec
3154 946 3233 991 est
3260 953 3394 992 nova
3423 934 3697 993 creatura.

2113 1003 2243 1059 Cum
2292 1003 2750 1078 intrat‘ciutcdus,
2796 1015 2849 1062 et
2894 1006 2951 1062 lit
2987 1007 3189 1078 justus,
3222 1022 3396 1062 nonne
3440 1018 3523 1062 est
3552 1026 3697 1063 nova

2114 1076 2396 1129 creatura?
2425 1092 2545 1131 cum
2574 1078 2735 1131 intrat
2776 1076 3060 1148 rapax,‘et
3095 1093 3124 1131 a
3154 1080 3383 1148 peccatis
3408 1079 3699 1145 liberatur,

2114 1160 2292 1200 nonne
2318 1158 2399 1219 est
2442 1163 2578 1202 nova
2621 1150 2909 1203 creatura?
2940 1147 3122 1202 Vidisti
3156 1147 3217 1202 in
3260 1151 3427 1219 gratia
3478 1161 3703 1204 creato-

2114 1221 2264 1269 ram?
2308 1217 2428 1289 vide
2454 1219 2612 1272 etiam
2662 1219 2712 1271 in
2741 1219 2864 1289 vitm:
2908 1219 3148 1272 instituto
3189 1217 3509 1275 creaturam.
3553 1222 3702 1289 Quot

2113 1288 2424 1341 meretrices
2446 1289 2796 1343 deseruerunt
2821 1288 3047 1350 theatra,
3077 1300 3252 1343 veSIes
3278 1291 3474 1343 sericas
3501 1288 3704 1347 missas

2113 1355 2384 1422 fecerunt,
2418 1359 2598 1429 cinere
2627 1375 2685 1413 se
2714 1360 3110 1429 iusperseruut,
3161 1373 3344 1414 saccos
3376 1361 3699 1424 induerunt,

2113 1436 2167 1483 et
2196 1443 2335 1483 nunc
2366 1431 2416 1480 in
2448 1428 2659 1483 Christo
2692 1431 2853 1483 vitam
2899 1430 3215 1483 instituunt?
3241 1445 3418 1484 annon
3448 1442 3529 1486 est
3556 1447 3701 1489 nova

2113 1499 2395 1552 creatura?
2423 1499 2554 1553 Cum
2581 1514 2710 1568 ergo
2734 1498 2930 1555 videris
2962 1501 3296 1555 meretricem
3331 1516 3436 1556 non
3464 1504 3703 1570 amplius

2113 1571 2469 1633 meretricem,
2497 1570 2591 1625 sed
2616 1571 2816 1639 virgine
2837 1571 3313 1634 continentiorem,
3341 1571 3446 1637 dic,
3471 1573 3704 1627 Creatus

2113 1649 2193 1693 est
2223 1639 2322 1706 ipsi
2349 1641 2559 1710 animus
2578 1683 2594 1707 ,
2629 1651 2885 1695 mutatum
2911 1650 2994 1695 est
3017 1656 3112 1696 cor
3138 1640 3254 1710 ejus
3272 1682 3287 1705 ,
3320 1657 3580 1697 conversa
3609 1656 3705 1698 est

2112 1711 2285 1763 anima
2336 1709 2451 1780 ejus
2491 1725 2520 1763 a
2566 1726 2715 1766 more
2741 1711 2999 1780 priSIiuo;
3046 1709 3330 1766 uou’ultra
3379 1712 3431 1766 in
3481 1714 3704 1768 theatro

2111 1792 2423 1849 comparet,
2470 1794 2576 1836 nou
2602 1783 2738 1836 alios
2770 1781 2930 1853 trahit
2975 1782 3025 1853 in
3057 1782 3334 1851 laqueum,
3374 1784 3470 1838 sed
3499 1796 3551 1839 et
3579 1786 3704 1853 ipsa

2112 1861 2383 1917 servatur;
2418 1867 2521 1906 non
2547 1854 2774 1919 amplius
2797 1852 2919 1906 aliis
2942 1851 3218 1907 offensioni
3244 1865 3346 1918 est,
3377 1856 3468 1908 sed
3494 1851 3652 1910 saluti
3682 1873 3699 1910 :

2112 1921 2291 1976 vident
2315 1922 2455 1976 enim
2479 1922 2689 1989 cinaedi,
2715 1932 2769 1976 et
2789 1922 2920 1976 ﬁunt
2942 1924 3093 1976 casti.
3122 1922 3307 1978 Viden‘
3327 1940 3514 1978 novam
3538 1941 3699 1982 crea-

2114 1992 2326 2047 turam?
2367 1991 2499 2046 Cum
2532 1995 2731 2048 videris
2771 2008 3053 2060 rapacem,
3085 1992 3367 2060 Graecum,
3417 2011 3538 2050 aras
3584 1998 3703 2051 lin-

2111 2071 2354 2130 gentem,
2384 2072 2567 2116 contra
2604 2063 2933 2119 Christianos
2974 2064 3357 2131 insanientem,
3386 2066 3705 2123 innumeros

2111 2133 2384 2204 orphanos
2421 2132 2735 2204 spoliantem
2765 2174 2779 2196 ,
2814 2134 3118 2188 innumeras
3144 2136 3431 2190 undantem
3463 2138 3650 2191 viduas
3678 2178 3699 2204 ,

2099 2198 2472 2276 Christianum
2490 2202 2712 2276 factum.
2761 2219 2855 2258 sua
2901 2206 3222 2276 pauperibus
3251 2206 3591 2275 largientem,
3640 2198 3707 2264 et

2110 2271 2177 2325 ad
2213 2273 2489 2343 pervigilia
2519 2275 2855 2338 venientem;
2887 2271 2970 2328 dic
2991 2271 3026 2340 ,’
3055 2277 3279 2330 Creatus
3321 2271 3404 2331 est
3451 2278 3560 2333 ille.
3591 2276 3707 2333 Ita-

2110 2358 2247 2410 que,
2283 2343 2467 2413 Siqua
2505 2344 2559 2397 in
2597 2343 2829 2410 Christo,
2871 2362 2998 2398 nova
3040 2357 3291 2400 creatura.
3328 2346 3462 2402 Vide
3500 2350 3705 2415 ubique

2115 2424 2374 2467 terrarum
2421 2430 2609 2468 novam
2649 2426 2971 2470 creaturam.
3018 2415 3148 2470 Cum
3180 2418 3375 2472 videris
3403 2419 3705 2474 monachos

2115 2487 2370 2537 montium
2392 2485 2518 2555 juga
2545 2495 2865 2554 occupantes
2888 2528 2901 2545 .
2948 2483 3231 2541 ci-ucilixos
3252 2528 3267 2551 ,
3312 2490 3703 2545 conculcantes

2113 2564 2316 2629 natura;
2345 2555 2706 2629 necessitates,
2740 2556 3071 2629 immunitate
3093 2559 3487 2629 aupassionibus
3526 2575 3704 2629 ange-

2114 2624 2195 2679 los
2226 2625 2494 2679 imitantes
2521 2644 2535 2680 :
2566 2628 2775 2696 itaque,
2805 2627 2865 2682 Si
2904 2629 3076 2696 quain
3114 2627 3311 2683 Christo
3333 2672 3347 2690 .
3382 2646 3508 2684 nova
3546 2624 3706 2685 crcu-

2113 2705 2248 2747 tura.
2280 2696 2378 2749 Abi
2404 2696 2454 2749 in
2485 2696 2779 2761 Persidem,
2805 2697 2851 2752 si
2875 2714 2977 2751 non
3002 2712 3244 2767 oorpore,
3268 2701 3452 2756 saltem
3480 2713 3701 2767 mente;

2113 2775 2313 2843 matres
2343 2768 2395 2843 in
2424 2767 2932 2843 uxoresducebaut,
2963 2783 3104 2843 nunc
3128 2780 3303 2825 autem
3330 2772 3701 2843 virginitatem

2112 2837 2292 2891 colunt
2316 2854 2329 2890 :
2354 2837 2550 2907 itaque,
2578 2839 2640 2893 Si
2666 2855 2765 2907 qua
2792 2839 2845 2892 in
2869 2838 3089 2903 Christo,
3112 2856 3241 2893 nova
3259 2837 3508 2896 creatitra.
3534 2843 3706 2897 Grca.

2114 2915 2286 2961 turam
2329 2911 2581 2982 conspice
2624 2924 2789 2978 usque
2826 2910 2892 2963 ad
2939 2924 3124 2981 reges,
3154 2912 3240 2982 qui
3282 2912 3580 2969 diademate
3605 2931 3704 2969 or-

2115 2990 2326 3053 nantur.
2354 2980 2595 3034 Antehac
2642 2995 2796 3053 reges
2834 2980 3013 3053 omnia
3061 2980 3330 3050 impietate
3375 2984 3700 3053 replebant;

2106 3049 2218 3120 jam
2245 3064 2376 3124 vero
2398 3066 2550 3120 reges
2574 3053 2625 3104 in
2658 3050 2935 3124 ecclesiam
2961 3066 3019 3105 se
3046 3049 3326 3124 conferunt
3349 3070 3363 3105 :
3394 3049 3518 3108 tunc
3538 3049 3704 3124 reges

2112 3119 2362 3194 Omnibus
2386 3119 2542 3194 erant
2580 3123 2873 3194 terribiles;
2909 3136 3053 3194 nunc
3079 3132 3255 3194 autem
3301 3123 3533 3179 Ecclesia
3564 3119 3706 3194 ipsis

2114 3190 2368 3263 terribilis
2390 3201 2492 3263 est.
2514 3191 2643 3258 Quis
2671 3193 2808 3263 ausit
2834 3194 2945 3262 regi
2972 3192 3170 3257 dicere,
3203 3192 3419 3263 Depone
3437 3190 3692 3251 diadema

2116 3261 2300 3335 tuum?
2329 3261 2565 3335 Ecclesia
2591 3277 2720 3317 vero
2750 3262 2804 3316 id
2832 3261 2979 3335 dicit,
3010 3271 3073 3335 et
3095 3263 3184 3318 ille
3211 3261 3564 3335 obtemperat,
3594 3282 3700 3323 ve-

2114 3332 2297 3404 nitque
2326 3333 2679 3404 nudogcapite
2701 3374 2717 3399 ,
2768 3333 2980 3388 nemine
3002 3334 3220 3404 jubente
3245 3375 3261 3399 ,
3306 3332 3409 3391 sed
3450 3339 3706 3395 hortante

2115 3402 2357 3457 ratione:
2386 3402 2533 3477 nudo
2551 3402 2721 3477 capite
2751 3416 2849 3457 nec
2886 3402 3075 3477 ornato
3106 3422 3119 3458 :
3162 3402 3405 3463 diadema
3452 3408 3705 3477 projicit,

2114 3483 2170 3527 et
2190 3487 2405 3527 crucem
2429 3474 2635 3549 accipit.
2656 3473 2937 3528 lntrantad
2966 3489 3202 3549 mensam
3225 3473 3469 3531 similiter
3497 3473 3704 3549 pauper

2115 3552 2169 3630 et
2196 3558 2459 3630 τίεις-μετῇ
2488 3544 2642 3630 aliter
2681 3560 2880 3630 pepper
2907 3554 2961 3600 et
3005 3546 3159 3627 aliter
3196 3562 3287 3601 rex
3319 3565 3334 3602 :
3381 3544 3549 3630 neque
3597 3544 3704 3630 rete

2117 3613 2278 3680 dicit,
2325 3614 2449 3689 Mihi
2474 3616 2703 3689 amplius
2731 3616 2853 3668 dato
2873 3657 2888 3680 ,
2919 3616 3139 3689 pauperi
3169 3632 3293 3689 vero
3338 3613 3572 3689 parcius;
3602 3620 3704 3675 sed

2115 3699 2238 3759 cum
2264 3685 2449 3739 eadem
2472 3685 2787 3759 humilitate,
2818 3700 2939 3759 cum
2968 3687 3151 3759 eadem
3176 3685 3391 3755 pietate,
3422 3698 3479 3743 ut
3500 3707 3703 3759 pauper

2115 3754 2195 3826 sic
2218 3764 2272 3826 et
2296 3771 2395 3826 ego
2424 3772 2436 3807 :
2470 3754 2646 3826 itaque
2664 3797 2680 3821 ,
2709 3756 2770 3809 Si
2796 3772 2897 3824 qua
2925 3757 2976 3809 in
3005 3754 3203 3810 Christo
3224 3797 3239 3823 ,
3280 3775 3409 3813 nova
3445 3754 3702 3817 creatura.

2117 3824 2220 3900 Pro
2248 3824 2528 3900 hisiautetu
2557 3824 2803 3900 omnibus
2834 3828 2940 3880 Deo
2956 3828 3153 3898 gratias
3172 3843 3410 3898 agamus,
3440 3832 3697 3900 quoniam

2116 3896 2194 3950 illi
2219 3896 2386 3967 gloria
2411 3902 2463 3950 in
2496 3898 2697 3952 secula.
2719 3897 2912 3953 Amen.

3462 4030 3669 4046 Ἤ

653 4100 769 4166 IX.
816 4119 1099 4163 causulas
1132 4118 1217 4162 au
1259 4119 1495 4164 ILLUD:
1534 4118 1641 4165 HIC
1688 4122 1803 4166 εει·
1845 4122 2007 4165 Fmr

2114 4121 2265 4165 liEUS
2306 4120 2634 4176 DILECTUS,
2680 4121 2744 4164 IN
2789 4120 2913 4174 QUO
2958 4123 3105 4166 MIHI
3147 4122 3503 4170 ροιίΡιΑουι

1779 4228 2036 4311 (Matth.
2062 4227 2261 4297 xvu,
2307 4226 2395 4309 5).

501 4383 597 4438 llic
622 4386 786 4454 prolis
808 4396 993 4437 amans
1022 4391 1183 4454 pater
1197 4382 1267 4437 ob
1292 4396 1445 4439 suum
1473 4399 1599 4452 erga
1629 4397 1729 4437 nos
1764 4381 2012 4436 allectum

426 4452 698 4511 sermonis
721 4462 1089 4524 argumentum
1116 4452 1261 4507 misit
1285 4455 1438 4521 mihi,
1466 4465 1521 4509 et
1550 4453 1759 4508 laudem
1779 4467 1900 4523 qua,
1929 4468 2013 4507 me

426 4534 668 4601 curante,
698 4541 797 4601 vos
817 4524 960 4601 illum
986 4525 1292 4601 celebrastis
1310 4566 1326 4590 ,
1360 4524 1459 4581 hac
1483 4525 1730 4601 praesenti
1762 4538 2009 4601 remune-

428 4596 566 4650 ravit
605 4596 975 4658 institutione,
1022 4595 1309 4650 liberorum
1353 4611 1570 4650 suorum
1624 4596 1826 4649 lucrum
1855 4595 2009 4648 suum

428 4680 551 4721 esse
579 4674 791 4735 putans.
839 4663 954 4735 Ego
984 4678 1109 4719 vero
1146 4666 1299 4720 laetus
1337 4666 1762 4720 adhortationem
1790 4664 2008 4733 accepi,

426 4748 492 4790 ac
537 4750 657 4791 cum
710 4736 898 4792 fiducia
955 4751 1140 4790 rursus
1181 4750 1277 4791 vos
1322 4737 1583 4806 alloquor,
1636 4735 2011 4806 pristimirum-

427 4822 534 4877 que
557 4809 838 4863 verborum
882 4806 1075 4861 seriem
1120 4805 1471 4862 libentissime
1515 4805 2005 4877 persequiAcurabo.

424 4874 648 4932 Ostendi
674 4880 816 4934 enim
843 4877 1011 4941 vobis,
1028 4878 1080 4932 in
1103 4874 1716 4945 praecedentidominica’,
1741 4874 2009 4930 Christum

422 4962 547 5003 cum
596 4951 764 5004 servis
805 4950 918 5004 suis
953 4949 1020 5002 ad
1066 4948 1385 5017 baptismum
1420 4948 1719 5003 venientem
1749 4962 1771 5017 _:
1814 4945 2010 5017 deinde

426 5019 498 5091 Ba
507 5019 718 5091 ptistam
734 5022 823 5091 qui
841 5015 1178 5074 accedentem
1201 5019 1476 5091 Dominum
1492 5017 1726 5085 agnovit,
1748 5015 2007 5091 baptisma

424 5086 801 5147 administrare
824 5100 1157 5153 renuentem,
1188 5104 1251 5143 ac
1264 5088 1500 5148 demum.
1527 5097 1741 5156 propter
1768 5086 2005 5142 Salvato-

421 5161 502 5213 ris
521 5162 857 5234 mandatum,
883 5162 1191 5234 mysterium
1221 5157 1957 5234 miconomiatcompleptem
1994 5176 2005 5234 ξ

424 5232 627 5301 scripto
654 5227 1232 5302 posteareprteseutavi
1273 5231 1440 5283 Deum
1466 5237 1520 5283 et
1559 5227 1769 5302 Patrem
1800 5228 2007 5302 Domini

426 5296 594 5357 nostri
624 5296 748 5359 Iesu
775 5296 967 5358 Christi
993 5302 1062 5357 de
1084 5302 1221 5356 ctelo
1247 5301 1564 5354 clamantem
1589 5317 1602 5352 :
1634 5299 1733 5350 Hic
1748 5309 1821 5351 est
1842 5296 2008 5352 Filius

427 5389 566 5428 utens
595 5375 824 5441 dilectus,
856 5376 908 5427 in
931 5389 1030 5444 quo
1054 5374 1175 5425 mihi
1206 5371 1506 5444 rontplaeui.
1533 5370 1598 5423 Et
1615 5370 1680 5422 ad
1709 5369 1810 5422 hoc
1837 5382 2005 5437 usque

428 5445 787 5500 testimonium
823 5441 1165 5515 progressus,
1195 5441 1447 5515 descendi
1484 5450 1841 5515 e__sngges_tu,
1872 5449 2007 5493 tem-

428 5527 561 5584 pore
586 5531 797 5570 cursum
823 5510 1082 5570 orationis
1104 5511 1491 5581 iuterpellaute.
1526 5510 1698 5584 lltidie
1732 5511 1890 5584 igitur
1913 5522 2003 5564 re-

427 5580 641 5643 sumere
676 5589 798 5640 volo
826 5600 945 5658 quae
989 5593 1113 5638 tunc
1155 5580 1402 5658 omittere
1430 5593 1648 5636 coactus
1674 5580 1746 5658 fui
1792 5591 2006 5658 propter

425 5658 678 5726 temporis
708 5652 1000 5728 angustiam
1023 5695 1038 5718 ,
1078 5663 1140 5728 et_
1160 5654 1449 5728 adjungere
1474 5653 1738 5728 sermonis
1779 5652 2002 5705 solutio-

426 5724 570 5792 neni,
603 5739 661 5783 ut
687 5724 800 5792 per'
812 5742 927 5782 eam
945 5724 1247 5782 ascendatis
1269 5727 1333 5776 ad
1353 5733 1623 5778 auctorem
1645 5725 1780 5789 ejus,
1810 5734 2002 5791 nemtie

426 5795 641 5856 Filium.
678 5793 779 5853 llic
800 5808 870 5854 at
899 5794 1067 5852 Filius
1096 5811 1234 5852 utens
1253 5794 1486 5863 dilectus,
1513 5794 1565 5848 in
1591 5809 1689 5862 quo
1716 5793 1839 5847 mihi
1863 5808 2000 5847 com-

2117 4379 2310 4449 piacni.
2342 4377 2441 4433 Hic
2467 4388 2581 4441 est,
2614 4375 2701 4448 qui
2748 4391 2953 4433 mecum
2985 4379 3128 4433 misit
3156 4394 3321 4448 super
3348 4395 3407 4434 se
3442 4380 3703 4451 Spiritum

2123 4461 2384 4521 sanctum,
2417 4450 2713 4517 iterumque
2742 4464 2898 4516 quem
2924 4462 3198 4518 receperat
3222 4450 3652 4521 Spiritum’misit
3683 4476 3699 4511 :

2121 4520 2206 4575 hic
2230 4530 2345 4585 est,
2377 4521 2465 4589 qui
2505 4528 2629 4593 ante
2664 4521 2842 4573 onniia
2884 4521 3061 4574 secula
3102 4534 3171 4577 ex
3205 4520 3291 4576 me
3335 4524 3544 4591 genitus
3577 4537 3657 4579 est
3682 4569 3703 4593 ,

2120 4606 2227 4664 non
2255 4601 2497 4657 creatus;
2528 4590 2676 4664 Deus
2706 4594 3006 4664 genitusex
3032 4607 3118 4664 me
3144 4594 3259 4664 solo
3284 4590 3603 4664 unigenitus,
3640 4590 3697 4651 ut

2118 4663 2263 4716 solus
2292 4675 2391 4730 ego
2417 4662 2561 4734 novi,
2593 4669 2646 4715 et
2676 4670 2732 4716 ut
2756 4661 2842 4714 ille
2855 4661 2962 4734 scit
2985 4662 3170 4717 solus:
3200 4663 3283 4717 hic
3305 4661 3699 4734 estperiectio-

2120 4733 2201 4786 nis
2243 4747 2376 4787 meae
2416 4732 2692 4786 character
2735 4741 2790 4786 et
2833 4731 3045 4786 deitatis
3074 4736 3206 4788 m‘ete
3250 4731 3566 4790 character:
3609 4735 3698 4792 hic

2118 4813 2201 4856 est
2244 4804 2333 4873 qui
2373 4802 2681 4856 substantia:
2727 4817 2857 4856 mea:
2885 4803 3026 4858 clare
3057 4801 3162 4857 fert
3190 4805 3491 4871 imaginem.
3528 4805 3693 4861 Filius

2117 4884 2199 4927 εει
2227 4887 2376 4929 meus
2395 4888 2461 4945 ex
2488 4888 2604 4926 mea
2631 4875 2857 4945 essentia
2897 4873 3250 4945 incorporee,
3278 4876 3698 4945 incorruptibili-

2118 4952 2219 5009 ter,
2248 4945 2363 4998 sine
2393 4943 2498 4998 ulla
2530 4944 2782 5012 temporis
2808 4944 3012 4998 ratione
3036 4945 3270 5007 elucens,
3301 4961 3404 5000 non
3436 4943 3507 5001 ei
3520 4948 3690 5002 altera

2116 5014 2409 5069 substantia
2442 5032 2499 5069 sc
2532 5015 2779 5084 prodens.
2813 5014 2976 5068 Filius
3019 5024 3101 5069 est
3144 5031 3293 5070 uicus
3334 5025 3516 5071 natura
3538 5059 3554 5083 ,
3584 5033 3695 5073 non

2114 5086 2277 5154 gratia
2299 5128 2314 5151 ,
2345 5095 2642 5139 coaeternus
2662 5126 2677 5146 ,
2725 5100 2830 5139 non
2858 5084 3038 5154 junior
3064 5087 3145 5141 vel
3174 5088 3436 5141 secundus
3467 5106 3481 5142 :
3526 5088 3695 5143 Filius

2113 5165 2194 5209 est
2221 5171 2371 5209 meus
2394 5156 2757 5211 coeSSeutialis
2786 5156 2911 5208 mihi
2933 5197 2949 5222 ,
2993 5168 3048 5210 ut
3074 5158 3251 5211 lumen
3280 5174 3341 5211 ex
3372 5158 3598 5225 lumine,
3636 5167 3692 5214 ut

2117 5225 2219 5278 vita
2252 5241 2319 5281 ex
2348 5227 2452 5280 vita
2480 5266 2494 5289 ,
2543 5236 2599 5280 ut
2636 5228 2836 5281 veritas
2863 5242 2926 5280 ex
2957 5229 3178 5281 veritate
3206 5268 3219 5289 ,
3263 5238 3319 5281 ut
3365 5232 3594 5296 potentia
3623 5245 3692 5285 ex

2114 5300 2348 5364 potentia
2374 5336 2407 5369 ,γ
2441 5306 2498 5350 ut
2542 5298 2681 5351 Deus
2709 5313 2772 5351 ex
2825 5297 2950 5350 Deo.
2975 5368 2981 5369 ί
3008 5297 3118 5367 Ego
3162 5300 3352 5367 genui,
3403 5300 3494 5353 ille
3535 5304 3692 5369 geni-

2114 5375 2198 5420 tus
2240 5375 2322 5422 est
2353 5384 2367 5420 :
2398 5368 2536 5422 inter
2562 5384 2646 5422 me
2685 5382 2811 5421 vero
2851 5378 2906 5421 et
2931 5368 3078 5422 illum
3122 5369 3247 5422 nihil
3294 5381 3377 5423 est
3414 5368 3643 5424 medium
3674 5390 3689 5426 :

2112 5451 2212 5506 ego
2268 5440 2422 5507 genui
2484 5448 2542 5493 ut
2600 5452 2685 5492 me
2739 5436 2893 5492 decet
2950 5439 3168 5507 gignere
3218 5450 3404 5493 natura
3465 5442 3629 5495 Deum
3674 5460 3690 5496 :

2113 5505 2465 5590 i‘l'le_geuitus
2506 5519 2590 5590 est
2636 5514 2773 5562 sicut
2808 5505 2973 5563 decet
3009 5509 3156 5590 illum
3198 5511 3372 5590 gigni,
3418 5514 3506 5580 qui
3550 5511 3693 5590 Dens

2113 5577 2343 5633 Verbum
2392 5588 2493 5634 est.
2548 5579 2844 5634 Humanum
2895 5577 3534 5649 generatioois'nomeu,
3593 5584 3690 5638 sed

2111 5651 2332 5721 mystica
2384 5662 2465 5704 est
2522 5660 2773 5721 tempore,
2811 5652 3053 5719 superior
3108 5651 3396 5720 generatio.
3456 5650 3688 5719 Tempus

2110 5720 2216 5774 non
2252 5722 2399 5791 novit
2448 5720 2808 5791 generationis
2854 5735 2991 5776 mea:
3034 5723 3344 5789 mysterium
3384 5736 3399 5773 :
3445 5721 3545 5776 hoc
3594 5737 3691 5776 nc-

2109 5792 2280 5848 sciunt
2321 5789 2541 5863 (postea
2583 5791 2724 5848 enim
2764 5789 2887 5847 iacti
2939 5801 3063 5849 sunt
3075 5793 3099 5861 j
3142 5791 3416 5849 cherubim
3455 5805 3507 5849 et
3537 5806 3686 5848 sera-
