3818 6400
114 368 159 417 ἧς,
1369 348 1614 409 spuma
1655 351 1985 422 quaesti.
3242 377 3311 431 to

110 473 260 549 peccati
301 485 426 523 vero
450 467 865 549 .afl‘ectumhnun
910 466 1206 549 extiuxisti.
1260 466 1374 549 Clu:
1403 468 1534 549 lata“
1573 480 1630 524 et

108 538 282 610 inaliosa
307 551 387 595 est
416 541 497 594 via
528 542 594 593 ad
619 539 1002 606 perditioni-tn?
1029 539 1129 610 Per
1159 539 1295 592 viam
1322 538 1410 610 hic
1432 539 1628 595 indicat

109 609 263 668 vitam:
292 613 554 665 mundana
598 611 738 663 enim
765 611 1006 678 voluptas
1045 609 1282 678 deceptis
1324 609 1628 665 hominibus

107 690 264 740 videtur
285 684 386 736 lata
417 696 538 737 esse
562 681 664 733 via.
706 680 839 745 Quid
879 690 1058 734 autem
1100 690 1245 733 recte
1271 680 1628 736 sentientibus

107 773 162 811 νει
185 756 266 810 hac
290 751 679 808 aerumnosius?
718 750 846 804 Nam
881 767 1000 819 quae
1029 761 1248 818 augusta
1274 751 1626 812 existimatur,

107 831 152 882 ad
168 827 308 881 orlos
335 825 513 885 ducit;
538 838 654 892 quae
676 837 801 875 vero
820 821 922 874 lata
949 821 1176 892 videtur,
1196 835 1383 892 omnes
1403 823 1488 891 qui
1511 837 1628 876 eam

108 909 343 965 statuuntur
374 895 439 948 ad
481 891 663 946 orcum
708 892 972 965 detrahit.
997 891 1071 944 Ne
1109 899 1260 965 putes
1288 891 1451 955 enim,
1489 908 1522 944 0
1546 892 1629 965 di-

108 961 229 1026 lecte.
266 967 398 1019 viam
434 965 576 1018 illam
601 978 727 1016 vere
757 963 914 1015 latam
941 977 1090 1025 esse,
1118 971 1205 1014 aut
1241 961 1428 1015 bonam
1450 1003 1465 1026 ρ
1507 963 1629 1031 quia

107 1041 177 1092 hoc
193 1037 318 1091 dicto
343 1050 474 1089 usus
498 1044 581 1088 est
613 1034 884 1087 Dominus.
912 1031 1044 1085 Nam
1069 1043 1124 1084 ut
1154 1031 1404 1086 Salomon
1429 1033 1499 1086 ait
1523 1034 1630 1088 mel

108 1109 314 1164 distillare
343 1122 372 1160 a
403 1105 559 1158 labiis
590 1102 906 1167 meretricis,
933 1102 1071 1170 quod
1100 1118 1228 1157 sane
1258 1115 1449 1170 praeter
1478 1114 1630 1156 natu-

106 1196 184 1233 rain
221 1188 324 1240 est;
363 1175 632 1245 quomodo
667 1172 808 1227 enim
830 1182 1013 1245 potest
1041 1188 1286 1245 unquam
1312 1173 1412 1245 mel
1453 1173 1630 1245 distil-

106 1255 185 1303 lare
205 1266 228 1301 a
255 1241 401 1301 labiis
427 1245 705 1299 mulieris?
747 1241 849 1296 sed
878 1244 1018 1312 quod
1061 1242 1112 1296 in
1135 1241 1232 1297 tali
1265 1241 1450 1297 fraude
1477 1244 1631 1299 dulce

107 1321 285 1378 tidetur,
325 1327 379 1371 et
405 1332 558 1369 vanae
584 1315 866 1382 voluptatis
903 1314 1109 1368 fallacia
1142 1315 1244 1368 mel
1285 1315 1582 1384 appellatur
1611 1332 1626 1369 :

110 1399 159 1445 ita
193 1399 238 1445 et
273 1390 354 1442 hic
385 1387 716 1441 latitudinem
747 1385 842 1437 via!
871 1385 1101 1455 appellat
1125 1385 1365 1439 diversos
1395 1386 1632 1454 volupta-

107 1477 185 1516 tutn
207 1459 447 1520 affectus.
492 1468 547 1512 et
588 1467 748 1510 totam
781 1456 902 1508 vitae
936 1457 1271 1508 suavitatem.
1314 1456 1503 1509 Audite
1547 1471 1632 1511 me

106 1549 171 1588 tos
183 1531 257 1601 qui
272 1531 532 1601 cervicem
549 1527 928 1601 detnisistis,ct
946 1526 1162 1601 bonum,
1183 1526 1297 1579 leve
1313 1525 1633 1601 beatumque

102 1597 240 1673 juguin
279 1600 581 1669 accepistis,
629 1597 872 1673 monachi
913 1606 968 1650 et
1005 1598 1239 1673 virgines
1276 1613 1288 1649 :
1323 1597 1500 1651 audite
1548 1614 1633 1653 me

102 1667 772 1742 quacumque’vosmetipsas
790 1667 1163 1742 consecrastis,
1193 1677 1486 1742 etcorpora
1505 1682 1632 1742 Aves-

106 1737 159 1798 tia
194 1737 407 1797 Domino
443 1737 701 1795 dedistis:
727 1738 903 1791 audite
946 1753 1030 1790 me
1065 1738 1299 1792 ctelestis
1325 1737 1516 1804 Sponsi
1543 1753 1635 1792 co-

106 1831 212 1869 ronae
236 1832 255 1868 τ
287 1813 469 1866 audite
497 1825 584 1864 me
613 1824 728 1871 vos,
760 1824 879 1876 qua:
905 1809 1018 1861 sole
1045 1809 1176 1860 esus
1201 1809 1588 1874 Splendidiores
1615 1827 1630 1862 :

103 1887 240 1939 audite
265 1899 368 1946 me,
397 1897 493 1936 vos
519 1881 608 1950 qui
639 1880 785 1949 regni
814 1879 944 1950 estis
969 1877 1143 1950 aditus
1172 1896 1184 1929 :
1211 1879 1390 1950 audite
1412 1895 1516 1944 me,
1540 1879 1632 1934 Dei

104 1958 266 2017 amicta;
289 1954 470 2008 audite
498 1948 603 2015 me,
629 1948 722 2004 vos
744 1948 953 2003 Davidis
972 1948 1138 2003 choro
1157 1949 1438 2017 adjuncta;
1459 1951 1636 2005 audite

105 2044 180 2090 me,
195 2025 463 2097 progenies
485 2024 624 2097 _Eliza
633 2019 1027 2097 bellumeaudite
1045 2035 1150 2082 me,
1168 2018 1386 2074 Joannis
1398 2021 1605 2097 coalum
1618 2051 1634 2061 -

109 2089 355 2157 nouitidite
370 2091 730 2156 me,lt-.eredes
753 2091 864 2152 Dei;
883 2089 1061 2144 audite
1083 2105 1188 2154 me,
1208 2107 1324 2159 qum
1340 2092 1565 2145 stadium
1583 2100 1637 2146 et

105 2169 326 2222 victoriam
358 2175 418 2220 et
443 2164 814 2234 agonothetam
843 2163 892 2234 in
922 2161 1096 2214 stadio
1126 2161 1508 2226 circomfertis;
1538 2178 1633 2216 att-

103 2243 180 2293 dite
203 2255 294 2301 me,
322 2231 504 2290 Maria}
519 2247 748 2296 sorores;
768 2231 945 2284 audite
963 2247 1068 2296 me,
1096 2242 1314 2297 matres,
1346 2246 1556 2300 sponsa:
1582 2242 1638 2287 et

105 2312 266 2363 binulzc
291 2307 514 2361 Christi.
546 2305 656 2358 Non
688 2317 774 2356 nte
796 2301 1043 2365 audiatis,
1061 2316 1262 2371 quaeso,
1285 2304 1376 2355 sed
1399 2306 1632 2370 Aposto-

103 2385 178 2433 l-au
201 2381 458 2432 dicentem
494 2393 507 2428 :
549 2375 766 2428 Obsecro
794 2373 963 2442 itaque
989 2388 1093 2435 vos,
1135 2384 1187 2424 ut
1215 2373 1487 2442 exhibeatis
1517 2391 1631 2427 cor-

104 2469 192 2513 rara
213 2462 366 2503 restra
391 2447 607 2500 hostiam
631 2441 901 2508 viventem,
933 2452 1190 2506 sanctam,
1221 2441 1330 2495 Deo
1357 2447 1634 2513 placentem

103 2533 113 2588 t
132 2521 249 2574 ιιωιι.
276 2518 395 2582 XII,
423 2520 505 2584 1).
551 2516 678 2588 Fide
693 2514 894 2588 dignus
927 2514 1123 2588 estqui
1150 2513 1413 2588 obsecrat,
1447 2526 1498 2568 et
1529 2531 1632 2569 non

104 2584 320 2645 iecusabit
348 2603 565 2642 munus.
605 2586 741 2642 Vide
766 2584 886 2654 quis
918 2585 987 2638 sit
1015 2584 1060 2636 is
1087 2584 1174 2650 qui
1207 2593 1257 2636 te
1285 2584 1548 2647 obsecrat,
1581 2595 1636 2639 et

101 2664 361 2730 petitionem
408 2676 532 2713 cum
577 2669 806 2730 tremore
847 2656 1140 2730 reverearis
1177 2671 1190 2706 :
1229 2655 1316 2730 qui
1360 2656 1632 2730 usqne_ad

104 2725 266 2786 tertium
293 2733 493 2785 ccelum
521 2727 795 2787 ascendit,
824 2727 911 2795 qui
943 2726 1032 2779 Dei
1059 2740 1188 2779 voce
1213 2725 1401 2795 dignus
1425 2737 1504 2780 est
1535 2726 1631 2780 ha-

105 2805 224 2864 bitus,
254 2804 338 2872 qui
365 2815 562 2855 arcana
591 2799 747 2852 verba
771 2796 1264 2872 audivithobsecrat
1284 2812 1376 2851 vos
1403 2807 1458 2872 u_t
1481 2798 1636 2872 exibi:

103 2877 229 2929 beatis
243 2865 467 2940 corpora
485 2881 658 2924 vestra
677 2880 819 2922 casta
840 2869 964 2921 Deo.
988 2865 1122 2940 Quid
1141 2867 1410 2940 obsecras,
1435 2869 1633 2924 Paule?

100 2962 302 3011 quorsum
336 2937 485 2996 enim
521 2943 588 2994 tle
615 2940 904 3010 virginibus
939 2954 997 2993 es
1040 2937 1337 3011 sollicitus?
1374 2951 1633 3011 nonnetu

102 3007 262 3078 dixisti,
309 3015 386 3068 De
429 3007 718 3082 virginibus
746 3023 1050 3082 prtecepturu
1088 3007 1290 3082 Domini
1330 3026 1432 3063 non
1477 3010 1634 3064 habeo

101 3086 230 3140 ilCor.
252 3077 361 3146 CVII,
385 3077 525 3153 '25)?
555 3098 730 3136 annon
749 3077 973 3153 dixisti,
997 3077 1309 3153 Honorabile
1331 3082 1634 3153 connubinm

103 3156 240 3216 (Hebr.
269 3157 380 3211 Xlll
403 3199 420 3215 .
464 3149 562 3224 3i)?
596 3169 770 3224 annon
799 3151 1004 3211 dixisti,
1039 3149 1213 3203 Nolite
1238 3151 1478 3217 fraudare
1501 3153 1633 3205 invi-

101 3246 173 3278 ma
192 3232 310 3280 coitu
342 3227 387 3293 (I
416 3223 537 3278 Cor.
567 3223 676 3286 VII,
701 3223 796 3290 5)?
821 3237 916 3274 cur
947 3237 1084 3274 nunc
1109 3223 1403 3293 castitatem
1433 3223 1633 3293 praedi-

101 3303 192 3351 tas?
216 3311 386 3362 postea
419 3311 549 3350 vero
587 3311 683 3349 cur
721 3294 789 3348 de
827 3293 1119 3362 virginibus
1161 3307 1220 3346 es
1265 3292 1560 3347 sollicitus?
1603 3311 1633 3349 e

101 3372 352 3424 ramalibus
377 3368 586 3436 nuptiis
615 3375 669 3420 et
696 3363 1037 3436 corruptione
1061 3362 1310 3436 'I‘lieclam
1336 3365 1551 3433 rapuisti
1581 3374 1634 3418 et

103 3444 274 3495 servasti
297 3459 312 3493 :
335 3457 440 3495 cur
466 3433 681 3491 tandem
705 3437 771 3489 de
792 3435 1010 3501 reliquis
1031 3433 1324 3502 virginibus
1348 3450 1405 3489 es
1429 3436 1632 3490 sollici-

104 3513 191 3564 tus?
225 3511 358 3573 lino,
401 3510 610 3579 inquit,
641 3506 923 3579 admodum
956 3505 1212 3579 sollicitus
1242 3521 1357 3579 sum
1387 3506 1456 3579 de
1485 3517 1634 3579 casto

101 3595 136 3634 et
158 3574 671 3650 passionilmsvlibero
693 3576 1060 3650 eonttuliio._Si
1088 3575 1226 3628 enim
1250 3574 1523 3650 hominum
1551 3577 1634 3629 itt-

102 3644 252 3706 terreni
291 3654 522 3721 nuptiis;
570 3645 1052 3721 nitilto_tttagis_iis_,
1084 3644 1436 3721 qnie_Christi
1477 3657 1630 3710 sunt,

107 3715 403 3778 interveniaiii
440 3737 562 3776 cum
592 3718 874 3772 sedulitate
905 3717 1149 3785 plurima.
1199 3715 1474 3771 Pronnbus
1516 3734 1632 3771 smn

105 3796 287 3848 Christi:
317 3810 428 3848 non
470 3789 668 3845 sufficit
711 3789 934 3842 Domino
975 3802 1095 3839 nteo
1135 3802 1235 3839 una
1282 3789 1485 3856 puella,
1526 3803 1632 3842 non

103 3867 178 3918 ruit
197 3867 395 3919 unicum
431 3861 756 3916 connubium
780 3875 795 3913 :
821 3858 983 3911 multa
1014 3857 1128 3923 ejus
1155 3857 1252 3910 dus
1277 3869 1377 3920 est,
1412 3859 1632 3913 multum

103 3937 451 4000 intriinonium.
479 3935 819 4001 Quapmpter
840 3943 923 3982 me
944 3927 1178 4001 misitut
1197 3928 1388 4001 multas
1418 3930 1493 3983 illi
1523 3930 1632 3984 col-

107 3998 267 4072 ligerem
291 4026 304 4059 :
329 4007 459 4060 ideo
478 3998 550 4057 ait
576 4019 593 4054 :
625 3998 880 4072 Despondi
894 4015 988 4072 eos
1015 4000 1104 4072 uni
1125 3998 1237 4072 uiro
1260 4000 1500 4068 virginem
1522 4016 1634 4053 cas-

104 4068 171 4127 to.
186 4079 398 4130 exhibere
427 4075 629 4130 Christo
660 4068 732 4143 (ll
751 4071 867 4124 Cor.
891 4069 1091 4143 XI,_2).
1125 4068 1254 4123 Vide
1299 4083 1491 4139 quanta
1515 4085 1633 4125 cum

104 4150 390 4202 scrutatione
451 4141 766 4199 locuttts'est
793 4141 1109 4210 Apostolus.
1157 4155 1225 4194 ne
1265 4143 1476 4195 carnale
1502 4158 1634 4195 con-

105 4219 265 4272 nubium
288 4233 412 4274 esse
438 4217 736 4271 existimes.
770 4210 814 4266 Ο
831 4213 1120 4265 caecitatem
1145 4212 1159 4266 !
1191 4225 1224 4261 ο
1246 4211 1629 4278 insipientiam!

104 4287 190 4352 Quis
227 4306 325 4344 non
371 4289 557 4358 cupiat
598 4287 959 4358 incorruptum
993 4291 1048 4358 et
1077 4279 1396 4358 indefessum
1427 4298 1627 4337 conuu-

107 4361 220 4418 liutm.
247 4362 419 4415 Cubile
446 4353 679 4418 castum,
710 4355 996 4407 thalamum
1025 4353 1442 4414 immamtlatum,
1472 4370 1636 4423 puer—

107 4433 256 4494 perium
287 4430 766 4485 ineoiitaminatum
787 4467 802 4489 ,
834 4433 1132 4478 contactum
1166 4424 1536 4486 immortalem,
1572 4426 1636 4479 fi-

106 4500 241 4555 lorutn
273 4504 698 4570 procreationem
732 4494 1066 4570 passionibus
1092 4509 1310 4570 vacuam
1335 4535 1349 4559 ,
1395 4511 1630 4551 amorem

108 4586 190 4639 erga
217 4564 376 4627 vii-um
412 4588 521 4626 non
555 4564 853 4639 luctuosum
875 4606 890 4629 ,
932 4564 1110 4619 dolent
1153 4580 1180 4639 ξι
1208 4565 1401 4639 damno
1432 4574 1593 4621 tutam
1615 4610 1630 4635 ,

108 4635 460 4699 delectationem
490 4651 770 4700 tetertiant,
808 4637 968 4689 vitam
999 4651 1028 4688 a
1059 4635 1200 4689 curis
1232 4636 1472 4699 liberam,
1512 4655 1632 4692 cum

108 4713 266 4768 Christo
288 4713 762 4773 cohabitationem,
785 4723 903 4762 cum
932 4705 1135 4776 angelis
1159 4710 1486 4768 societatem,
1509 4723 1632 4762 can~

107 4793 208 4836 mum
244 4787 545 4839 divinorunt
587 4781 921 4834 dulcedinem
949 4817 962 4834 .
1001 4793 1066 4830 ex
1097 4779 1238 4830 omni
1276 4780 1468 4830 virtute
1510 4795 1632 4845 pro-

109 4855 298 4909 deuntem
319 4857 662 4914 suavitatem,
693 4849 1066 4918 candelabrum
1091 4851 1232 4900 otnui
1264 4847 1379 4901 luce
1406 4849 1630 4918 fulgens,

109 4926 343 4980 firmatam
373 4925 615 4994 undique
641 4922 910 4982 decoram,
938 4917 1002 4972 ad
1033 4919 1195 4994 Deum
1226 4917 1630 4994 profectionem,

110 5012 188 5047 uno
209 5001 396 5066 angelis
425 4990 687 5057 choreas,
728 4994 970 5066 corporis
1005 4991 1184 5053 robur,
1215 4990 1405 5066 anitme
1439 4991 1635 5066 purita-

110 5068 211 5120 tem?
247 5060 368 5136 Qum
411 5069 556 5119 enim
597 5063 861 5117 connubio
897 5060 1077 5136 juncta
1117 5068 1202 5113 est
1222 5062 1388 5136 _viro,
1437 5065 1638 5136 cogitat

110 5131 316 5200 quomodo
350 5140 559 5209 placeat
593 5143 858 5209 corruptae
885 5132 1030 5185 carui
1056 5147 1070 5180 :
1096 5131 1328 5184 nondum
1372 5131 1540 5209 parit',
1582 5143 1635 5186 et

112 5203 404 5263 ulamitatein
444 5207 640 5266 deﬂet;
688 5203 862 5258 luctus
902 5215 1046 5270 saepe
1090 5215 1306 5271 propter
1352 5203 1632 5270 maritum;

113 5277 238 5333 huius
255 5285 469 5350 propter
494 5277 905 5350 sterilitatemet
924 5273 1126 5326 sobolis
1150 5271 1440 5350 defectum;
1462 5274 1640 5332 luctus

115 5343 271 5417 Propter
296 5343 586 5406 liberorum
623 5343 1062 5417 multiplicitatem
1086 5385 1102 5406 ,
1118 5359 1299 5417 __cnm_
1305 5345 1631 5417 moriuntur;

117 5413 236 5475 luctus
259 5421 440 5476 liberis
462 5418 758 5475 inordinate
772 5416 929 5467 vitam
957 5414 1251 5483 agentibus.
1275 5413 1436 5483 Virgo
1455 5425 1634 5468 autem

115 5488 263 5565 limini
287 5495 487 5565 cogitat
513 5487 782 5565 quomodo
815 5484 1024 5565 placeat
1055 5486 1296 5565 Domino.
1343 5484 1635 5565 Diligenter

115 5563 237 5614 milite
257 5553 566 5630 Aptistoiutii
602 5553 942 5630 clamantem.
979 5553 1240 5630 Despondi
1260 5572 1352 5630 _vos
1382 5553 1470 5608 uni
1490 5556 1631 5630 _viro,

116 5625 503 5693 sopitem'castam
528 5631 761 5685 exhibere
783 5626 1002 5681 Christo.
1030 5626 1141 5679 Non
1163 5625 1297 5679 dixit
1319 5638 1384 5688 te,
1407 5625 1500 5680 sed
1524 5643 1631 5689 vos,

117 5706 421 5758 neexisumes
451 5720 569 5757 eum
600 5704 667 5757 de
699 5697 896 5752 carnali
927 5697 1192 5750 connubio
1223 5697 1384 5766 loqui.
1419 5696 1635 5750 Obsecro

116 5775 229 5838 item
247 5793 345 5838 sas,
376 5777 579 5842 inquit,
612 5782 663 5825 ut
695 5770 966 5842 exhibeatis
995 5784 1207 5842 corpora
1233 5779 1394 5842 ve_s_t_ra
1419 5769 1636 5842 hostium

116 5834 312 5909 ῑεῖὶιιεηι.
334 5834 589 5907 sane-tam,
625 5841 731 5898 Deo
759 5839 1032 5911 placentem
1069 5834 1244 5908 (Rom.
1279 5835 1385 5902 XII,
1421 5834 1496 5906 I).

1807 475 2118 550 Communis
2146 486 2226 534 est
2254 477 2549 534 exhortatio
2569 522 2581 536 .
2620 481 2953 550 maximeque
2979 501 3081 543 ros:
3103 486 3191 542 irit
3215 505 3308 547 ens

1734 547 1824 622 qui
1854 547 2188 622 sanctitatem
2217 561 2484 603 exercent.
2543 551 2614 605 llli
2659 553 2799 604 enim
2839 547 2928 622 qui
2968 557 3033 610 ad
3069 570 3308 615 sanctum

1735 618 2050 700 (Christum)
2080 629 2259 700 sancte
2274 623 2537 700 accedere
2564 623 2764 684 volunt,
2795 625 2838 678 si
2861 618 2950 679 hic
2977 641 3120 682 reme
3145 647 3201 683 se
3221 646 3310 700 ge-

1735 697 1875 752 rant,
1900 704 2117 768 magnas
2137 699 2190 744 et
2209 691 2513 760 splendidas
2528 706 2923 768 consequuntur
2943 712 3164 750 coronas
3186 719 3200 752 :
3219 691 3306 768 qui

1735 773 1862 811 vero
1881 759 2020 839 qugd
2043 772 2432 839 proposuerunt
2452 779 2554 839 u_on
2580 759 2870 839 perfecero.
2889 771 3141 839 eminenti
3161 759 3308 839 lapsu

1734 841 1919 911 ruunt.
1968 829 2063 911 Est
2100 832 2240 911 enim
2289 834 2528 911 terribile
2550 829 2616 887 ab
2645 835 2753 888 alto
2778 838 2968 911 cadere
2995 837 3188 908 (idque
3213 829 3308 897 ’τρε

1737 901 1848 974 ipsa
1894 901 2342 974 testiiicabatttr),
2394 906 2560 970 magis
2606 920 2760 974 quam
2809 910 2857 959 itt
2891 901 3050 961 humo
3079 901 3305 968 stantem

1736 971 1861 1047 labi.
1895 973 2099 1047 Pauper
2124 972 2354 1047 quidem,
2388 975 2431 1026 si
2465 971 2638 1042 usque
2651 976 2714 1029 ad
2741 976 2898 1032 finem
2924 981 2972 1030 iu
2999 993 3308 1047 paupertate

1738 1040 1915 1110 degat,
1946 1041 2244 1121 levius-fort
2269 1040 2670 1121 contumeliam;
2701 1047 2860 1121 divite
2889 1040 3062 1121 autem
3095 1040 3145 1104 in
3177 1068 3305 1121 pau-

1736 1124 1993 1181 pertatem
2026 1113 2300 1167 decitlente
2321 1155 2334 1173 .
2375 1125 2544 1168 morte
2571 1115 2805 1170 deterior
2833 1128 2911 1172 est
2939 1113 3191 1174 afﬂictio:
3221 1122 3310 1178 Sic

1735 1183 1965 1257 arbitror
1981 1185 2281 1257 acerbiores
2298 1199 2416 1239 esse
2438 1185 2697 1257 lacrymas
2713 1197 2760 1239 et
2780 1190 3044 1257 planctum
3067 1193 3136 1246 ob
3150 1195 3310 1246 amis-

1736 1253 1940 1327 sionem
1987 1253 2338 1327 virginitatis,
2389 1253 2798 1324 quam'illoruni
2843 1261 2931 1324 qui
2975 1263 3114 1314 velut
3162 1265 3306 1327 porci

1734 1325 1972 1401 quotidie
1999 1326 2191 1401 iu_luto
2221 1327 2516 1401 viiltttautur
2542 1340 2820 1401 peccantes
2845 1325 3310 1401 :qttandoqttidem

1737 1393 1822 1449 his
1845 1395 2092 1464 peccandi
2124 1397 2452 1450 consuetudo
2480 1397 2530 1450 in
2561 1410 2727 1452 artem
2757 1393 2962 1453 facilem
2993 1411 3045 1454 et
3071 1393 3306 1457 commo-

1735 1465 1856 1519 dam
1899 1466 2141 1526 transiit;
2189 1466 2256 1519 de
2295 1467 2398 1520 illis
2437 1483 2564 1520 vero
2589 1484 2704 1536 qua:
2737 1471 2987 1534 templum
3019 1472 3110 1526 ι)ιοί
3142 1474 3312 1527 viola-

1735 1546 1888 1612 runt.
1941 1537 2121 1606 lugere
2143 1548 2388 1612 oportet,
2434 1548 2497 1612 ut
2521 1538 2767 1602 arbitror,
2799 1541 3080 1610 plangere.
3127 1555 3312 1612 pectus

1738 1607 1998 1680 tundere,
2043 1606 2260 1680 capillos
2303 1608 2589 1680 divellere,
2645 1606 3024 1680 tanto—talique
3066 1606 3312 1668 thesauro

1739 1672 1957 1747 penitus'
1985 1672 2244 1754 perfosso.
2288 1678 2421 1744 Quid
2465 1681 2605 1754 enim
2649 1680 2738 1754 tibi
2778 1672 3006 1754 accidit,
3052 1699 3084 1733 o
3126 1685 3312 1754 virgo?

1736 1759 1965 1817 quantus
1988 1749 2066 1802 vel
2095 1748 2263 1817 qualis
2283 1762 2531 1816 aspectus
2554 1749 2760 1804 hosﬁlis
2788 1763 2836 1804 te
2859 1752 3101 1813 decepit?
3128 1748 3313 1816 quales

1736 1820 1935 1888 gladii?
1969 1818 2152 1888 quales
2181 1819 2378 1872 hasne?
2418 1821 2601 1891 quales
2626 1822 2835 1891 clypei?
2882 1823 3053 1890 qualis
3081 1825 3308 1880 militum

1741 1892 1994 1944 tumultus
2035 1898 2143 1961 tam
2185 1891 2290 1943 cito
2332 1898 2382 1943 te
2420 1907 2446 1941 a
2480 1889 2790 1944 defensioue
2815 1889 2984 1961 coegit
3017 1895 3313 1952 desistere?

1737 1961 1816 2015 Tu
1841 1977 1962 2033 eras
1987 1969 2042 2014 et
2069 1960 2193 2013 urbs
2216 1969 2270 2013 et
2291 1961 2539 2026 templum
2563 1961 2778 2033 Christi,
2803 1960 3088 2033 murusque
3115 1976 3166 2019 et
3190 1983 3312 2021 cus-

1739 2040 1822 2086 tos
1861 2031 2006 2084 urbis
2043 2039 2096 2085 et
2135 2040 2319 2098 portte.
2355 2033 2443 2094 At,
2481 2031 2612 2100 proh
2644 2031 2833 2087 dolor!
2881 2031 3144 2100 quomodo
3175 2036 3310 2091 hosti

1737 2103 2046 2156 concessisti
2091 2101 2225 2173 hanc
2260 2100 2376 2154 sine
2408 2102 2722 2156 necessitate
2753 2104 3001 2165 aperire?
3041 2107 3311 2173 quomodo

1737 2173 1882 2245 brevi
1927 2172 2438 2245 temporeinescata
2484 2172 2624 2245 illam
2650 2174 2982 2245 prodidisti,
3037 2172 3128 2245 per
3155 2193 3310 2245 quain

1736 2244 1980 2299 Christus
2011 2241 2290 2308 egrediens
2319 2242 2464 2295 illam
2493 2242 2853 2310 obsigillavit?
2895 2245 2939 2298 Ο
2978 2241 3184 2299 bellum
3216 2248 3314 2301 im-

1739 2313 1959 2383 probum
1985 2313 1999 2365 ε
2050 2328 2258 2366 murum
2284 2313 2600 2380 perfregisti,
2625 2324 2862 2369 sanctum
2886 2316 3138 2383 templttm
3163 2326 3308 2371 tuum

1739 2384 2041 2454 corrupisti.
2085 2394 2234 2452 pacta
2275 2383 2528 2454 nuptialia
2557 2383 2786 2448 violasti,
2826 2385 3030 2441 litteras
3048 2386 3311 2448 delevisti.

1736 2451 1915 2508 dotem
1945 2451 2233 2522 abrogasti,
2262 2451 2457 2507 Christi
2495 2454 2672 2508 cubile
2709 2458 3027 2510 contumelia
3067 2457 3310 2516 effecisti.

1741 2527 1849 2579 imo
1877 2527 2062 2594 pignus
2085 2524 2375 2592 perdidisti.
2395 2523 2582 2579 Nonne
2602 2524 2747 2578 vides
2769 2525 2924 2594 hujus
2945 2527 3125 2580 mundi
3148 2528 3313 2594 leges,

1737 2612 1855 2664 qua:
1879 2595 2132 2665 supplicia
2158 2594 2413 2666 adultcrte
2441 2595 2734 2664 parentur?
2758 2596 2881 2666 quid
2903 2613 3029 2652 vero
3052 2607 3104 2648 tu
3129 2597 3310 2662 facies,

1737 2682 1855 2734 qtae
1882 2664 1994 2719 non
2026 2664 2228 2720 violasti
2259 2666 2429 2719 cubile
2458 2666 2739 2731 conservi,
2777 2664 2874 2721 sed
2905 2668 3109 2722 Domini
3142 2670 3310 2722 nostri

1735 2735 1860 2793 Jcsu
1881 2736 2076 2807 Christi
2100 2737 2151 2789 in
2175 2747 2432 2807 auertium
2458 2737 2704 2802 viventis,
2729 2738 2839 2790 luto
2860 2749 3110 2807 corrupto
3135 2747 3189 2792 et
3218 2739 3314 2793 fte—

1738 2810 1838 2862 tori
1879 2806 2200 2872 conjuncta?
2243 2805 2518 2872 Quomodo
2547 2816 2597 2860 te
2625 2807 2830 2876 lugeam
2857 2805 3039 2862 nescio
3063 2825 3074 2858 :
3103 2824 3312 2863 nemine

1736 2880 1878 2934 enim
1898 2879 2036 2933 bello
2051 2886 2268 2946 gerente
2281 2878 2551 2931 vulnerata
2568 2892 2646 2941 es,
2667 2878 2779 2933 sine
2794 2878 2968 2946 gladio
2983 2895 3040 2932 es
3057 2878 3310 2934 abscissa.

1737 2951 1904 3017 Quam
1937 2959 1988 3004 te
2006 2948 2236 3016 judicttm
2265 2963 2384 3002 esse
2414 2947 2594 3001 neSeio
2627 2967 2639 2998 :
2673 2963 2738 3001 an
2768 2949 2881 3002 sine
2911 2948 3219 3012 visceribus,
3245 2965 3315 3005 an

1735 3022 1850 3076 sine
1877 3019 2221 3076 conscientia.
2245 3035 2311 3071 an
2339 3025 2397 3072 ut
2416 3020 2606 3071 anima:
2627 3021 3031 3085 corruptricem.
3055 3035 3120 3072 an
3150 3029 3204 3072 ut
3237 3022 3312 3075 ttti

1737 3091 2168 3146 interfectricem.
2193 3089 2334 3142 Talis
2355 3089 2494 3141 enim
2513 3098 2595 3143 est
2615 3089 2895 3143 dementire
2920 3091 3070 3142 istius
3087 3091 3310 3158 species,

1735 3171 1796 3216 ut
1824 3177 1928 3216 non
1958 3161 2187 3228 reperiat
2225 3168 2373 3212 tanto
2401 3159 2541 3212 lttctu
2568 3160 2784 3227 dignum
2815 3161 3180 3228 opprobrium.
3232 3163 3314 3216 An

1736 3233 2017 3287 immemor
2037 3245 2096 3284 es
2123 3229 2380 3285 foederum
2410 3245 2530 3282 cum
2559 3229 2814 3283 Christo?
2841 3247 3016 3284 annon
3061 3232 3314 3286 recorda-

1736 3305 1813 3358 ris
1839 3301 2130 3372 pudicitize,
2157 3302 2329 3372 inqua
2353 3299 2598 3353 Christus
2625 3300 2860 3372 quotidie
2890 3302 2979 3354 tibi
3011 3303 3074 3352 ad
3105 3303 3240 3356 latus
3260 3311 3316 3357 et

1739 3374 1804 3427 ad
1835 3371 2016 3441 pectus
2046 3371 2385 3441 invisibiliter
2413 3381 2466 3441 et
2497 3371 2718 3440 mystice
2747 3372 3134 3425 exultabuodus
3161 3373 3315 3426 erat?

1735 3444 1848 3511 Qua
1881 3459 2012 3497 vero
2053 3442 2118 3495 de
2156 3440 2354 3495 causa?
2402 3440 2536 3505 Quia
2582 3450 2635 3494 tn
2686 3441 2763 3495 vel
2808 3442 2918 3510 ipsa
2968 3442 3124 3495 Maria
3172 3458 3311 3504 cras,

1737 3513 1967 3583 quandiu
2008 3513 2364 3583 virginitatem
2396 3512 2668 3583 servabas.
2713 3511 2965 3576 Quaenam
3009 3513 3166 3580 igitur
3191 3528 3311 3565 cura

1740 3582 1986 3654 nequitia!
2016 3582 2397 3654 ccttgltttinavit
2423 3582 2602 3654 oeulos
2635 3583 2788 3654 tuos?
2834 3597 3103 3654 t|tttenox
3135 3583 3314 3654 illunis

1740 3665 1791 3710 te
1827 3651 2232 3714 obtenebravit,
2278 3661 2334 3705 ιιι
2381 3651 2618 3706 membra
2659 3651 2854 3705 Christi
2887 3653 3047 3705 iacias
3077 3653 3315 3706 membra

1739 3723 2149 3780 fornicationis?
2181 3723 2317 3777 Proh
2345 3721 2524 3776 dolor!
2559 3721 2799 3776 fauorem
2825 3723 3178 3776 meretricium
3209 3723 3317 3776 vir-

1736 3797 1893 3864 ginali
1945 3793 2190 3849 suavitati
2237 3792 2617 3862 pravposuisti?
2661 3793 2946 3861 voluptatis
2985 3794 3150 3846 lutum
3194 3809 3314 3846 cum

1739 3876 2007 3937 unguento
2027 3864 2406 3937 commutasti?
2430 3877 2604 3916 annon
2628 3864 3036 3937 compunctione
3061 3865 3210 3931 plena
3236 3879 3318 3937 re-_-

1738 3934 1981 3992 cordaris
2009 3935 2148 3989 illius
2174 3934 2348 3992 horai.
2396 3935 2447 3986 in
2479 3949 2578 3995 qua
2607 3934 2762 3988 simul
2795 3936 3032 3987 laztatttes
3062 3944 3118 3988 et
3144 3934 3314 4000 angeli

1737 4019 1789 4062 et
1825 4009 2066 4061 homines
2094 4007 2144 4059 in
2174 4003 2686 4075 nuptialemehristi
2720 4005 3009 4057 thalamum
3049 4004 3314 4070 lampades

1741 4087 1981 4132 tenentes
2003 4086 2056 4131 te
2082 4074 2434 4138 deduxerunt,
2462 4074 2737 4128 Davidicos
2753 4083 2940 4128 cantus
2961 4075 3314 4132 modulantes,

1737 4163 1800 4202 ac
1830 4159 1880 4203 te
1904 4147 2196 4201 mendicam
2224 4159 2612 4214 pauperemque
2631 4159 2817 4200 omnes
2845 4143 3040 4199 Christi
3066 4159 3314 4214 sponsam

1739 4229 1791 4274 et
1823 4220 2056 4287 reginam
2090 4215 2488 4285 praedicarunt?

1810 4284 1960 4343 Eheu
1985 4289 1999 4342 ε
2029 4284 2146 4356 quis
2174 4301 2278 4340 non
2309 4287 2478 4354 lugeat
2502 4301 2618 4338 eam
2645 4300 2762 4353 qure
2792 4285 2992 4354 Regem
3017 4284 3235 4346 deserit,
3265 4293 3315 4339 et

1737 4362 1998 4414 vermium
2028 4357 2288 4426 putredini
2317 4371 2375 4410 se
2404 4356 2692 4424 conjungit,
2727 4362 2882 4424 atque
2915 4371 3035 4408 eum
3085 4371 3316 4420 quocum

1738 4425 2160 4495 regttatnraerat
2188 4426 2523 4495 contempsit,
2555 4434 2712 4493 atque
2741 4442 2882 4490 eum,
2915 4425 3002 4493 qui
3035 4440 3064 4476 a
3093 4426 3236 4490 Rege
3263 4426 3314 4479 in

1737 4499 2034 4571 gehennam
2075 4499 2216 4571 ignis
2243 4495 2568 4571 injicieudtts
2596 4505 2728 4571 erat.
2759 4495 3112 4571 concupivit?
3139 4497 3317 4571 Quare

1739 4563 1896 4624 Talem
1924 4563 2128 4624 foveam
2162 4567 2253 4622 tibi
2283 4567 2458 4619 fodisti
2480 4565 2503 4606 ’ν
2533 4568 2600 4618 At
2633 4567 2730 4618 vite
2765 4563 2982 4618 latitudo
3011 4575 3062 4619 te
3083 4563 3314 4634 decepit.

1738 4641 1867 4709 Quae
1898 4641 2109 4694 tandem
2142 4637 2361 4692 latitudo
2383 4637 2407 4709 ?
2428 4635 2550 4704 quid
2576 4636 2664 4709 tibi
2694 4637 2939 4709 promisit
2959 4636 3063 4709 dux
3096 4637 3188 4691 ille
3220 4637 3318 4709 via:
3366 4650 3373 4657 ·

1738 4706 1803 4766 ad
1835 4711 2230 4781 perditionem.”
2251 4708 2508 4781 impulsor
2547 4707 2614 4781 ad
2645 4707 2942 4781 gehennam
2969 4706 2993 4781 ξ
3029 4722 3187 4775 quam
3234 4708 3317 4757 vi-

1739 4777 1847 4837 tam
1878 4783 2085 4837 beatam
2131 4779 2396 4850 pollicitus
2421 4789 2515 4850 est
2547 4777 2988 4850 lIQAlltiClt'lttﬂlllg?
3023 4791 3200 4830 nonne
3226 4791 3314 4850 au:

1738 4854 1885 4917 disti,
1910 4870 1942 4906 ο
1968 4839 2146 4921 virgo:
2191 4849 2467 4921 Dominum
2505 4848 2556 4921 in
2577 4847 3177 4921 Evangeliisoieeutcm
3207 4863 3222 4921 :_
3257 4839 3317 4910 Si

1739 4925 1983 4978 mundum
2013 4917 2298 4975 universum
2330 4918 2542 4972 lucraris
2567 4918 2780 4987 (Matth.
2812 4917 2950 4982 XVI,
2981 4917 3093 4986 26),
3135 4918 3322 4987 animi:

1738 5012 1853 5049 vero
1881 5005 1980 5048 tua:
2003 4993 2351 5045 detrimentum
2377 4985 2603 5056 patiaris,
2645 4988 2767 5056 quid
2785 4987 2872 5040 tibi
2899 4991 3098 5054 prodest
3124 4985 3317 5055 (Marc.

1749 5065 1876 5129 VIII,
1908 5064 2044 5134 36)?
2073 5065 2219 5134 uno
2244 5059 2570 5134 caecitatem!
2601 5073 2634 5112 ο
2660 5059 3009 5134 insipientiam
3085 5073 3118 5109 o
3155 5057 3321 5110 hebe-

1740 5129 2015 5190 tudinem'!
2061 5132 2265 5201 Cogita,
2315 5148 2347 5182 o
2389 5131 2555 5198 virgo,
2600 5130 2886 5197 perniciem
2924 5145 2945 5201 τί
2968 5129 3145 5201 animo
3174 5143 3318 5201 con-

1737 5207 1877 5276 cipe,
1901 5220 2062 5276 quem
2083 5198 2382 5276 prieptmas.
2412 5215 2566 5270 quem
2599 5213 2832 5276 (vermes,
2862 5199 2985 5266 quid
3015 5198 3106 5252 tibi
3129 5199 3321 5276 offerat

1742 5269 1990 5346 deceptor
2015 5269 2100 5346 ille
2136 5290 2148 5325 :
2184 5269 2471 5346 voluptatis
2515 5269 2780 5346 paululum
2815 5269 2924 5322 luto
2949 5270 3318 5332 commixtum,

1738 5340 1916 5416 guttas
1957 5344 2195 5400 sordium
2237 5343 2290 5396 in
2322 5351 2506 5416 ventre
2539 5340 2754 5409 virginis
2782 5354 2902 5392 cum
2929 5348 3145 5416 peccato
3170 5353 3320 5416 eom-

1745 5408 1960 5481 iuixtas,
1999 5415 2296 5485 gehennam
2348 5413 2515 5485 ignis,
2556 5408 2894 5485 et’x-erment
2943 5408 3317 5485 immortalem.

1740 5480 2074 5543 Exltorresce
2106 5484 2241 5536 hanc
2271 5483 2666 5551 turpitudinem.
2698 5480 3318 5551 llanccinevoluptatem

1741 5558 2008 5626 appellare
2034 5557 2176 5626 licet,
2205 5548 2472 5626 autvitam
2505 5554 2732 5626 beatam,
2765 5559 2854 5626 aut
2884 5549 3099 5626 delicias
3121 5548 3318 5626 there:

1739 5616 1860 5683 citie
1899 5627 2001 5681 vire
2048 5616 2310 5678 latitudo?
2344 5624 2464 5692 quis
2509 5622 2607 5676 iste
2649 5622 2867 5680 insaniae
2911 5616 3172 5692 affectus?
3213 5617 3320 5672 Sed

1740 5700 1952 5753 sobrius
1981 5707 2096 5751 esto
2123 5696 2172 5748 in
2204 5689 2452 5748 omnibus
2481 5703 2533 5748 et
2563 5694 2744 5758 dicito,
2783 5693 2898 5748 Non
2931 5692 3071 5745 enim
3105 5689 3315 5754 ignora-

1745 5785 1862 5823 mus
1914 5769 2261 5836 cogitationes
2307 5767 2442 5834 ejus.
2501 5763 2683 5818 Gaude
2731 5767 2904 5836 itaque
2953 5773 3210 5836 semper,
3263 5767 3322 5836 ut

1747 5827 2008 5910 scriptuni
2033 5846 2114 5893 est
2145 5855 2158 5890 :
2193 5827 2442 5891 Modestia
2465 5843 2626 5889 vestra
2661 5842 2780 5887 nota
2808 5827 2875 5890 sit
2895 5830 3123 5888 omnibus
3151 5827 3320 5884 Itami-
