3864 6462
457 429 522 482 ιε
1770 417 2009 473 SPURIA
2049 416 2376 484 QIIASDAM.
3603 418 3658 466 lb’

451 549 606 608 atque
629 539 816 590 iter-nm
841 536 997 589 David
1022 553 1035 588 :
1067 533 1126 588 Si
1147 533 1416 608 ascendere
1437 533 1905 608 itlAcglyﬂlLl-t‘t‘t'lllt
1921 549 2000 608 es;

451 614 493 662 si
525 601 826 661 descendere
844 608 892 658 in
914 609 1193 675 infernum,
1215 607 1334 656 ades
1353 602 1518 672 (Psal.
1538 601 1844 675 CXXXVII!
1867 642 1880 662 .
1919 602 1995 675 87).

450 676 692 732 Nondum
726 680 776 730 in
807 689 941 730 terra
963 671 1117 727 homo
1141 672 1307 727 factus
1341 675 1524 734 fuerat,
1542 673 1752 740 jamque
1793 671 1906 740 ejus
1949 674 1998 725 in

452 749 653 802 inferno
673 747 951 800 adventum
973 746 1222 812 propheta
1244 743 1458 806 iudicat,
1479 741 1590 794 Non
1620 757 1803 810 magna
1826 750 2003 812 resest

452 818 627 886 igitur,
649 817 692 870 si
712 831 825 879 nos,
849 811 1058 885 parvam
1084 814 1215 866 hanc
1235 815 1301 865 ab
1318 813 1443 886 urbe
1463 813 1758 886 distantiam
1776 811 1998 872 emensi.

449 881 514 941 a'd
549 890 684 940 hunc
714 881 884 939 locum
914 886 1185 938 veniamus
1230 895 1287 936 ut
1325 883 1623 935 adoremus.
1656 881 1845 934 Eamus
1885 897 2001 934 rur-

450 973 564 1010 sum
593 967 646 1011 ct
670 957 733 1009 ad
760 956 1063 1017 Jordanem,
1095 954 1338 1022 mysteria
1367 954 1521 1022 visuri
1547 953 1595 1004 in
1625 953 1713 1004 illo
1741 950 1998 1022 exhibita,

450 1027 716 1096 quomodo
745 1039 892 1079 mare
924 1027 1048 1077 vidit
1077 1035 1130 1076 et
1153 1020 1283 1091 lugit
1309 1037 1459 1096 suum
1489 1021 1784 1096 Dominum.
1808 1020 2000 1096 forda-

451 1090 528 1150 nis
557 1113 684 1150 Vero
711 1111 970 1149 conversus
997 1105 1066 1147 est
1096 1103 1360 1146 retrorsum
1390 1091 1548 1161 (Psal.
1593 1090 1770 1154 CXIII.
1807 1092 1881 1159 3).
1910 1090 2002 1144 Vi-

451 1167 671 1221 deamus
697 1168 882 1220 iterum
908 1165 1160 1217 Joannem
1193 1164 1539 1229 baptizantem
1569 1161 1712 1214 illum
1758 1163 1839 1230 qui
1871 1161 1999 1213 tollit

452 1249 706 1306 peccatum
747 1235 935 1306 mundi
962 1234 1136 1306 (Joan.
1186 1233 1224 1295 Ι,
1269 1232 1379 1306 ‘29).
1425 1246 1486 1283 ac
1525 1231 1734 1306 Patrem
1774 1233 2000 1299 desuper

454 1302 817 1360 testiﬁcantem
863 1304 979 1358 Filii
1028 1303 1109 1357 sui
1151 1303 1459 1370 stupendum
1506 1302 1898 1357 demissionem.
1947 1311 1998 1353 et

450 1388 728 1446 eogmtum
758 1376 1005 1443 Spiritum
1034 1375 1084 1427 in
1110 1373 1285 1446 Specie
1307 1371 1565 1446 columbze
1590 1371 1994 1446 descendentem

452 1457 507 1499 et
520 1440 828 1500 inanentem
857 1459 1013 1512 super
1036 1440 1176 1505 eum.
1195 1443 1279 1495 cui
1309 1443 1659 1494 testimonium
1684 1440 1999 1512 perhibeba-

455 1526 556 1570 tur.
587 1517 630 1570 Ο
663 1514 904 1584 stupendi
924 1508 1092 1583 Regis
1127 1512 1380 1580 stupenda
1413 1511 1692 1564 miracula!
1735 1508 1996 1578 quomodo

2106 548 2290 585 manus
2325 533 2484 588 lutea.
2521 548 2639 585 rum
2680 543 2913 601 tangeret
2963 534 3119 587 lﬂ'ils
3167 532 3342 586 mundi
3385 536 3575 586 Vt'l‘lll'e
3601 553 3652 592 ιι,

2107 619 2208 655 non
2230 614 2309 656 est
2337 605 2603 656 combusta
2637 602 2796 669 ‘lqttis
2827 604 2952 655 vidit
2989 616 3072 655 aut
3106 603 3223 671 quis
3257 619 3480 671 unquam
3511 604 3658 656 andi-

2106 674 2179 724 vit
2207 671 2400 727 Renum
2443 674 2544 739 igni
2583 674 2902 741 contiguum,
2945 681 2997 726 et
3025 672 3090 724 ab
3119 673 3237 741 igne
3275 673 3521 726 damnum
3551 689 3655 726 non

2104 741 2360 808 recipiens
2386 745 2407 792 γ
2435 743 2623 796 Beatus
2643 745 2781 796 enim
2813 757 3014 800 revera.
3046 758 3108 794 ac
3133 753 3211 795 ter
3238 742 3438 806 beatus,
3471 759 3656 796 surcu-

2105 811 2188 865 Ius
2227 812 2490 866 Zachariae
2527 824 2579 867 et
2623 813 2914 866 Elisabetze.
2949 813 3088 866 Beati
3128 813 3338 867 demum
3364 822 3417 866 et
3445 830 3540 866 nos
3566 829 3662 864 sn-

2105 897 2242 944 mus.
2271 886 2356 949 qui
2390 882 2683 937 lumborum
2709 897 3003 935 nostrorum
3035 882 3231 935 fructus
3253 897 3284 936 e
3307 893 3488 936 sancto
3513 883 3666 937 lava-

2102 966 2194 1023 cro
2211 951 2518 1021 eil'ulgentes
2535 953 2885 1020 coospicimns
2907 992 2920 1014 .
2946 963 3190 1023 tanquam
3206 953 3382 1006 stellas
3401 953 3659 1023 quasdam

2104 1022 2311 1088 plenam
2360 1034 2724 1089 percurrentes
2769 1022 3064 1076 ecclesiam.
3111 1022 3303 1078 Verum
3332 1064 3345 1085 .
3392 1022 3430 1074 o’
3465 1024 3659 1082 Pater.

2102 1091 2332 1146 Verbum
2362 1106 2416 1145 et
2441 1092 2682 1160 Spiritus,
2715 1093 2866 1144 trium
2897 1107 3236 1158 personarum
3262 1094 3575 1152 substantia,
3605 1103 3659 1145 et

2101 1163 2331 1230 potentia
2357 1172 2410 1214 et
2437 1162 2676 1214 voluntas
2702 1173 2755 1215 et
2779 1175 2950 1225 actus,
2979 1161 3211 1216 concede
3247 1163 3418 1224 nobis.
3450 1165 3534 1231 qni
3569 1163 3648 1214 in-

2099 1231 2344 1285 confusas
2369 1243 2421 1284 et
2449 1231 2697 1286 indivisas
2726 1241 2841 1285 tuas
2870 1248 3118 1300 personas
3146 1232 3475 1296 conﬁtemur,
3502 1242 3555 1284 nt
3581 1231 3650 1284 ad

2097 1301 2332 1354 dextram
2361 1309 2498 1354 tuam
2529 1312 2751 1362 stemus,
2803 1317 2920 1354 cum
2957 1319 2986 1353 e
3014 1303 3160 1355 cmlis
3195 1303 3396 1356 veneris
3419 1303 3658 1370 judicare

2097 1371 2277 1424 orbein
2303 1370 2354 1424 in
2385 1371 2775 1440 mquitateMrt.
2808 1371 2965 1434 XVII.
2988 1374 3096 1436 5|).
3126 1373 3254 1436 Quia
3285 1374 3373 1425 tibi
3401 1377 3651 1426 convenit

2095 1441 2278 1505 gloria.
2307 1441 2492 1501 honor.
2517 1441 2772 1505 adoratio,
2803 1443 2939 1495 Patri
2969 1455 3018 1495 et
3049 1441 3177 1494 Filio
3203 1455 3252 1494 ct
3279 1441 3491 1510 Spiritui
3520 1457 3646 1495 san-

2094 1519 2201 1575 cto,
2235 1525 2370 1564 nunc
2393 1521 2446 1565 et
2473 1525 2700 1580 semper,
2730 1523 2782 1565 et
2811 1511 2862 1565 in
2892 1514 3063 1566 secula
3094 1514 3408 1565 seculorum.

2079 1642 2133 1652 ιο

456 1727 594 1788 XII.
638 1743 868 1811 SANCTI.
896 1741 1114 1786 PATRIS
1141 1740 1364 1784 uos'rm
1405 1738 1660 1782 JOANNIS
1703 1734 2131 1780 cuuvsosrom
2159 1735 2365 1782 SERMO
2407 1738 2472 1781 IN
2514 1737 2794 1782 ξηαπ-ΑΜ
2829 1739 3307 1786 ASSUMPTIONEM
3333 1743 3650 1788 suurn-o-

1869 1837 1965 1880 RIS
2008 1835 2251 1880 NOSTRI.

520 1967 949 2035 Quandoquidem
984 1980 1077 2035 per
1104 1964 1321 2034 gratiam
1355 1964 1442 2035 Dei
1472 1962 1759 2035 orationem
1791 1962 1855 2016 de
1883 1976 2004 2028 pas-

455 2032 604 2091 sione
637 2037 838 2090 Domini
879 2032 1062 2099 nostri,
1094 2032 1196 2104 quo
1225 2034 1453 2104 oportuit
1480 2033 1583 2094 die.
1610 2032 1908 2104 habuimus.
1949 2040 2005 2085 et

452 2109 692 2163 similiter
718 2106 783 2160 de
807 2103 1188 2160 resurrectione
1216 2121 1230 2168 ;
1263 2105 1436 2157 audite
1460 2104 1566 2172 jam
1608 2103 1760 2170 hujus
1797 2116 2004 2171 quoque

453 2178 702 2232 orationis
739 2176 1030 2230 historiam.
1065 2176 1342 2244 Postquam
1388 2181 1813 2244 resurrexeratga
1858 2187 2001 2224 mor-

457 2249 579 2314 tuis,
620 2256 674 2300 et
709 2257 1021 2317 apparuerat
1054 2242 1342 2314 discipulis,
1372 2255 1667 2317 atquecum
1699 2242 1799 2294 illis
1824 2255 2000 2294 versa-

457 2313 573 2378 tus.
605 2313 951 2371 tactus'etiam
983 2313 1438 2380 fnerat.cumque
1477 2313 1577 2366 illis
1604 2321 1867 2364 manserat
1910 2325 2002 2377 per

453 2388 568 2441 dies
591 2388 924 2456 quadraginta
948 2425 962 2446 .
992 2385 1131 2439 venit
1156 2385 1206 2438 in
1248 2393 1475 2456 montem
1505 2383 1770 2456 Qlivarum
1812 2396 1877 2434 ex
1904 2381 2000 2432 ad-

457 2452 620 2510 verso
659 2452 1104 2525 Jerosolymorum
1151 2470 1270 2508 cum
1311 2453 1578 2525 discipulis
1615 2452 1724 2525 suis
1755 2468 1786 2525 ςΔ
1813 2465 1997 2525 magna

454 2529 609 2580 etiam
627 2526 841 2580 colleCta
867 2521 1219 2586 inultitndine,
1245 2526 1353 2592 ipse
1375 2523 1527 2577 Jesus
1551 2521 1960 2592 discipulisdixit
1984 2538 1998 2573 :

455 2595 598 2649 Sicut
623 2596 750 2648 misit
779 2611 856 2648 me
881 2593 1055 2659 Pater,
1079 2604 1125 2648 et
1150 2611 1239 2664 ego
1266 2589 1407 2645 mitto
1431 2609 1514 2645 vos
1542 2590 1716 2664 (Joan.
1743 2589 1859 2651 XX.
1884 2590 1996 2664 21).

460 2665 641 2718 Euntes
669 2666 820 2732 igitur
858 2666 912 2718 in
936 2662 1216 2718 universum
1245 2663 1506 2724 mundum.
1539 2663 1784 2732 baptizate
1823 2676 1906 2714 eos
1949 2662 2001 2713 in

454 2737 652 2788 nomine
679 2735 846 2788 Patris
861 2752 905 2789 et
923 2733 1044 2788 Filii
1061 2745 1106 2787 et
1130 2733 1349 2801 Spiritus
1374 2731 1616 2791 sancti.in
1640 2732 1998 2801 remissionem

455 2816 784 2874 peccatorum
836 2805 1048 2873 (Matth.
1084 2798 1310 2867 XXVIII.
1367 2804 1464 2866 I9;
1516 2802 1678 2874 Marc.
1723 2798 1996 2874 XVIJQ).

457 2871 692 2944 Inﬁrmus
734 2871 938 2937 curate,
981 2874 1227 2944 da’mones
1268 2874 1469 2939 ejicite;
1515 2872 1668 2941 gratis
1718 2871 1996 2944 accepistis.

453 2939 609 3016 gratis
646 2947 759 2998 date
805 2944 825 3016 (
849 2945 1026 2998 Matth.
1054 2943 1129 3004 X.
1157 2945 1190 2997 8
1211 2943 1260 3016 )ν.
1289 2939 1568 3016 Βεγιράίςῖιε
1605 2939 2000 3016 persequentibus

453 3010 557 3077 ros,
586 3010 871 3078 benediciie.
899 3027 942 3068 et
970 3016 1120 3068 nolite
1145 3010 1433 3067 maledicere
1452 3012 1600 3082 (Luc.
1627 3011 1713 3074 Vl.
1736 3012 1846 3077 28).
1879 3010 1990 3064 Imi.

456 3086 632 3138 temini
679 3085 975 3154 Magistrum
1004 3096 1254 3154 vestrum.
1286 3082 1472 3154 Ini/ioc
1509 3091 1802 3154 cognoscent
1830 3097 1998 3154 omnes

453 3156 587 3224 quod
609 3151 842 3224 discipuli
865 3155 961 3207 mei
982 3157 1094 3208 estis
1116 3152 1288 3218 (Joan.
1313 3151 1450 3215 Xlll,
1473 3153 1589 3221 35).
1612 3153 1654 3204 si
1679 3166 1772 3205 eos
1791 3151 1884 3224 qui
1907 3168 1998 3205 νινε

454 3221 577 3278 odio
606 3221 797 3278 habent
823 3225 1066 3294 diligatis.
1098 3224 1351 3277 Memores
1375 3233 1544 3277 estote
1569 3231 1694 3290 quot
1709 3221 1838 3294 mihi
1863 3224 1995 3294 mala

456 3295 722 3349 intulerint
745 3292 936 3349 Judaei.
963 3293 1256 3362 Seraphim,
1283 3310 1401 3346 cum
1431 3310 1532 3362 non
1581 3292 1781 3361 possint
1812 3292 1994 3346 faciem

455 3381 622 3418 meam
652 3366 859 3429 intueri.
890 3365 1062 3417 vultus
1096 3361 1218 3416 Suos
1249 3372 1427 3432 tegunt
1455 3379 1469 3416 :
1497 3361 1660 3416 Judaai
1688 3375 1812 3415 vero
1836 3362 1887 3416 in
1917 3362 1992 3414 l'a-

451 3439 585 3488 cient
620 3449 787 3487 meam
815 3436 1137 3502 inspuerunt.
1168 3444 1220 3487 et
1240 3434 1496 3486 maxillam
1525 3432 1760 3500 colaphis
1789 3448 1999 3501 percus-

451 3519 588 3557 Sere.
617 3504 795 3558 Manus
825 3501 952 3558 mem
984 3504 1244 3556 hominem
1266 3520 1295 3556 e
1318 3513 1452 3557 terra
1479 3501 1788 3566 formarunt,
1815 3514 1867 3556 et
1890 3506 2000 3568 pnl-

454 3575 773 3627 cherrimum
815 3573 1063 3627 mundum
1110 3573 1453 3627 condiderunt
1497 3593 1508 3627 :
1557 3573 1630 3626 illi
1674 3588 1800 3625 vero
1839 3575 1998 3626 clavis

457 3645 639 3697 ferreis
669 3645 806 3712 ligno
829 3643 1060 3698 allisere.
1091 3644 1143 3696 Si
1174 3655 1362 3696 terram
1391 3643 1660 3712 inspiciam
1680 3682 1696 3707 ,
1727 3651 1860 3696 terra
1892 3655 2000 3698 tre-

454 3713 546 3766 mit
572 3725 623 3768 ct.
645 3715 939 3767 concutitur
966 3730 979 3766 ε
1009 3714 1080 3766 illi
1108 3729 1230 3766 vero
1259 3723 1586 3766 transeuntes
1613 3722 1668 3767 et
1692 3714 1859 3781 capita
1889 3730 2001 3765 ino-

455 3793 655 3843 ventes.
679 3785 960 3837 irriilebant
983 3799 1083 3837 ine.
1115 3783 1234 3836 II:th
1252 3786 1423 3837 omnia
1445 3783 1511 3836 ab
1533 3783 1632 3836 illis
1651 3798 1836 3853 passus
1857 3797 1994 3845 sum.

452 3864 506 3906 ιιι
549 3855 674 3906 iram
727 3854 825 3907 illis
868 3870 968 3906 non
1017 3853 1253 3908 retribui.
1301 3857 1377 3906 An
1424 3854 1732 3908 existimatis
1772 3867 1856 3906 me
1894 3869 1996 3906 non

454 3925 686 3990 potuisse
712 3924 735 3976 ?
774 3925 932 3992 parati
971 3922 1246 3977 adstabant
1272 3922 1464 3992 angeli,
1493 3923 1726 3976 dicentes
1752 3939 1765 3975 :
1795 3921 1999 3975 Dirum-

452 4010 628 4060 pumus
674 3994 868 4046 vincula
907 4009 1094 4056 eorum,
1139 4002 1181 4046 et
1227 3994 1546 4062 projiciamus
1582 4009 1615 4044 a
1644 3992 1784 4046 nobis
1817 3997 1998 4061 jugum

453 4079 672 4129 ipsorum
704 4062 870 4133 (Psal.
901 4063 961 4124 Il.
993 4063 1047 4130 5)
1073 4081 1086 4118 :
1127 4077 1294 4132 neque
1324 4063 1372 4116 id
1408 4064 1508 4117 illis
1537 4062 1746 4130 permisi
1771 4079 1786 4126 ;
1812 4066 1904 4116 sed
1944 4063 1996 4116 in
2041 4087 2046 4092 ι

452 4149 607 4186 t'rm'e
637 4143 915 4194 extensus.
959 4134 1129 4186 inlixis
1163 4133 1403 4186 manibus
1423 4173 1436 4194 .
1468 4135 1672 4186 Patrem
1703 4147 1875 4185 meum
1903 4147 1997 4200 pro

454 4201 556 4253 illis
589 4203 840 4267 invocavi,
874 4204 1055 4272 dicens
1085 4220 1098 4256 :
1129 4201 1716 4272 Patertignasceiillis;
1743 4218 1840 4254 non
1869 4202 1997 4254 enim

451 4274 606 4324 sciunt
633 4273 752 4343 quid
779 4274 965 4341 faciunt
1002 4271 1149 4338 (Luc.
1185 4270 1372 4331 XXIII.
1398 4271 1509 4343 34).
1543 4271 1608 4324 Et
1637 4275 1746 4325 hazc
1769 4282 1998 4343 propter

455 4357 481 4391 v
507 4361 544 4394 is
585 4340 936 4409 passus'snm,
977 4353 1034 4395 ut
1070 4343 1215 4394 vobis
1255 4342 1494 4408 exemplo
1526 4356 1718 4395 essem.
1761 4340 1818 4396 Si
1856 4342 1995 4395 enim

447 4413 699 4466 dixissem
746 4423 943 4466 tantum
987 4421 1041 4466 et
1083 4428 1184 4465 non
1227 4411 1488 4469 fecissem.
1534 4411 1817 4479 incongrua
1858 4423 1999 4465 esset

447 4485 688 4535 doctrina
715 4498 827 4536 mea
863 4500 874 4533 :
909 4483 1104 4548 primus
1134 4497 1243 4535 rem
1266 4495 1540 4550 aggressus
1559 4496 1698 4545 sum,
1726 4497 1785 4533 ac
1806 4480 1998 4534 deinde

448 4553 598 4604 vobis
619 4552 916 4606 faciendum
949 4553 1178 4618 injuugo.
1214 4552 1345 4614 Dixi,
1377 4550 1544 4604 Bonus
1571 4560 1737 4618 pastor
1779 4553 1997 4602 animam

443 4639 594 4672 suam
623 4624 707 4676 dat
738 4639 828 4689 pro
853 4622 1026 4675 ovibus
1051 4629 1065 4690 (
1087 4619 1241 4673 Joan.
1265 4619 1333 4684 Χ,
1373 4622 1428 4674 Η
1459 4621 1478 4688 )
1503 4637 1517 4682 ;
1543 4630 1602 4690 et
1629 4635 1730 4672 non
1760 4620 1996 4673 recusavi

452 4701 697 4755 nmrtcm.
718 4707 844 4745 cuin
872 4693 968 4744 siin
997 4691 1304 4744 immortalis
1335 4708 1348 4739 :
1381 4691 1512 4755 dixi,
1535 4689 1811 4742 Reuedicite
1836 4705 1998 4758 perse-

435 4763 705 4828 quentibus
738 4778 841 4825 vas.
875 4772 921 4814 et
957 4761 1110 4814 nolite
1145 4761 1436 4814 maledicere
1481 4759 1690 4830 (Matth.
1735 4759 1798 4822 V,
1821 4758 1992 4830 A48);

448 4841 604 4898 atque
624 4841 760 4883 tanta
785 4848 966 4900 passus
982 4846 1009 4882 a
1031 4830 1245 4894 Judzeis,
1267 4846 1368 4883 non
1398 4828 1500 4882 illis
1524 4829 1788 4900 maledixi.
1809 4828 1996 4884 Omnia

453 4904 544 4952 loci
557 4903 747 4959 .omnia
768 4899 964 4970 peregi.
983 4917 1098 4970 quae
1115 4905 1181 4953 de
1197 4917 1279 4953 me
1294 4916 1322 4952 a
1339 4900 1603 4970 prephetis
1621 4899 1805 4970 tradita
1824 4909 1994 4970 erant:

443 4980 496 5018 et
532 4987 653 5021 orre
681 4967 913 5023 adsuenda
950 4967 1016 5022 ad
1047 4969 1250 5023 Patrem
1280 4986 1440 5022 meum
1487 4968 1660 5037 (Joan.
1716 4967 1832 5031 XX,
1855 4969 1920 5022 17
1953 4980 1997 5022 et

451 5037 589 5100 MV.
615 5040 723 5104 14).
757 5042 859 5094 Sed
891 5042 1051 5093 nolite
1073 5041 1368 5094 contristari
1391 5080 1404 5102 ,
1445 5038 1559 5092 Non
1595 5038 1870 5102 relinquam
1913 5056 1997 5093 vos

444 5110 700 5176 orphans:
723 5126 741 5172 .'
771 5113 860 5164 sed
890 5112 1087 5163 mittam
1102 5110 1164 5162 ad
1185 5127 1277 5162 vos
1293 5109 1541 5178 Spiritum
1564 5119 1801 5161 sanctum
1826 5109 2000 5162 Domi-

452 5195 574 5231 nnni
596 5190 648 5234 et
675 5181 1022 5233 vivilirantvm
1049 5221 1063 5244 ,
1092 5182 1586 5233 consubstantialem
1620 5178 1755 5231 Patri
1799 5193 1918 5232 meo
1943 5187 2000 5232 et

443 5249 576 5302 mihi
609 5267 620 5302 :
651 5247 716 5302 Et
744 5267 832 5320 ego
858 5252 1101 5304 vobiscum
1130 5266 1240 5320 sum
1269 5250 1499 5320 omnibus
1512 5249 1687 5320 diebus
1705 5289 1718 5307 .
1751 5264 1904 5320 usque.
1931 5249 1998 5300 ad

447 5317 918 5374 consummationem
949 5319 1120 5373 saeculi
1147 5319 1355 5388 (Matth.
1382 5318 1744 5386 XXVIII.20).
1769 5317 1994 5373 Uteram

447 5405 476 5441 a
496 5390 746 5458 principio
767 5406 883 5442 cum
904 5389 1191 5458 prophetis,
1213 5391 1448 5442 ita‘ctiam
1471 5404 1562 5458 ero
1577 5391 1862 5442 vobiscum.
1888 5388 1998 5458 Ego

447 5457 671 5529 Moysen
699 5474 732 5512 e
768 5457 921 5512 manu
964 5457 1326 5529 ASgyptiornm
1363 5457 1564 5526 eripui;
1592 5473 1691 5526 ego
1715 5475 1836 5512 cum
1875 5457 1996 5512 JeSu

448 5528 584 5583 Filio
629 5529 768 5580 Nave
811 5538 1009 5598 septem
1050 5528 1214 5582 tribus
1262 5529 1397 5582 bello
1436 5530 1568 5590 vici;
1618 5545 1716 5597 ego
1765 5530 1928 5582 Eliani
1967 5543 1997 5581 e

447 5613 604 5650 manu
640 5598 899 5652 Jezabelis
939 5601 1186 5661 liberavi;
1221 5616 1319 5668 ego
1357 5599 1545 5652 Elisteo
1579 5599 1836 5664 duplicem
1873 5613 1996 5667 gra-

447 5668 847 5738 tiameontuli;
892 5684 989 5738 ego
1035 5669 1281 5723 Davideni
1311 5684 1342 5722 e
1383 5684 1537 5722 manu
1577 5670 1746 5723 Sutilis
1785 5669 1995 5736 eripui:

444 5752 544 5807 ego
568 5737 848 5792 Jeremiatn
876 5737 943 5792 ex
967 5740 1079 5793 lacu
1109 5739 1366 5807 profundo
1395 5739 1545 5792 evexi
1569 5755 1584 5801 ;
1607 5754 1705 5807 ego
1730 5738 1996 5792 Danielem

443 5824 509 5862 ex
537 5807 776 5863 lintcibus
806 5813 1012 5863 leonum
1043 5811 1202 5863 extuli
1230 5825 1245 5872 ;
1272 5825 1370 5878 ego
1397 5823 1518 5861 cum
1549 5811 1714 5861 tribus
1746 5809 1918 5875 pueris
1946 5809 1996 5861 in

447 5884 658 5934 tornace
693 5882 883 5934 choros
919 5880 1073 5946 duxi.
1113 5890 1166 5934 et
1205 5879 1302 5933 bos
1336 5881 1567 5942 servavi,
1601 5880 1837 5933 inimicos
1874 5894 1998 5934 vero

2102 1961 2386 2016 combussi.
2429 1961 2574 2018 Sicut
2608 1978 2752 2017 eram
2787 1979 2905 2018 cum
2942 1965 3044 2019 illis
3069 1966 3348 2032 omnibus.
3381 1971 3447 2023 ita
3490 1973 3652 2026 etiam

2103 2047 2197 2086 ero
2222 2032 2511 2086 vobiscum.
2554 2033 2618 2086 Et
2643 2035 2706 2087 ad
2743 2035 2923 2090 urbem
2949 2036 3238 2090 Jerusalem
3279 2041 3460 2094 oculos
3492 2045 3655 2096 attol-

2105 2100 2218 2155 lens
2245 2103 2375 2179 dixit
2401 2121 2422 2179 :_
2441 2103 3064 2179 Jerus~lcm,_.lerusalem.
3091 2123 3202 2174 qua:
3228 2111 3409 2164 occidis
3431 2114 3621 2179 prophe
3637 2143 3655 2154 -

2104 2181 2200 2233 tas.
2230 2181 2276 2225 et
2318 2173 2515 2246 lapides
2555 2190 2637 2226 eos
2671 2176 2755 2244 qui
2783 2176 2850 2227 ad
2893 2187 2938 2228 te
2975 2179 3111 2230 missi
3137 2189 3272 2242 sunt,
3297 2173 3485 2246 quoties
3523 2173 3658 2236 colui

2100 2257 2401 2312 εοηθνεθανε
2437 2243 2568 2321 ﬁli”.
2606 2243 2735 2321 ‘!‘£‘~
2775 2247 3192 2321 (ιαένῖῑτξίέοῐιυιέιέή
3217 2243 3433 2321 salte!!!
3485 2255 3656 2321 ρυιιοε

2100 2323 2331 2388 sitos.__et_
2364 2313 2564 2388 noluisti
2615 2313 2823 2388 (Matth.
2857 2314 3015 2369 XXIII
3040 2357 3052 2377 .
3082 2318 3178 2383 57;
3207 2313 3330 2371 Luc.
3358 2313 3495 2382 XIII.
3521 2324 3610 2388 54)
3633 2328 3659 2376 ‘.'

2102 2380 2213 2455 Vae.
2243 2382 2333 2434 lilii
2358 2380 2647 2438 Jerusalem
2680 2403 2693 2438 :
2722 2386 2840 2453 quia
2867 2402 2964 2455 ego
2986 2389 3104 2441 veni
3148 2380 3196 2441 in
3241 2392 3451 2445 nomine
3480 2380 3654 2447 Patris

2103 2452 2236 2529 mei,
2279 2461 2332 2505 et
2379 2469 2482 2506 non
2526 2456 2802 2529 accepistis
2827 2452 2929 2529 me,
2963 2457 3054 2529 sed
3095 2458 3356 2512 diabolum
3386 2463 3650 2529 accipitis,

2101 2522 2186 2588 qui
2219 2537 2312 2596 vos
2338 2537 2552 2596 semper
2584 2525 2804 2596 decipit.
2827 2524 2948 2596 Ideo
2993 2526 3313 2596 Relinquetur
3355 2522 3529 2586 domus
3572 2522 3657 2586 vel

2099 2600 2203 2644 stra
2231 2593 2424 2670 deserta
2460 2593 2478 2659 (
2503 2593 2684 2670 Mutila.
2720 2595 2899 2670 XXIII.
2953 2597 3022 2652 38
3049 2600 3064 2664 )
3090 2615 3102 2650 :
3137 2593 3238 2670 non
3284 2611 3490 2655 maneat
3519 2603 3657 2670 lapis

2100 2677 2257 2740 super
2285 2663 2525 2740 lapidem
2551 2665 2601 2740 in
2630 2665 2822 2740 templo
2851 2678 3024 2740 vestro
3053 2685 3066 2720 :
3102 2668 3320 2740 gloriam
3350 2675 3524 2740 templi
3560 2663 3656 2728 ve-

2100 2735 2218 2791 stri.
2251 2749 2403 2802 quam
2445 2733 2715 2794 habuistis.
2747 2751 2870 2788 ecce
2901 2737 3049 2788 trado
3075 2733 3412 2794 credentibus
3441 2733 3489 2794 in
3527 2759 3655 2795 cru~

2101 2816 2442 2877 gemmeam.
2487 2804 2626 2877 et_in_
2652 2808 3081 2877 resurrectionem
3126 2824 3318 2861 meam.
3361 2809 3449 2864 Vae
3478 2813 3652 2877 vobis,

2100 2870 2191 2925 ﬁlii
2217 2871 2504 2948 Jerusalem
2531 2873 2717 2934 Jndzei.
2749 2877 3043 2948 q_ni_typnm
3075 2879 3280 2930 habetis
3311 2896 3338 2930 a
3373 2870 3652 2948 principio;

2099 2953 2153 2996 et
2183 2944 2452 2996 veritatem
2485 2944 2910 3020 nonaccepistis.
2945 2946 3052 3014 Ego
3077 2949 3224 3020 vobis
3249 2944 3466 3018 ﬁguram
3497 2944 3654 3020 hujus

2101 3027 2231 3065 mea:
2258 3014 2551 3082 praesentiae
2575 3012 2715 3072 dedi.
2750 3025 2802 3067 ut
2848 3012 3064 3082 ﬁguram
3099 3012 3350 3072 habendas
3377 3012 3654 3076 Veritatem

2098 3084 2392 3153 agnoscatis
2421 3101 2434 3136 :
2461 3083 2582 3136 dedi
2607 3085 2755 3155 vobis
2780 3085 3032 3155 Moysetn,
3061 3087 3248 3155 legent.
3281 3090 3498 3154 virgam,
3530 3108 3652 3145 ani-

2101 3156 2318 3220 phorani
2360 3153 2890 3229 aiireanibabentem
2932 3153 3160 3210 manna':
3203 3153 3512 3229 ubicumque
3555 3177 3652 3215 au-

2101 3233 2204 3276 tem
2231 3232 2345 3297 emt
2371 3237 2489 3297 arca
2510 3263 2524 3284 .
2571 3223 2655 3297 ibi
2685 3227 2840 3297 etiam
2879 3238 2990 3278 erat
3031 3229 3192 3294 gloria
3227 3245 3360 3283 mea.
3392 3223 3655 3297 Quoniam

2099 3308 2225 3368 vero
2255 3293 2610 3368 imprudentes
2635 3293 2821 3368 fuistis.
2840 3311 2921 3359 ac.
2944 3313 3026 3349 me
3049 3298 3306 3361 veniente.
3325 3293 3658 3368 noiiaecepi—

2099 3365 2214 3438 stis_
2236 3379 2336 3418 me.
2369 3365 2616 3438 idcircoa
2658 3365 2804 3438 vobis
2829 3368 3048 3430 gloriam
3080 3368 3281 3429 aufero.
3313 3379 3367 3424 et
3394 3365 3646 3438 gentibus

2102 3434 2273 3506 trado.
2302 3433 2609 3506 etpascendo
2635 3434 2700 3486 ad
2735 3435 2936 3488 Patrem
2969 3453 3160 3498 meum.
3190 3440 3276 3506 qui
3315 3433 3471 3494 me'in
3499 3457 3656 3494 inun-

2099 3505 2221 3557 dinn
2263 3504 2421 3576 misit.
2469 3502 2597 3556 Vice
2642 3506 2816 3570 templi
2878 3507 3040 3576 vestri
3082 3502 3277 3576 erigant
3324 3511 3596 3564 ecclesiam
3633 3530 3652 3565 :

2100 3577 2212 3626 vice
2242 3574 2634 3648 promit-tarum.
2661 3589 2796 3648 quos
2826 3574 2888 3648 ad
2926 3592 3016 3648 ves
3044 3574 3186 3640 misi:
3218 3588 3270 3631 et
3296 3580 3655 3648 conspexistis

2098 3643 2294 3716 eos._in
2327 3644 2574 3696 mundum
2606 3645 2804 3716 mittam
2831 3645 3114 3716 discipulos
3154 3663 3320 3711 meos.
3362 3643 3658 3716 priedicare

2101 3713 2367 3786 baptisma
2389 3715 2758 3786 resipiscentizr
2789 3715 2851 3786 ad
2895 3717 3254 3786 remissionem
3295 3713 3652 3786 peci-atorum.

2103 3783 2230 3857 lledi
2250 3783 2887 3857 vobistabulasiwderis:
2917 3785 2981 3857 do
3010 3788 3250 3851 gentibus
3273 3783 3548 3857 Evangelia
3569 3805 3657 3843 sa-

2100 3854 2220 3907 Iutis
2249 3869 2261 3905 :
2293 3851 2410 3904 dedi
2441 3853 2590 3905 vobis
2623 3854 2808 3919 legem.
2843 3866 2896 3908 et
2923 3856 3118 3908 irritam
3159 3860 3352 3910 fecistis
3386 3851 3500 3911 eam
3526 3874 3540 3919 ;
3571 3859 3646 3912 do

2097 3923 2342 3997 gentibus
2363 3932 2472 3997 gra‘t
2484 3923 2583 3974 iam
2614 3924 2726 3997 vice
2765 3923 2890 3992 legis
2919 3941 2932 3978 :
2962 3924 3088 3997 dedi
3111 3928 3258 3980 vobis
3282 3930 3496 3997 virgam,
3527 3945 3649 3996 qua:

2100 3991 2368 4067 pullulavit
2391 4007 2404 4056 ;
2433 3991 2502 4067 d9
2525 3991 2764 4058 gentibus
2780 3991 2990 4067 crucem
3016 3991 3648 4067 eﬂloreutemfvnamque

2101 4059 2296 4115 inundo
2333 4076 2428 4126 pro
2466 4059 2636 4113 fructu
2678 4063 3028 4129 proferentem
3063 4083 3076 4118 :
3109 4065 3226 4120 dedi
3256 4067 3402 4120 Vobis
3430 4059 3642 4129 manna.

2097 4142 2153 4206 et
2175 4147 2292 4185 cum
2320 4130 2592 4206 edissetis_.
2631 4131 2848 4184 vitulum
2877 4149 2970 4206 pro
2999 4150 3082 4206 me
3105 4137 3362 4190 adorastis
3386 4154 3400 4201 ;
3424 4138 3490 4191 do
3514 4152 3648 4206 gen-

2099 4201 2236 4255 tibus
2276 4215 2460 4266 panem
2485 4201 2776 4272 caelestem.
2806 4205 2892 4271 qui
2928 4219 2958 4257 e
2980 4205 3116 4260 cmlo
3151 4206 3438 4270 descendit.
3468 4201 3650 4272 id'est,

2098 4285 2288 4346 corpus
2317 4285 2488 4324 meum
2523 4286 2534 4321 :
2559 4271 2678 4346 dedi
2701 4271 2845 4346 vobis
2869 4287 2899 4327 e
2926 4283 3182 4346 perrupta
3208 4292 3334 4343 rupe
3355 4293 3563 4346 aquam,
3592 4271 3655 4332 et

2101 4341 2339 4414 bibentes
2376 4340 2780 4414 exacerbavistis
2825 4340 2942 4406 mei
2993 4343 3062 4397 do
3101 4340 3352 4413 gentibus
3403 4340 3648 4414 poculum

2099 4410 2363 4486 sangitinis
2393 4413 2514 4473 inei,
2540 4420 2594 4486 nt
2624 4411 2801 4486 bibant
2831 4415 2986 4486 vitam
3023 4410 3292 4468 aeternam.
3336 4410 3455 4470 llaec
3479 4419 3658 4486 genti-

2101 4478 2197 4552 bus
2226 4479 2513 4552 largior._et
2545 4480 2767 4552 Ascendo
2790 4481 2855 4532 ad
2888 4481 3086 4535 Patrem
3113 4500 3272 4538 meum
3301 4478 3508 4552 (Joau:
3527 4485 3648 4552 XX,

2099 4547 2672 4623 I_7_l.__l_§ceeArclinquitur
2691 4550 2825 4623 vobis
2846 4555 3023 4605 domus
3051 4564 3207 4606 uestra
3227 4547 3451 4623 des'erta(
3463 4547 3648 4610 Matth;

2101 4617 2282 4678 XXIII.
2313 4617 2426 4685 58).
2457 4617 2586 4671 Cum
2617 4620 2728 4672 haec
2749 4621 2952 4674 dixerat
2980 4623 3247 4688 Dominus.
3269 4617 3554 4680 conversus
3582 4628 3654 4682 ad

2102 4699 2320 4741 matrem
2361 4697 2414 4741 et
2444 4688 2704 4757 Virginem
2734 4689 2863 4743 dixit
2893 4708 2905 4743 :
2946 4691 3048 4745 I’ax
3097 4693 3207 4753 lilii.
3242 4706 3408 4749 mater
3443 4699 3653 4751 suavis-

2101 4758 2231 4811 sima
2256 4773 2271 4821 ;
2302 4773 2367 4810 ne
2388 4759 2566 4810 doleas
2590 4760 2709 4826 quia
2737 4759 2963 4813 Ascendo
2991 4764 3056 4814 ad
3085 4761 3286 4816 Patrem
3312 4782 3474 4818 meum
3496 4783 3514 4819 :
3541 4783 3650 4821 non

2101 4838 2154 4882 te
2191 4829 2451 4890 deserant.
2479 4829 2621 4880 orbis
2673 4840 2926 4882 terrarum
2971 4833 3381 4888 illuminatricein
3409 4852 3422 4896 ;
3453 4851 3554 4889 non
3600 4848 3658 4891 te

2098 4900 2358 4973 deserant.
2391 4898 2640 4973 templum
2672 4914 2845 4973 meum
2880 4911 3150 4960 sanctum;
3182 4921 3282 4956 non
3313 4915 3363 4958 te
3384 4906 3651 4973 deserant,

2099 4970 2262 5020 solam
2295 4969 2500 5020 iidelem
2527 4982 2588 5021 ac
2617 4967 2811 5021 fraudis
2841 4982 3111 5036 expertem
3143 4988 3320 5026 coram
3351 4991 3436 5028 tne
3464 4967 3654 5029 inven;

2101 5047 2234 5111 nim;
2256 5053 2358 5090 non
2384 5047 2434 5111 te
2458 5037 2717 5111 deseram,
2741 5039 3063 5111 totius_orbis
3093 5047 3396 5111 mysterium
3422 5061 3436 5108 ;
3467 5061 3568 5099 non
3600 5055 3657 5100 te

2098 5107 2358 5183 deseram.
2388 5108 2567 5183 liorem
2615 5108 3078 5183 incorruptibilem.
3125 5107 3198 5164 Ne
3247 5113 3425 5168 doleas
3464 5132 3477 5167 :
3522 5117 3654 5183 quin

2098 5179 2254 5252 etiam
2283 5193 2399 5252 cuni
2429 5192 2460 5228 e
2500 5179 2600 5252 vita
2627 5193 2684 5231 es
2718 5179 2940 5252 exitura.
2969 5195 3070 5232 non
3098 5191 3296 5236 inlitam
3322 5179 3661 5252 angelosattt

2099 5247 2475 5322 archangelos._
2496 5245 2586 5299 sed
2623 5263 2719 5315 ego
2749 5250 3115 5322 veitiaiiripse.
3163 5263 3216 5305 et
3245 5245 3493 5322 accipiam
3532 5259 3658 5308 ani~

2102 5332 2237 5368 main
2265 5327 2402 5368 tuam
2433 5318 2704 5370 clariorem
2731 5317 2843 5370 sole
2867 5334 2929 5372 ac
2960 5318 3078 5371 luna
3105 5317 3429 5378 lucidioreiu.
3454 5325 3526 5377 Νυ
3553 5326 3658 5376 du-

2101 5385 2230 5450 leas,
2269 5386 2436 5453 virgo,
2477 5390 2596 5453 quia
2641 5389 2862 5440 Ascendo
2903 5389 2970 5440 ad
3015 5391 3214 5443 Putrem
3253 5409 3414 5444 meum
3441 5410 3460 5448 :
3491 5395 3661 5449 babes

2101 5472 2195 5529 pro
2222 5455 2606 5529 ine_.|_oanneni._
2636 5458 2888 5520 virginem
2911 5497 2925 5516 .
2955 5467 3006 5511 et
3032 5463 3229 5512 socium
3272 5478 3442 5515 ineunt
3472 5477 3663 5529 pecla-

2100 5527 2284 5599 ralem.
2315 5525 2520 5599 Nonne.
2539 5526 2699 5599 etiam
2720 5542 2842 5580 cum
2869 5531 2918 5579 in
2949 5543 3105 5582 cruce
3128 5531 3218 5592 fni,
3248 5530 3321 5582 illi
3363 5542 3412 5584 te
3439 5525 3660 5599 tradidi,

2099 5597 2280 5669 dicens
2309 5613 2322 5649 :
2350 5595 2577 5669 Joannes
2596 5595 2960 5669 [βίω-ηαστε(
2989 5600 3116 5669 tua?
3143 5599 3334 5669 tibique
3366 5601 3493 5666 dixi,
3527 5595 3664 5659 [ἐι-σὲ

2099 5667 2235 5734 [ilius
2275 5677 2388 5718 tuus
2417 5665 2592 5735 (Joan.
2626 5665 2758 5728 XIX.
2783 5666 2871 5730 27.
2898 5667 2988 5735 26)
3015 5669 3036 5720 ?
3067 5668 3128 5721 Et
3155 5665 3292 5725 nunc
3315 5665 3488 5724 sermo
3511 5673 3658 5728 idem

2098 5753 2128 5789 a
2170 5753 2252 5790 me
2294 5736 2357 5787 ad
2398 5748 2446 5788 te
2487 5739 2849 5804 pronuntiatur
2892 5754 2903 5787 :
2941 5739 3044 5791 I’ax
3073 5739 3180 5801 tibi.
3228 5753 3395 5795 mater
3438 5759 3553 5796 inca
3601 5757 3662 5799 ct

2098 5809 2264 5871 virgo.
2300 5807 2499 5858 Rursus
2541 5821 2662 5858 vero
2697 5807 2968 5873 discipulis
2997 5807 3129 5860 dixit
3156 5827 3166 5860 :
3202 5809 3306 5864 Pax
3334 5812 3481 5865 vobis
3501 5853 3516 5875 ,
3545 5813 3660 5866 fra-

2099 5888 2208 5930 tres
2237 5894 2249 5930 ;
2285 5891 2339 5930 ut
2369 5883 2512 5928 vobis
2538 5877 2780 5944 praecepi.
2810 5877 2979 5931 tacite.
3010 5877 3082 5931 Ne
3107 5880 3277 5944 itaque
3309 5882 3486 5937 tristes
3511 5883 3658 5946 sitis.
