3864 6402
125 380 191 432 ιτ
1455 378 1674 437 SPURU

1777 379 2060 442 FUEDAM.
3294 380 3360 435 £8

124 494 246 562 quia
289 493 529 548 Ascendo
562 494 642 565 od
691 491 896 565 Patrem
942 508 1105 545 meum
1138 493 1232 565 :_si
1277 492 1418 565 enim
1457 510 1554 565 ego
1593 510 1696 549 non

122 566 313 617 abeam
334 603 350 622 .
383 564 695 618 consolator
720 563 786 617 ad
817 578 913 619 vos
942 579 1040 617 non
1072 563 1270 620 veniet.
1312 564 1422 632 Ego
1451 563 1603 627 abeo,
1645 577 1699 620 et

124 642 241 704 post
267 634 464 704 decem
491 634 607 687 dies
646 636 798 687 mitto
825 634 1233 704 consolatorem,
1260 645 1496 687 sanctum
1534 646 1585 689 et
1615 638 1696 688 vi-

122 702 431 757 viﬁcantem
458 704 731 769 Spiritum.
758 704 930 772 Atque
959 704 1048 756 illo
1076 703 1188 756 huic
1207 704 1433 764 dicente.
1456 719 1580 759 ecce
1603 721 1697 758 an-

120 773 365 840 gelorum
414 774 699 827 multitudo
740 775 1104 827 circumcinxit
1140 790 1278 835 eunt,
1327 785 1379 827 et
1418 774 1691 843 Seraphint

122 843 512 896 obumbrantes
548 854 601 896 et
638 843 895 908 dicentes,
925 844 1162 906 Sanctus,
1195 843 1429 907 Sanctus,
1456 846 1690 907 Sanctus,

123 912 375 965 [terminus
407 913 546 966 Deus
574 914 878 967 exercituum
902 928 920 973 ;
945 914 1093 980 plena
1121 916 1258 966 enim
1287 925 1405 967 sunt
1426 916 1613 969 coelum
1642 927 1693 969 ct

124 994 255 1033 tam
279 982 449 1051 gloria
475 985 586 1051 ejus
612 982 762 1052 (Isai.
796 982 881 1045 VI,
903 984 982 1048 15).
1010 986 1086 1037 Ac
1109 986 1283 1036 statim
1307 985 1492 1038 nebula
1521 985 1689 1038 lucida

123 1053 323 1122 obtexit
347 1061 607 1117 montem,
637 1065 691 1106 et
715 1053 861 1106 chori
896 1052 1264 1122 prophetarum
1293 1055 1341 1106 in
1366 1065 1542 1109 monte
1567 1069 1692 1108 con-

123 1120 500 1190 gregabantur.
544 1123 707 1176 David
747 1120 923 1175 autem
952 1120 1071 1176 cum
1114 1125 1371 1192 spirituali
1400 1126 1601 1179 cithara
1639 1126 1688 1178 in

124 1192 299 1246 medio
323 1203 442 1262 erat
466 1193 845 1262 prophetarum
870 1194 1137 1254 omnium;
1169 1203 1221 1246 et
1256 1192 1434 1248 Jesum
1474 1194 1692 1249 hortans

126 1274 179 1332 ut
205 1263 257 1315 in
281 1260 481 1317 caelum
507 1260 841 1325 ascenderet,
867 1263 994 1316 dixit
1025 1280 1037 1313 :
1073 1262 1313 1316 Exaltare
1335 1281 1484 1332 super
1518 1264 1685 1326 ratos,

123 1331 297 1403 Degis;
322 1335 447 1385 etin
468 1350 667 1386 onmem
696 1345 880 1386 terram
916 1334 1078 1403 gloria
1127 1345 1211 1386 tua
1247 1331 1428 1403 (Psal.
1459 1333 1589 1398 LVI,
1623 1333 1690 1387 12

122 1414 167 1474 et
194 1402 429 1468 XCVIII,
458 1402 533 1471 6).
564 1404 633 1457 Et
658 1402 927 1474 apostolis
953 1405 1099 1465 dixut,
1152 1403 1386 1456 Exaltate
1420 1403 1687 1457 Dominum

120 1471 284 1525 Deum
308 1488 560 1536 nostrum,
583 1484 631 1527 et
651 1471 861 1527 adorate
874 1474 1142 1526 scnbellum
1183 1474 1365 1544 pedum
1406 1474 1536 1543 ejus.
1567 1490 1688 1543 quo-

121 1544 254 1594 niam
278 1554 515 1596 tundunt
540 1554 631 1599 est.
654 1543 722 1597 Et
747 1561 890 1606 ecce,
920 1544 983 1598 iis
1012 1543 1424 1612 inspicientibus,
1451 1544 1689 1597 sublatus

121 1624 219 1683 est,
247 1623 305 1665 et
332 1613 526 1668 nebula
554 1615 724 1668 lucida
755 1618 956 1683 accepit
978 1630 1119 1668 eum.
1151 1613 1320 1683 Atque
1347 1615 1533 1667 iterum
1561 1613 1688 1667 dcit

125 1682 379 1738 Dominus
402 1684 680 1753 discipulis
714 1683 867 1739 :Paa:
885 1682 1024 1738 uobis
1045 1699 1064 1738 :
1083 1701 1256 1752 pacem
1277 1700 1434 1737 meum
1460 1686 1525 1737 do
1550 1685 1688 1737 vobis

1803 495 1982 562 (Joan.
2026 494 2161 555 XIV,
2189 494 2302 557 97).
2353 494 2585 563 Cumque
2611 494 2710 547 hoc
2734 493 2958 557 dixerat,
2991 508 3094 548 non
3134 496 3359 563 amplius

1801 566 2165 633 aspiciebatur.
2202 566 2329 616 tium
2374 575 2546 617 autem
2594 564 2749 617 David
2803 573 3046 633 cerneret
3080 564 3222 632 quod
3254 566 3355 619 Do-

1800 632 1973 688 minus
2014 636 2063 686 in
2112 635 2301 687 caelum
2349 636 2694 696 ascenderat;
2728 634 2919 687 iterum
2948 632 3255 696 deleamus.
3296 651 3355 695 ac

1800 706 2012 771 pulsans
2049 705 2302 758 citharam
2347 705 2666 768 spiritualem
2687 744 2704 764 ,
2734 703 2866 756 dixit
2899 718 2912 752 :
2946 703 3181 755 Ascendit
3221 702 3356 758 Deus

1797 775 1849 826 in
1874 775 2040 844 jubilo
2061 815 2077 839 ,
2108 784 2155 827 et
2196 772 2441 844 Dominus
2466 773 2517 824 in
2559 789 2672 844 vare
2697 772 2826 844 tubae
2854 771 3031 844 (Ptol.
3066 771 3244 844 XLVI.
3276 773 3355 841 6).

1801 842 1952 898 Pater
1993 846 2214 911 desuper
2257 842 2555 895 acclamaus
2591 842 2748 907 dixit,
2778 842 2959 896 Sedea
2982 843 3169 896 deatris
3211 844 3353 908 meis,

1796 915 1952 966 donec
1988 930 2171 982 ponam
2209 914 2437 982 inimicos
2486 925 2595 966 tuo:
2645 912 2912 965 scabellum
2944 912 3126 979 pedum
3157 922 3379 964 tuorum.

1796 983 1951 1054 (CIX,
1985 984 2169 1054 l).7'il‘u
2195 999 2253 1036 es
2277 981 2443 1054 Filius
2468 1000 2603 1036 meus
2630 982 2857 1041 dilectus,
2882 982 2933 1033 in
2953 997 3051 1050 quo
3073 982 3196 1034 mihi
3217 997 3354 1035 com-

1795 1051 1967 1124 placui
2012 1053 2244 1124 (Matth.
2292 1051 2378 1116 III,
2423 1054 2547 1121 l7);
2583 1064 2636 1105 tu
2686 1068 2743 1103 es
2798 1064 2964 1120 agnus
2991 1066 3158 1114 meus,
3196 1062 3247 1103 tu
3297 1064 3386 1124 est

1792 1121 1844 1177 in
1893 1124 2138 1190 principio
2192 1121 2405 1175 Verbum
2444 1139 2616 1176 meum
2663 1136 2867 1178 verum.
2922 1129 2975 1174 tu
3021 1136 3077 1173 es
3121 1122 3354 1189 potentia

1795 1209 1930 1253 mea,
1978 1202 2030 1245 tu
2060 1209 2116 1246 es
2147 1194 2397 1260 sapientia
2448 1208 2581 1244 mea.
2633 1191 2696 1245 Et
2737 1207 2801 1245 eo
2843 1190 2895 1244 in
2932 1191 3123 1245 uelum
3166 1205 3351 1244 ascen-

1792 1265 1949 1318 denle
1972 1304 1986 1324 .
2030 1279 2215 1315 omnes
2246 1262 2533 1316 Potestates
2561 1263 2851 1314 aclorahant
2879 1260 3024 1315 illum
3058 1277 3073 1325 ;
3117 1260 3355 1328 seditque

1792 1351 1820 1387 a
1862 1335 2063 1387 dextris
2110 1333 2297 1395 Patris,
2338 1346 2458 1386 cum
2501 1332 2840 1396 adimplesset
2880 1345 3090 1384 onmem
3137 1344 3355 1385 mcono-

1794 1405 1950 1457 iniam
1970 1445 1985 1469 ,
2008 1403 2468 1455 CttnabllsmlliiaIlS
2496 1402 2632 1454 Patri
2670 1404 2931 1464 existens,
2964 1400 3198 1467 ejusdem
3250 1415 3346 1468 pn-

1794 1476 1992 1534 tetttite,
2028 1489 2127 1525 una
2158 1473 2421 1534 divinitas,
2447 1488 2545 1524 una
2578 1480 2829 1539 potestas,
2874 1471 3042 1523 I‘atris
3070 1479 3124 1525 et
3155 1469 3271 1525 Filii
3301 1480 3355 1523 et

1792 1544 2022 1610 Spiritus
2043 1543 2205 1595 sancti
2238 1559 2249 1592 :
2283 1558 2439 1610 quam
2470 1541 2779 1597 Trinitatem
2812 1555 2908 1593 nos
2936 1539 3116 1595 ﬁdeles
3154 1541 3345 1593 adora-

1791 1627 1947 1674 mus.
1998 1627 2137 1667 nunc
2175 1622 2227 1665 et
2271 1626 2518 1680 semper,
2574 1621 2627 1664 et
2687 1610 2737 1665 in
2797 1611 2973 1665 secula
3029 1613 3350 1674 seculorum.

1791 1686 1979 1737 Amen.

121 1911 181 1953 IS
220 1909 458 1955 CODICB
500 1908 605 1952 MS.
651 1907 1070 1956 COISLINIANO,
1114 1907 1273 1950 ΝΟΜ.
1336 1907 1578 1962 LXXV",
1626 1907 1674 1949 Ρ.

1777 1887 1870 1957 ῑι7,
1926 1906 2195 1950 eorum;
2253 1905 2529 1958 suouens
2598 1906 2916 1948 BABETUB.
2977 1904 3089 1947 EST
3135 1908 3350 1952 aurem

194 2009 405 2051 CODEX
448 1977 523 2048 ιι
562 2006 805 2059 SECULI,
851 2005 1243 2058 MULTUMQUE
1276 2006 1621 2050 DISCREPAT
1649 2007 1730 2051 ΑΒ
1755 2002 2127 2050 APOGRAPHO
2170 2007 2232 2049 ν.
2277 2006 2372 2049 CL.
2421 2005 2649 2049 DOMINI
2690 2006 2959 2062 TAYLOR,
3005 2010 3111 2063 QUI
3160 2011 3349 2054 ιιιΑιι

197 2108 569 2152 ειεοιιιρδιτ
610 2108 695 2150 EX
737 2106 986 2159 CODICE,
1031 2106 1138 2149 UB!
1179 2106 1397 2150 MAGNA
1439 2107 1591 2150 PARS
1635 2105 1919 2150 HOMILIE
1960 2106 2024 2149 IN
2067 2105 2215 2149 FINE
2257 2105 2719 2149 ΒΕειοειιΑΤωι.

120 2254 332 2298 ΒᾹΝΟΤΙ
378 2252 605 2296 PATRIS
648 2251 874 2295 NOSTBI
913 2251 1170 2294 JOANNIS
1197 2251 1652 2307 CBBYSOSTOMI,
1684 2251 2158 2298 ARCHIEPISCOPI
2192 2251 2942 2300 CONSTLNTINOPOLITANI.
2977 2255 3241 2301 ΗΟΜΙΙΔΔ
3287 2260 3349 2302 ΙΝ

811 2350 1101 2395 ΒΤΔΘΝΠΠ
1141 2351 1532 2409 ῡΕΝΕεΑιιΕΤ,
1576 2354 1657 2396 ΕΤ

1807 2353 1859 2397 S.
1906 2353 2160 2396 Ρετιιωι
2205 2352 2597 2397 Αιόετοιυυ.

178 2484 405 2553 Quando
434 2482 668 2537 celebris
702 2491 786 2536 est
824 2483 1093 2550 magister,
1125 2492 1250 2537 tunc
1275 2482 1560 2549 discipulus
1599 2492 1682 2539 est

115 2552 569 2624 clusoquensdunc
586 2553 875 2622 discipulus
890 2553 1078 2624 bonam
1092 2568 1238 2621 spem
1257 2553 1413 2607 habet
1435 2571 1447 2605 :
1473 2552 1682 2623 quando

116 2623 362 2695 magister
385 2634 474 2678 est
501 2623 715 2695 alacris,
750 2632 871 2695 tunc
893 2623 1030 2678 idem
1057 2624 1305 2695 magister
1326 2624 1526 2677 lucrum
1560 2638 1680 2691 per-

112 2693 230 2767 cipit
254 2715 271 2749 ε
298 2710 427 2749 cum
456 2693 750 2767 discipulus
773 2693 1095 2767 diligentiam
1121 2694 1361 2767 exhibet.
1388 2705 1512 2747 tunc
1543 2695 1679 2748 idem

112 2764 398 2837 discipulus
427 2764 669 2833 magistri
712 2765 1143 2837 artemcxeipit,
1190 2764 1399 2837 quando
1426 2768 1681 2819 exercita-

114 2834 300 2892 tionem
330 2846 389 2889 ut
419 2846 629 2904 gratam
659 2834 1014 2903 amplectitur.
1040 2834 1181 2888 Alias
1206 2834 1346 2887 enim
1378 2850 1478 2887 non
1508 2842 1678 2903 potest

114 2923 336 2974 animam
373 2908 641 2975 magister
664 2905 981 2967 enitescere,
1011 2906 1109 2958 nisi
1140 2904 1379 2972 discipuli
1411 2905 1676 2960 lucernam

110 2992 381 3032 accensam
411 2976 652 3030 inveniat
679 2975 800 3029 oleo
828 2975 1022 3031 amoris
1048 2975 1339 3043 disciplina:
1369 2976 1633 3043 irrigatam
1661 2992 1674 3028 :

108 3060 154 3103 et
175 3048 311 3102 alias
352 3062 467 3101 non
495 3054 673 3114 potest
698 3045 986 3114 discipulus
1011 3045 1307 3110 splendere,
1339 3045 1435 3098 nisi
1466 3047 1676 3114 sapien-

110 3124 183 3173 tia!
204 3121 352 3174 rivos
372 3116 594 3172 abunde
617 3116 869 3183 magister
888 3114 1140 3170 effundat.
1164 3114 1290 3168 Nam
1317 3116 1520 3184 utrique
1544 3116 1676 3184 parti

106 3205 252 3246 cursu
293 3203 440 3258 Opus
469 3197 556 3241 est
579 3196 628 3240 et
654 3185 923 3251 diligentia
946 3227 961 3250 ,
992 3196 1042 3239 et
1075 3194 1131 3238 ut
1174 3186 1374 3258 melius
1398 3187 1674 3258 aedilicium

105 3256 464 3319 construatur,
486 3268 770 3322 utrumque
786 3266 985 3324 oportet
1009 3272 1100 3310 sua
1127 3271 1220 3325 pro
1243 3256 1377 3310 virili
1398 3256 1673 3313 conferre:

107 3332 163 3383 ita
186 3344 241 3385 ut
268 3333 358 3385 hic
378 3329 605 3397 quidem
626 3326 858 3394 linguam
880 3335 1053 3390 acuat,
1081 3326 1168 3380 ille
1188 3342 1314 3381 vero
1338 3342 1490 3381 aures
1512 3327 1674 3395 probe

106 3403 342 3456 adhibeat
367 3418 388 3454 :
416 3408 477 3454 et
499 3399 586 3451 hic
612 3397 826 3464 quidem
856 3397 1177 3450 intellectmn
1207 3404 1340 3451 bene
1363 3398 1672 3451 instructunt

107 3472 304 3537 habeat,
334 3473 435 3526 ille
467 3483 601 3522 vero
628 3477 859 3521 mentem
892 3468 1221 3534 tranquillam
1262 3468 1514 3535 praebeat.
1552 3467 1673 3521 lltcc

106 3554 264 3596 autem
292 3558 407 3595 non
442 3540 619 3594 aulum
649 3541 699 3591 in
728 3537 887 3590 rebus
913 3538 1181 3605 corporeis
1207 3540 1500 3592 necessaria
1528 3545 1668 3601 sunt,

106 3616 183 3665 sed
218 3616 385 3675 etiam
443 3611 497 3665 in
540 3607 902 3675 Spiritualibus
942 3608 1194 3661 curanda.
1239 3608 1383 3663 Sicut
1428 3609 1567 3662 enim
1618 3608 1669 3661 in

106 3685 366 3745 conmreis
394 3697 504 3734 non
531 3680 686 3732 aliter
713 3694 844 3746 puer
866 3693 896 3730 a
922 3677 1065 3747 virga
1089 3678 1359 3742 liberatur,
1385 3694 1539 3747 quam
1564 3677 1670 3732 dis-

105 3754 301 3818 ciplinis
330 3749 669 3821 invigilaudo
696 3766 711 3802 :
740 3750 808 3802 ita
834 3754 992 3821 etiam
1021 3748 1073 3801 in
1096 3747 1671 3821 doctrinisspiritualig
1702 3752 1725 3756 ”

106 3817 207 3878 bus.
228 3840 339 3877 non
356 3817 521 3875 alit'er
542 3837 572 3873 a
592 3817 1034 3874 condemnatione
1058 3819 1345 3873 absolvitur
1369 3818 1545 3883 homo,
1570 3818 1670 3872 nisi

103 3895 145 3944 in
187 3895 305 3963 lege
354 3892 592 3955 Domini,
629 3900 696 3963 Aut
731 3891 819 3963 ait,
854 3888 1130 3963 prapheta,
1171 3890 1451 3944 meditetur
1488 3889 1669 3963 dieac

104 3958 261 4019 tmte:
291 3965 437 4019 Cum
483 3965 598 4016 inec
627 3961 784 4028 igitur
810 3961 877 4012 ita
907 3972 964 4011 se
993 3958 1220 4013 habeant
1243 4002 1258 4026 ,
1290 3968 1344 4014 et
1371 3974 1553 4013 omnes
1586 3961 1668 4013 hic

104 4046 387 4099 prasentes
419 4033 591 4086 simus
625 4030 818 4085 Christi
845 4028 1187 4095 condiscipuli
1214 4047 1227 4095 ;
1259 4046 1421 4084 unum
1447 4030 1587 4084 enim
1616 4039 1670 4084 et

101 4106 336 4161 eumdem
371 4104 637 4158 habemus
676 4114 863 4154 omnes
903 4100 1251 4155 institutorem
1283 4111 1337 4154 et
1370 4100 1664 4164 doctorem,

100 4173 385 4237 Christum,
405 4173 704 4227 secundum
735 4169 860 4224 illud
901 4170 1133 4223 divinum
1160 4171 1359 4225 dictum
1383 4212 1397 4234 ,
1432 4170 1497 4223 Et
1525 4180 1667 4225 erunt

101 4261 253 4299 omnes
281 4245 533 4298 docibiles
560 4243 651 4296 Dei
676 4239 944 4311 (Joan.VI,
969 4238 1059 4309 45)
1083 4255 1098 4291 :
1125 4255 1241 4310 age,
1271 4240 1427 4295 hodie
1457 4257 1666 4311 quoque

99 4316 353 4380 duplicem
383 4315 628 4367 auditum
650 4354 664 4377 ,
686 4310 1019 4380 'spiritualem
1046 4325 1232 4379 nempe
1252 4322 1305 4365 et
1325 4310 1660 4378 corporeum,

100 4385 241 4440 latius
285 4400 621 4453 apparemus
649 4383 713 4438 ad
755 4381 1048 4453 doctrinam
1084 4380 1322 4453 Domini;
1348 4390 1420 4453 fut
1446 4384 1663 4436 verbum

97 4461 227 4522 quasi
249 4450 453 4511 semen
469 4454 793 4522 excipientes
818 4468 882 4505 ex
911 4450 1174 4504 fructuosa
1199 4451 1283 4505 illa
1309 4452 1664 4522 obsequentia:

98 4531 247 4593 spica,
301 4526 579 4594 possimus
623 4527 849 4594 fructum
901 4522 1136 4594 proferre
1182 4522 1283 4594 vel
1315 4524 1660 4594 trigesimum.

100 4601 159 4651 vel
208 4592 658 4666 sexagesimum.
708 4593 793 4666 vel
837 4592 1205 4666 centesimum.
1259 4592 1467 4666 Audisti
1522 4596 1661 4666 enim

94 4671 240 4722 modo
289 4662 499 4721 Lucam
546 4664 920 4735 evangelistam
965 4662 1276 4735 clamantem
1322 4679 1337 4717 :
1381 4663 1665 4718 Ascettdeus

95 4750 247 4791 autem
275 4736 444 4791 Iesus
465 4737 518 4789 in
545 4732 704 4789 unani
728 4735 894 4803 navim
924 4748 1055 4803 quae
1069 4742 1175 4785 erat
1194 4732 1444 4803 Simonis,
1472 4736 1664 4803 rogavit

93 4826 190 4861 mm
218 4827 256 4862 a
285 4820 435 4861 terra
472 4806 708 4860 reducere
735 4801 974 4873 pusillum
1003 4801 1151 4875 (Luc.
1190 4801 1251 4868 V,
1288 4803 1366 4871 '5).
1396 4802 1462 4857 Et
1488 4801 1664 4860 sedens

92 4879 289 4933 docebat
319 4878 387 4932 de
410 4877 648 4930 navicula
672 4878 862 4930 turbas.

146 4950 350 5005 Vidisti
396 4946 635 5017 Hagistri
666 4946 897 5017 divinam
920 4941 1222 5017 doctrinam
1243 4942 1469 5017 ?Avidisti
1499 4945 1662 5000 turba:

89 5022 369 5077 amabilem
405 5014 820 5073 collectionem?
846 5014 1023 5069 vidisti
1065 5015 1444 5084 discipulorum
1472 5018 1662 5071 animae

90 5094 262 5147 utilem
312 5088 693 5158 diligentiam?
735 5087 909 5158 vidisti
961 5085 1234 5158 hominum
1275 5085 1531 5158 mercede
1583 5086 1662 5139 di-

88 5176 232 5229 gnam
266 5154 766 5229 perseverantiam?
792 5156 925 5211 Num
951 5156 1068 5229 quis
1095 5170 1157 5208 ex
1187 5154 1521 5229 audientibus
1551 5172 1664 5229 ver-

90 5226 198 5286 bum
232 5226 334 5286 Dei
366 5228 593 5284 allectus
616 5237 699 5283 est
732 5229 908 5290 taedio,
940 5226 1022 5279 vel
1052 5242 1082 5278 a
1112 5234 1298 5295 stagno
1337 5226 1483 5285 abiit,
1517 5228 1595 5281 vel
1629 5243 1659 5279 ιι

89 5316 258 5357 minute
299 5300 604 5363 descendit,
646 5299 730 5353 vel
764 5298 967 5367 rogavit
1005 5296 1208 5360 dicens,
1235 5308 1288 5348 ιιι
1325 5295 1482 5365 aliqui
1527 5310 1661 5365 pra:-

89 5376 316 5428 tentium
348 5388 363 5424 :
391 5369 503 5424 Cur
528 5385 831 5423 sermonem
857 5367 1099 5423 extendis
1121 5407 1137 5432 ,
1168 5367 1453 5435 magister?
1493 5368 1661 5421 habeo

88 5445 213 5509 «and
244 5457 437 5511 agam.
463 5449 751 5511 exspectat,
767 5453 853 5492 me
876 5439 1103 5511 societas
1126 5442 1387 5511 ιιιιιυίιειιιι,
1427 5437 1659 5491 ttondqu

88 5508 138 5567 ad
162 5508 461 5584 prandium
486 5510 789 5584 necessaria
816 5508 940 5584 emi,
968 5508 1176 5584 lavandi
1207 5516 1413 5584 tempus
1437 5520 1656 5577 praeter-

89 5577 409 5648 itu-demum
454 5591 617 5636 aestus
659 5595 742 5634 me
769 5579 979 5633 invasit.
1024 5577 1159 5631 Num
1191 5580 1310 5648 quis
1334 5593 1397 5631 ex
1431 5594 1661 5648 praesen-

88 5647 235 5719 tibus,
282 5654 379 5708 illo
421 5663 682 5720 tempore,
712 5650 935 5704 Domino
963 5648 1149 5720 horum
1176 5647 1442 5717 quidpiam
1485 5649 1661 5703 dixit?

85 5724 430 5795 Mmquam
478 5719 737 5795 profecto.
768 5720 991 5786 Quare?
1028 5719 1159 5785 Quia
1194 5729 1457 5795 noverant
1489 5720 1658 5795 ipsum

88 5789 216 5849 bona
254 5789 443 5848 omnia
479 5789 661 5848 dicere
689 5791 742 5846 in
775 5802 1012 5858 tempore
1048 5805 1166 5843 suo.
1211 5789 1457 5842 lntroiisti
1492 5792 1542 5843 iu
1572 5806 1660 5845 ec-

344 5866 464 5930 Dei,
507 5864 703 5935 dignus
741 5860 951 5917 habitus
991 5876 1049 5918 es
1098 5860 1293 5917 Christi
1332 5876 1656 5931 congressu:

1793 2485 1895 2539 nisi
1922 2484 2221 2542 dimittaris.
2263 2500 2331 2540 ne
2358 2499 2515 2540 exeas
2542 2502 2555 2549 ;
2600 2485 2643 2538 si
2669 2486 2809 2540 enim
2837 2498 2961 2541 ante
2985 2488 3348 2547 dimissionem

1791 2570 1970 2629 exeas.
2007 2566 2060 2609 ut
2088 2554 2340 2629 fugitivus
2364 2556 2497 2629 viam
2520 2555 2721 2629 dirigis.
2755 2556 2856 2611 Sex
2878 2558 3062 2629 diebtts
3094 2561 3144 2615 in
3165 2578 3353 2629 corpus

1788 2626 1986 2680 ralibns
2028 2627 2322 2695 occuparis,
2363 2635 2417 2680 et
2457 2627 2661 2680 duabus
2709 2626 2852 2680 horis
2891 2628 2941 2680 in
2988 2626 3349 2695 spiritttaIiIms

1787 2710 2018 2751 versare.
2048 2695 2162 2751 Noli
2196 2695 2279 2749 hic
2306 2697 2626 2750 contristari.
2654 2706 2704 2751 et
2731 2695 2871 2751 foras
2896 2698 3078 2753 hilaris
3103 2715 3252 2760 esse;
3283 2720 3351 2760 ne

1788 2764 1872 2822 hic
1894 2766 2114 2830 nutatio,
2137 2776 2190 2819 et
2213 2765 2341 2821 loris
2366 2767 2589 2820 attentio
2613 2783 2627 2832 ;
2652 2768 2755 2819 noli
2781 2768 2863 2821 hic
2885 2768 3119 2834 laudare,
3141 2782 3194 2825 et
3222 2769 3349 2829 foris

1788 2837 2103 2904 vituperare.
2134 2836 2240 2891 Res
2279 2836 2481 2890 Domini
2511 2837 2821 2904 apponimus
2852 2857 2866 2892 :
2897 2856 2961 2892 an
2994 2856 3118 2894 vero
3145 2841 3348 2898 fabulas

1786 2905 2049 2980 loquimur
2069 2907 2100 2980 ξ(
2122 2905 2495 2980 prOphetarum
2520 2908 2678 2961 verba
2711 2908 2930 2980 legimus
2960 2927 2974 2962 :
3001 2925 3067 2963 an
3110 2927 3233 2966 vero
3255 2914 3347 2980 ju-

1784 2986 1895 3032 stos
1933 2976 2271 3031 fastidimus?
2298 2979 2656 3046 apestolorum
2696 2979 3013 3033 mentionem
3048 2976 3300 3038 habemus
3330 3004 3344 3040 :

1781 3063 1848 3102 an
1872 3062 1998 3102 vero
2024 3059 2197 3116 patres
2228 3047 2377 3120 nihili
2417 3049 2633 3101 iacimus
2660 3048 2681 3100 ?
2710 3048 2766 3101 In
2799 3049 3058 3103 theatrum
3089 3067 3229 3120 saepe
3256 3069 3345 3109 as-

1781 3120 1983 3180 cendis,
2015 3127 2208 3172 etante
2232 3119 2591 3173 dimissionem
2616 3135 2718 3172 non
2746 3121 3056 3185 descendis;
3090 3123 3140 3174 itt
3171 3119 3345 3179 eccle-

1781 3189 1913 3261 siam
1944 3204 2070 3261 vero
2096 3189 2288 3261 intras,
2320 3197 2372 3261 et
2401 3201 2522 3261 ante
2546 3190 2718 3261 divina
2750 3194 2995 3259 mysteria
3035 3194 3344 3261 egrederis?

1779 3257 1953 3313 Metue
1996 3259 2140 3312 illum
2177 3260 2262 3325 qui
2311 3259 2441 3312 dixit
2484 3277 2495 3310 :
2532 3260 2631 3324 Qui
2674 3257 2937 3313 contemnit
2984 3257 3107 3324 ηοιιῖ,
3152 3265 3215 3316 ab
3254 3265 3344 3319 illa

1777 3339 2136 3402 contenmetur_
2171 3328 2349 3402 (_Prov.
2378 3328 2514 3394 XIII,
2553 3332 2657 3402 l5).
2687 3331 2821 3402 Quid
2855 3347 2980 3395 ergo
3008 3333 3132 3386 dicit
3173 3333 3342 3388 Lucas

1777 3400 2141 3468 evangelista?
2170 3398 2385 3452 Factum
2424 3410 2493 3453 est
2528 3398 2640 3453 cum
2691 3401 2835 3453 turba
2885 3403 3092 3455 irrueret
3152 3405 3203 3455 in
3249 3403 3335 3458 le-

1776 3486 1906 3544 gum.
1928 3481 1972 3544 et
1990 3471 2096 3529 ipse
2112 3469 2274 3544 stabat
2299 3484 2439 3544 secus
2465 3479 2692 3544 stagnum
2707 3469 2983 3544 pertexere!
3003 3471 3155 3538 (Luc.
3174 3474 3236 3537 V.
3265 3477 3338 3544 I).

1776 3537 1820 3592 Ο
1851 3541 2068 3613 peritam
2110 3540 2314 3613 Domini
2339 3537 2629 3613 doctrinam
2655 3543 2668 3594 l
2699 3540 2885 3595 ﬂuvius
2912 3537 3065 3596 secus
3088 3537 3332 3613 stagnum

1775 3609 1947 3681 stabat
1970 3626 1984 3671 ;
2010 3612 2113 3663 imo
2134 3626 2258 3663 vero
2283 3611 2549 3664 hominum
2578 3614 2803 3678 piscator
2822 3614 2964 3666 venit
2985 3613 3049 3666 ad
3074 3609 3337 3681 stagnum,

1776 3688 1833 3754 t_tt
1870 3679 2360 3754 pisciumucaptores
2388 3692 2619 3754 caperet.
2649 3680 2787 3736 Nihil
2816 3683 2959 3736 enim
2989 3679 3172 3739 inutile
3198 3687 3337 3754 apud

1775 3748 2054 3802 Dominum
2080 3750 2381 3805 Christum:
2411 3748 2514 3805 non
2540 3753 2705 3815 locus,
2735 3768 2838 3805 non
2871 3768 3065 3814 sermo.
3088 3770 3191 3808 non
3221 3748 3337 3809 ami-

1773 3834 1915 3889 gma,
1945 3834 2047 3873 nou
2079 3829 2373 3891 suggestus.
2403 3822 2531 3889 Quia
2558 3823 2930 3888 enim'Petrus,
2965 3824 3221 3891 Andreas,
3252 3826 3338 3879 .la-

1771 3891 1936 3944 cobus
1975 3899 2029 3945 et
2070 3889 2301 3945 Joannes
2343 3892 2396 3945 in
2438 3893 2951 3962 stagno'Genesarct
3004 3889 3335 3963 piscatoriam

1771 3970 1938 4014 artem
1968 3963 2319 4026 exercebant,
2349 3962 2402 4015 in
2429 3965 2654 4017 occultis
2680 3979 2827 4031 spem
2860 3962 3111 4018 habentes
3130 4005 3145 4027 ,
3174 3967 3335 4020 scissa

1771 4031 1900 4085 retia
1924 4032 2201 4099 jacientes,
2231 4047 2349 4086 cum
2380 4034 2651 4087 immenso
2670 4035 2926 4101 profundo
2950 4044 3334 4099 concertantes,

1771 4102 2070 4173 nescientes
2118 4117 2368 4171 quorsum
2414 4115 2620 4158 vertere
2666 4118 2723 4157 se
2761 4115 3047 4173 oporteret,
3107 4104 3338 4159 furantes

1770 4171 1937 4244 magis
1964 4188 2118 4240 quam
2144 4173 2465 4244 laborantes.
2496 4171 2809 4228 inescantes
2832 4176 3002 4243 potius
3030 4190 3185 4244 quam
3212 4191 3337 4229 sua-

1768 4241 1985 4313 dentes:
2016 4257 2134 4296 nam
2160 4245 2275 4297 sine
2300 4242 2482 4297 fraude
2514 4245 2669 4312 piscis
2694 4261 2796 4298 nou
2827 4241 3030 4313 capitur
3049 4241 3073 4299 Ξ
3104 4244 3201 4300 hos
3232 4245 3338 4298 Do-

1770 4311 1966 4379 minus,
1993 4315 2170 4367 divino
2211 4321 2265 4367 et
2309 4311 2746 4382 errorisexperte
2777 4311 2987 4379 intuitu,
3016 4313 3082 4368 ad
3114 4315 3332 4383 piscium

1768 4397 2038 4464 capturum
2066 4395 2217 4452 aptos
2245 4397 2591 4451 cognoscens.
2619 4385 2683 4464 ad
2707 4396 2947 4464 stagnum
2968 4386 3111 4438 venit
3133 4395 3197 4464 ut_
3215 4386 3335 4440 illus

1766 4454 1999 4508 vicissim
2026 4470 2215 4523 sagena
2246 4462 2477 4522 caperet.
2511 4471 2612 4507 non
2638 4456 2778 4521 jacto
2807 4456 2901 4507 reti
2934 4470 3080 4517 usus,
3107 4454 3200 4509 sed
3222 4471 3335 4510 ser-

1767 4539 1926 4578 mone
1968 4524 2033 4577 ad
2079 4523 2500 4595 persuadendum
2544 4535 2862 4592 opportuno.
2900 4524 2968 4579 Et
3013 4526 3339 4595 quiasupra—

1766 4594 1890 4648 dicti
1917 4594 2161 4663 apostoli,
2186 4595 2435 4648 naviculis
2452 4604 2690 4663 stagnum
2716 4595 3143 4662 percursantibus
3168 4594 3334 4651 llden-

1768 4674 1870 4728 tes,
1900 4681 2002 4717 non
2031 4665 2419 4733 cognoscebant
2448 4675 2499 4718 et
2524 4666 2692 4734 stagni
2726 4666 2864 4719 illius
2886 4675 2939 4719 et
2966 4668 3332 4720 universorum

1748 4734 2080 4797 Dominum;
2112 4735 2310 4790 idcirco
2348 4736 2492 4789 venit
2521 4735 2772 4789 Dominus
2800 4736 2852 4789 in
2891 4745 3155 4803 stagnum,
3185 4746 3242 4789 ιιι
3279 4747 3334 4791 et

1768 4806 1948 4876 turbas
1973 4805 2209 4869 doceret,
2234 4816 2288 4859 et
2305 4806 2593 4876 piscatores
2620 4805 2776 4860 hamo
2794 4817 3024 4876 caperet.
3046 4805 3181 4873 Quid
3208 4821 3334 4876 ergo

1765 4874 1893 4930 dicit
1919 4876 2280 4945 evangelista?
2305 4875 2589 4930 Ascendem
2612 4886 2778 4929 autent
2799 4875 2950 4928 Jews
2977 4876 3031 4928 in
3060 4892 3214 4928 unum
3238 4874 3333 4929 nii-

1764 4946 1886 5007 vim.
1911 4962 2023 5015 qua:
2057 4956 2165 5002 erat
2192 4946 2448 5012 Simonis,
2484 4953 2678 5016 rogavit
2717 4962 2831 4999 cum
2868 4961 2901 4998 a
2928 4956 3063 4999 terra
3100 4946 3335 5000 reducere

1765 5017 2309 5155 pugiﬁ‘gpuomodo
2339 5086 2391 5140 in
2432 5086 2603 5140 navim
2642 5086 2912 5148 ascendit.
2946 5086 3031 5154 qui
3072 5085 3192 5139 navi
3228 5100 3332 5139 non

1767 5154 2071 5225 indigebat,
2104 5167 2160 5209 ut
2200 5157 2471 5209 dominum
2512 5156 2665 5225 navis
2707 5158 3016 5210 lucraretur.
3060 5158 3167 5209 Cur
3204 5171 3334 5210 vero

1763 5223 2035 5297 Simonem
2063 5234 2214 5297 rogat
2239 5226 2536 5297 Dominus?
2558 5223 2706 5297 Cur?
2731 5226 2853 5279 audi
2880 5242 2999 5279 cum
3028 5226 3334 5294 intelligen-

1766 5297 1858 5349 tia.
1890 5295 2096 5362 Simon,
2133 5295 2194 5350 ιιι
2232 5296 2389 5350 modo
2414 5296 2629 5362 attdisti,
2659 5311 2777 5350 cum
2807 5312 2898 5365 per
2925 5306 3090 5351 totam
3123 5305 3333 5350 noctem

1767 5367 2080 5429 laborasset.
2111 5375 2167 5421 et
2194 5365 2324 5421 nihil
2349 5369 2598 5434 cepisset,
2641 5382 2701 5421 re
2729 5369 2921 5420 intecta
2954 5368 3166 5420 mansit.
3196 5366 3330 5422 Gra-

1763 5438 1981 5492 vissiute
2015 5446 2192 5491 autem
2216 5452 2327 5490 rem
2354 5436 2576 5500 ferebat,
2604 5438 2785 5490 lavans
2817 5443 2947 5491 retia
2968 5479 2983 5503 ,
3014 5449 3068 5491 et
3100 5437 3332 5491 laborem

1764 5508 1933 5561 labori
1969 5506 2187 5569 addens.
2220 5508 2530 5575 lucrumque
2559 5507 2761 5561 nullout
2792 5510 3102 5576 respiciens.
3132 5506 3332 5561 Idcirco

1765 5578 2043 5644 Dominus,
2066 5593 2187 5633 cum
2206 5578 2410 5635 videret
2429 5578 2643 5632 Petrum
2665 5579 2716 5631 in
2744 5578 3334 5645 uttestitia,consolatur

1734 5672 1735 5675 η
1764 5648 1934 5718 ipsum
1967 5665 1979 5703 :
2003 5648 2306 5703 consolator
2323 5650 2464 5703 enim
2486 5648 2803 5703 altlictorum
2829 5661 2930 5705 est.
2960 5650 3149 5704 Statim
3179 5648 3328 5701 enim

1731 5739 1735 5742 ν
1766 5720 1852 5775 ubi
1884 5719 2014 5774 vidit
2052 5720 2306 5773 Dominus
2333 5720 2602 5774 Simonem
2636 5730 3057 5784 consternatum,
3099 5719 3327 5771 hortatoo

1762 5793 1846 5846 rio
1871 5804 2117 5845 sermone
2139 5790 2342 5845 dixitei
2372 5806 2387 5844 ε
2420 5790 2524 5844 Pro
2549 5790 2758 5844 tantillo
2788 5799 3026 5859 tempore
3051 5788 3181 5859 mihi
3211 5802 3331 5840 mn-

1766 5873 1855 5913 tuo
1879 5861 1945 5914 da
1976 5861 2241 5931 navigium
2282 5870 2450 5928 tuum,
2490 5870 2673 5924 nauta.
2715 5869 2772 5916 ut
2799 5858 3068 5928 ingressus
3108 5858 3327 5913 doceam
