3864 6442
521 365 587 419 69
1845 355 2084 414 SPURIA

2191 357 2453 414 υλειιςιιι.
3663 362 3731 418 50

520 477 865 546 erudiamqiie
890 475 1274 531 multitudinem
1296 515 1332 546 ,_
1353 488 1509 544 quam
1549 489 1635 532 me
1663 484 1970 544 sequentem
2003 475 2080 530 vi-

519 549 654 602 des:
689 544 952 615 navigium
981 557 1124 600 tuum
1153 547 1278 600 mihi
1309 544 1398 600 fiat
1423 546 1644 600 ecclesia
1671 585 1684 605 .
1717 557 1869 598 nauta
1905 565 1919 601 :
1961 547 2083 602 audi

520 620 740 673 verbum
773 619 886 672 Dei.
910 618 1024 670 Noli
1049 632 1133 670 me
1157 617 1510 686 importunum
1542 625 1724 685 putare
1754 632 1768 670 :
1797 619 1914 670 veni
1940 619 2081 672 enim

522 699 578 742 ut
619 700 670 742 te
698 688 968 742 meliorem
1001 687 1236 740 reddam.
1280 686 1534 755 Relinque
1570 702 1754 758 vanam
1785 703 1930 758 spem
1962 704 2084 743 eor-

594 774 760 822 reain,
790 757 1217 826 spiritualeiuque
1241 757 1530 825 portionem
1549 757 1928 825 circumspice:
1961 773 2086 825 pau-

545 830 686 882 uliim
716 828 841 881 milii
874 838 1055 881 mutuo
1085 830 1149 880 da
1191 829 1453 892 navigium
1482 838 1649 891 luunt,
1684 839 1862 883 nauta.
1901 827 2083 883 Simon

519 913 649 954 vero
685 898 859 953 adhuc
884 899 1165 951 immersus
1207 899 1274 950 im
1308 899 1608 952 maestitiam
1651 901 1719 952 ob
1747 899 1937 952 frustra
1968 914 2086 953 sus-

518 980 728 1040 ceptum
752 969 1007 1040 laborem,
1033 968 1363 1038 respondens
1378 968 1771 1040 ‘Doininogdixit
1799 988 1812 1024 :
1848 969 1994 1024 Unde
2017 969 2083 1023 ad

518 1037 606 1094 me
634 1039 863 1103 venisti,
895 1039 1054 1092 homo
1082 1037 1395 1107 peregrine?
1420 1053 1515 1092 cur
1543 1037 1669 1092 mihi
1701 1040 1950 1094 molestiis
1984 1039 2086 1093 es?

515 1112 676 1164 aliam
705 1111 1056 1176 circumsiiice
1084 1109 1354 1177 scapham,
1383 1109 1426 1163 si
1461 1110 1539 1162 vis
1570 1110 1619 1162 in
1647 1119 1834 1174 stagno
1857 1125 2087 1164 commo-

521 1181 648 1233 rari.
672 1180 833 1236 Vides
859 1197 943 1235 me
973 1181 1257 1247 lugentem,
1287 1189 1464 1248 utpote
1494 1195 1624 1247 pane
1656 1178 2005 1250 indigentem,
2033 1190 2087 1235 et

521 1251 739 1306 verbum
775 1252 864 1305 Dei
898 1261 946 1304 te
983 1253 1263 1304 allaturum
1294 1250 1594 1318 promittis?
1624 1249 1737 1303 Non
1776 1249 2086 1321 Circumspi-

520 1325 656 1375 ciam
699 1322 837 1375 unde
865 1333 1138 1390 argentum
1180 1331 1360 1374 mutuo
1395 1321 1682 1388 accipiam,
1715 1331 1772 1375 ut
1795 1335 2004 1376 socrum
2032 1330 2088 1377 et

521 1409 746 1448 uxorem
780 1409 946 1446 meam
976 1392 1112 1446 alam
1139 1408 1152 1452 ;
1185 1391 1277 1445 sed
1317 1392 1405 1444 tibi
1435 1391 1697 1460 navigium
1728 1392 2084 1458 substernam,

522 1477 577 1516 nt
612 1465 697 1516 die
733 1474 990 1531 nocteque
1030 1463 1219 1515 frustra
1262 1461 1539 1515 laborem?
1573 1462 1627 1516 Si
1657 1462 1868 1516 naulum
1903 1462 2084 1528 affers,

522 1534 792 1599 inscende,
826 1536 875 1587 in
904 1534 1194 1586 naviculam
1221 1549 1235 1597 ;
1263 1533 1345 1586 sin
1376 1533 1569 1592 minus,
1600 1532 1683 1585 abi
1703 1532 1923 1585 obsecro
1957 1551 1969 1586 :
2002 1549 2087 1589 me

519 1607 660 1658 enim
684 1607 880 1658 donum
907 1603 1019 1666 alit,
1044 1617 1146 1656 non
1169 1617 1366 1656 sermo.
1393 1602 1522 1655 Tum
1551 1601 1803 1656 Dominus
1823 1603 1888 1656 ad
1914 1603 2088 1656 Simo-

521 1692 640 1728 nem
675 1693 688 1728 :
720 1675 797 1728 Ne
837 1689 978 1742 aegre
1016 1672 1174 1728 feras.
1215 1671 1436 1736 Simon;
1467 1688 1590 1727 vere
1625 1682 1681 1726 ut
1708 1682 1862 1725 nauta
1902 1673 2086 1742 loque-

521 1746 614 1798 ris.
652 1745 878 1798 Verbum
908 1744 998 1798 Dei
1025 1743 1091 1796 ad
1119 1742 1425 1795 alimentum
1455 1743 1569 1812 plus
1593 1759 1749 1810 quam
1781 1745 1932 1812 panis
1951 1759 2083 1798 con-

520 1815 622 1868 fi-rt
655 1833 666 1867 :
691 1814 898 1868 aliunde
917 1823 967 1867 te
983 1813 1119 1866 alam
1145 1829 1159 1870 :
1184 1828 1299 1865 sum
1322 1814 1460 1866 enim
1486 1812 1635 1881 panis
1655 1816 1792 1867 vitae.
1813 1813 1888 1868 Ne
1913 1829 2082 1868 meam

521 1886 855 1950 praesentiam
879 1893 1032 1953 putes
1058 1884 1149 1937 tibi
1176 1883 1493 1937 detrimento
1518 1898 1637 1938 esse
1668 1902 1681 1937 :
1707 1895 1959 1952 quantum
1988 1901 2086 1939 vo-

520 1954 679 2010 lueris
704 1957 884 2023 accipe
917 1954 1136 2026 {divitis
1174 1955 1328 2026 enim
1344 1955 1666 2026 patrislilius
1685 1969 1800 2007 sum
1826 1955 2085 2026 locuples.

591 2027 682 2080 His
707 2027 900 2081 auditis
923 2025 1130 2086 Simon,
1159 2039 1221 2079 ac
1247 2024 1393 2078 vultu
1417 2025 1568 2092 paulo
1591 2024 1828 2085 hilarior,
1855 2027 1906 2079 in
1937 2024 2084 2080 navi-

519 2098 636 2151 cula
669 2096 948 2150 Dominum
981 2096 1219 2164 excipit,
1251 2110 1531 2164 remosque
1563 2109 1780 2149 movens
1809 2094 1941 2150 dixit
1965 2095 2037 2149 illi
2069 2115 2084 2152 :

520 2167 576 2221 ln
604 2168 779 2222 medio
806 2168 932 2222 sede
957 2209 972 2232 ,
1003 2165 1162 2220 homo
1191 2167 1482 2235 peregrine.
1527 2165 1684 2232 Quasi
1713 2177 1976 2220 vectorem
2005 2165 2083 2222 fe-

517 2255 645 2293 rens
686 2237 904 2293 allectus
945 2245 1099 2302 erat,
1146 2238 1388 2307 nesciens
1417 2251 1476 2290 se
1504 2252 1624 2290 eum
1656 2238 1743 2307 qui
1777 2235 1878 2291 fert
1905 2242 2081 2295 omnia

518 2310 678 2363 ferre.
723 2309 990 2378 Ingressus
1037 2309 1192 2376 igitur
1229 2306 1383 2361 Jesus
1425 2308 1474 2360 in
1507 2306 1768 2378 navigium
1813 2307 2083 2376 Simonis,

518 2380 723 2449 rogavit
748 2376 866 2434 eum
895 2395 924 2432 a
953 2389 1088 2432 terra
1113 2378 1364 2449 reducere
1385 2376 1648 2449 pusillum.
1672 2376 1888 2433 Simone
1908 2389 2084 2434 autem

519 2447 665 2511 illum
696 2451 921 2504 ducente
948 2465 1040 2519 spe
1068 2447 1384 2519 recipiendae
1408 2448 1687 2514 Iltel‘CtrtilS,
1707 2450 1906 2519 sedens
1930 2449 2086 2507 Jesus

519 2522 743 2576 docebat
771 2521 838 2575 de
864 2518 1100 2574 navicula
1132 2521 1328 2572 turbas.
1359 2518 1494 2585 Quid
1526 2534 1648 2573 vero
1684 2518 1951 2573 docebat?
1979 2520 2086 2574 Ca-

519 2592 730 2646 ritatem
757 2594 872 2646 sine
900 2590 1256 2651 simulatione,
1292 2589 1445 2643 fidem
1472 2589 1586 2643 sine
1612 2589 1960 2652 dubitatione.
1990 2606 2082 2660 pa-

518 2677 634 2717 ceni
663 2662 778 2717 sine
810 2665 1010 2721 fraude,
1043 2660 1333 2714 fraternum
1361 2675 1594 2714 amorem
1628 2661 2034 2730 inseparabilem
2068 2703 2084 2726 ,

523 2735 766 2800 pietatem
800 2748 901 2786 non
931 2733 1152 2786 fucatam
1182 2771 1196 2795 ,
1228 2730 1318 2784 Dei
1363 2732 1712 2800 cognitionem
1741 2732 1855 2784 sine
1881 2732 2082 2802 argenti

519 2804 766 2872 cupidine
787 2847 800 2866 ,
834 2804 1182 2871 virginitatem
1213 2801 1327 2856 sine
1355 2802 1556 2855 macula
1578 2842 1592 2865 ,
1619 2803 1820 2857 ascesin
1847 2801 1960 2856 sine
1988 2819 2084 2856 an-

521 2874 715 2928 xietate
740 2915 755 2936 ,
781 2875 1081 2940 coniugium
1128 2874 1407 2926 indivisuni
1443 2889 1455 2924 :
1482 2887 1692 2926 onmem
1727 2873 1959 2942 laborem
1991 2890 2086 2942 pro

521 2946 744 2999 veritate
782 2943 1169 3011 sttscipiettdutti
1216 2957 1355 3007 esse,
1402 2958 1506 2995 non
1548 2941 1806 2996 timendus
1847 2958 1968 2998 esse
1992 2941 2087 2998 eos

520 3017 608 3083 qui
651 3017 896 3068 occidunt
941 3029 1174 3082 corpus,
1219 3014 1446 3066 aainiain
1494 3024 1668 3069 autem
1714 3028 1819 3070 non
1867 3024 2089 3081 possunt

519 3087 786 3140 occidere.
835 3085 959 3140 lla-e
1005 3085 1225 3138 Domino
1271 3083 1528 3146 (lucente,
1557 3093 1820 3151 etiamque
1859 3084 1958 3137 alia
1989 3087 2086 3139 ad-

519 3156 722 3212 dente:
753 3157 850 3222 Qtii
893 3165 1035 3208 amat
1081 3156 1310 3208 animam
1359 3169 1546 3215 suam,
1597 3155 1778 3221 perdet
1822 3169 1976 3218 eam;
2025 3171 2088 3211 ac

521 3243 754 3292 rursum,
772 3229 870 3295 Qtii
896 3229 1007 3280 vult
1024 3235 1145 3295 post
1163 3241 1244 3278 me
1267 3227 1700 3292 venire,abneget
1719 3225 2082 3293 semetipsum,

519 3307 574 3349 et
605 3301 749 3352 tollat
788 3312 999 3351 cruCein
1025 3311 1194 3358 suam,
1225 3306 1278 3348 et
1317 3305 1571 3364 sequatur
1614 3311 1736 3359 me;
1766 3305 1819 3350 et
1843 3296 2032 3350 iterum
2064 3337 2081 3363 ,

519 3367 691 3422 Nolite
720 3369 989 3436 possidere
1030 3381 1214 3418 aurum
1237 3405 1253 3431 ,
1281 3379 1378 3419 nec
1405 3376 1702 3434 argentum,
1735 3381 1904 3435 neque
1931 3381 2090 3434 pecu-

520 3443 662 3494 niam
694 3439 744 3495 in
776 3444 925 3492 zonis
953 3438 1158 3501 vestris,
1189 3452 1287 3491 nec
1327 3451 1510 3506 peram
1536 3478 1550 3498 ,
1584 3452 1752 3506 neque
1781 3439 2044 3490 SaCCquin
2069 3479 2085 3504 ,

521 3524 692 3577 neque
737 3511 865 3564 duas
909 3510 1110 3565 tunicas
1138 3525 1150 3561 :
1180 3507 1293 3562 haec
1338 3511 1562 3560 Domino
1600 3508 1823 3562 docente
1849 3547 1863 3570 .
1896 3506 2078 3563 Simon

518 3581 760 3643 audiens,
808 3581 896 3650 qui
928 3581 1144 3650 putabat
1187 3594 1246 3633 se
1287 3579 1548 3648 navigium
1591 3579 1834 3650 mercede
1879 3581 2084 3650 condu-

519 3651 661 3704 xisse
695 3649 939 3713 Domino,
967 3665 1296 3704 murmurare
1333 3649 1512 3718 carpit,
1540 3658 1594 3702 et
1623 3649 1756 3701 intra
1783 3663 1841 3703 se
1863 3649 2038 3702 dicere
2071 3667 2084 3704 :

518 3723 601 3774 An
629 3721 695 3774 ali
722 3721 820 3774 isto
869 3723 1165 3776 meri-edem
1213 3735 1308 3773 nos
1348 3731 1658 3788 accepturus
1698 3733 1818 3772 esse
1859 3721 2090 3787 Sperabi-

519 3793 681 3844 mus?
708 3793 759 3845 in
787 3792 1036 3846 damnum
1065 3790 1233 3844 noctis
1261 3800 1315 3844 et
1341 3791 1445 3844 diei
1471 3791 1646 3843 incidi.
1679 3788 1929 3855 Quisnam
1957 3791 2086 3846 niilii

429 3879 433 3881 ·
521 3862 679 3916 hodie
705 3863 980 3917 occurrit?
1009 3861 1102 3916 Hic
1131 3862 1197 3916 de
1223 3863 1613 3928 possessionum
1659 3859 1953 3927 abjectione
1981 3861 2086 3916 dis-

518 3933 668 3994 serit,
700 3934 910 3989 nemine
935 3932 1202 4002 quidpiam
1231 3930 1528 3986 habendum
1554 3944 1673 3984 esse
1695 3933 1917 4002 docens.
1952 3931 2087 3985 For-

522 4013 662 4073 tasse
688 4005 800 4058 vult
825 4019 909 4058 me
937 3998 1200 4073 navigium
1222 4003 1473 4063 vendere.
1501 4010 1556 4073 ul
1587 3998 1810 4070 pretium
1839 4003 2082 4070 pauperi-

521 4071 620 4126 bus
645 4073 954 4129 distribuam
982 4071 1081 4128 :ali
1112 4072 1296 4138 ipsene
1317 4072 1616 4126 mercedem
1643 4086 1727 4124 me
1748 4081 2085 4139 accepturum

519 4157 639 4198 esse
669 4159 876 4212 sperem
898 4145 921 4184 ’δ
951 4145 1072 4199 llaec
1095 4143 1314 4198 Simone
1337 4143 1476 4212 apud
1501 4155 1560 4195 se
1588 4143 1954 4212 ratiociuaiite,
1988 4143 2088 4196 Do-

521 4211 935 4270 minusdoeciidi
959 4231 1150 4270 mimus
1173 4211 1394 4280 perficit,
1414 4221 1470 4266 ut
1490 4211 1796 4266 miraculum
1815 4213 2084 4280 exhibeat,

517 4287 895 4354 Simonemque
914 4289 1192 4342 certiorem
1217 4284 1372 4336 faciat
1394 4300 1406 4335 :
1429 4284 1576 4354 labor
1598 4283 1739 4336 enim
1763 4293 1845 4337 est
1874 4283 2084 4338 idiotani

520 4356 684 4410 verbo
731 4353 1068 4426 persuadere.
1105 4354 1305 4426 Deinde
1341 4353 1758 4426 cumiDoniinus
1786 4367 2084 4426 sermonem

519 4423 848 4494 perfecisset,
892 4439 946 4482 et
973 4438 1080 4480 tota
1110 4424 1388 4478 multitudo
1413 4423 1764 4478 delectaretur
1789 4463 1804 4486 ,
1830 4425 2088 4479 acet-dens

521 4499 706 4551 Simon
733 4501 952 4552 Domino
973 4499 1100 4551 dixit
1124 4515 1136 4548 :
1163 4496 1330 4548 Verba
1355 4494 1562 4562 quidem
1593 4504 1677 4547 tua
1708 4495 1918 4562 pulchra
1942 4504 2082 4559 sunt,

521 4582 623 4620 vox
653 4580 740 4622 tua
767 4569 932 4624 dulcis
957 4609 972 4632 ,
1003 4579 1055 4621 et
1079 4568 1194 4620 doCi
1207 4581 1317 4618 rma
1365 4575 1450 4618 tua
1495 4565 1824 4627 veneranda;
1854 4573 2085 4619 attamen

519 4640 646 4691 mihi
680 4649 886 4706 pactum
914 4655 1063 4692 serva
1091 4654 1104 4696 ;
1130 4638 1256 4705 jnhe
1287 4636 1583 4690 mercedem
1612 4649 1699 4706 inc
1729 4638 1968 4702 accipere
1991 4651 2086 4704 pro

522 4705 758 4772 vectura,
788 4720 843 4762 ut
866 4726 964 4776 ego
1001 4724 1210 4778 quoque
1235 4722 1354 4761 cum
1383 4705 1715 4765 multitudine
1734 4705 1989 4776 gaudens,
2019 4707 2086 4761 ad

516 4781 732 4833 domum
763 4797 932 4834 meam
959 4789 1214 4834 revertar.

589 4849 724 4902 Tum
753 4851 1003 4905 Dominus
1031 4853 1095 4904 ad
1122 4851 1392 4904 Simonem
1421 4869 1434 4902 :
1463 4847 1610 4902 Sicut
1634 4845 1792 4900 modo
1815 4846 2082 4915 audivisti,

518 4919 723 4980 Simon,
741 4922 1039 4976 mercedem
1063 4933 1204 4975 tuam
1234 4921 1379 4974 visne
1399 4917 1669 4987 accipere?
1690 4917 1801 4971 Duc
1825 4920 1876 4972 in
1903 4920 2084 4984 altum,

517 5001 564 5042 et
581 4991 750 5044 (incute
770 4994 892 5046 retia
913 5003 1075 5046 vestra
1097 4994 1147 5044 in
1168 5001 1430 5060 capturum
1459 4987 1608 5060 (Luc.
1637 4988 1701 5048 V.
1729 4988 1807 5059 4),
1835 5000 1887 5044 et
1907 4993 2086 5059 accipe

518 5064 818 5117 mercedem
858 5079 884 5116 a
917 5062 1497 5130 me-tibi_promissam.
1531 5060 1714 5114 Simon
1759 5073 1933 5114 autem
1980 5061 2085 5113 Do-

522 5134 665 5185 mino
691 5149 706 5185 :
739 5133 1000 5188 Iterumne
1027 5137 1268 5201 piscatior
1297 5143 1350 5184 ct
1387 5137 1514 5186 retia
1549 5131 1734 5184 laxatio
1763 5148 1826 5186 ac
1852 5131 2083 5184 laborent

515 5206 830 5259 sustinebo?
862 5205 1143 5260 Utinanine
1185 5219 1275 5272 per
1325 5215 1529 5257 noctem
1569 5201 1782 5271 quidem
1822 5218 1881 5256 ca
1911 5202 2086 5256 vacuis

522 5279 761 5329 inanibus
811 5277 1096 5346 tetigissem
1125 5275 1138 5328 l
1168 5279 1246 5328 An
1288 5290 1412 5328 vero
1456 5273 1674 5346 peritior
1701 5287 1784 5346 me
1809 5287 1866 5326 es
1894 5274 1942 5346 in
1966 5284 2086 5346 arte

519 5350 724 5416 nautica
746 5348 769 5401 ?
794 5364 860 5402 aii
903 5342 1099 5416 aliquid
1149 5348 1197 5398 in
1243 5345 1500 5414 profundo
1527 5344 1772 5397 invisibili
1805 5342 2084 5416 possides?

520 5415 711 5470 Doctor
739 5434 856 5472 esse
881 5414 1066 5485 potes;
1097 5433 1162 5469 an
1190 5427 1346 5472 etiam
1383 5417 1598 5483 piscium
1621 5414 1902 5482 captator?
1929 5414 2023 5466 Exi
2051 5431 2081 5467 a

516 5501 602 5539 nie
627 5503 642 5550 ;
677 5489 826 5542 video
847 5505 987 5544 enim
1012 5502 1062 5544 te
1085 5489 1213 5542 nihil
1240 5487 1516 5540 ferentem.
1540 5485 1644 5538 Cur
1667 5499 1869 5551 tempus
1890 5485 2084 5551 perdo?

513 5570 692 5613 nonne
718 5561 785 5613 ab
831 5561 980 5613 initio
1012 5568 1123 5612 haec
1155 5559 1246 5611 tibi
1297 5559 1605 5611 testificatus
1647 5572 1760 5605 sum
1784 5554 1805 5606 ?
1832 5554 2085 5608 Dominus

511 5638 686 5683 autem
723 5632 788 5684 ad
837 5632 1106 5685 Simonem
1143 5629 1298 5682 :Noli
1331 5644 1415 5681 me
1459 5639 1513 5680 ut
1558 5641 1766 5692 inopem
1795 5638 2036 5694 speetaire
2064 5667 2080 5691 ,

510 5699 715 5763 Simon,
741 5703 846 5756 noli
869 5717 1058 5756 manus
1084 5714 1231 5753 ineas
1245 5709 1298 5752 et
1317 5701 1490 5750 sinuin
1517 5712 1687 5749 meum
1709 5699 2080 5751 considerare:

509 5785 614 5824 non
644 5788 692 5824 in
716 5774 958 5826 inanibus
984 5772 1134 5832 meis,
1163 5770 1255 5822 sed
1283 5771 1337 5822 iii
1356 5784 1449 5822 ore
1473 5784 1590 5820 meo
1617 5767 1914 5822 mercedem
1939 5779 2082 5821 tuam

508 5844 637 5898 tero.
670 5843 803 5900 Tota
849 5852 1006 5902 nocte
1035 5842 1282 5900 laborasti
1307 5882 1323 5907 ,
1358 5841 1486 5896 nihil
1531 5839 1714 5908 cepisti
1744 5856 1756 5892 :
1785 5853 1888 5894 nox
1933 5841 2075 5898 enim

2192 479 2390 550 inopiae,
2409 487 2533 532 sunt
2561 476 2908 550 cogitationes
2933 476 3185 550 Iudaicae.
3216 477 3271 532 In
3299 477 3385 535 die
3410 479 3587 550 gratia:
3620 479 3731 534 laxa

2190 551 2319 603 retia
2343 568 2354 602 :
2382 549 2464 602 lux
2496 549 2634 602 enim
2665 548 2785 600 boni
2812 548 3007 602 fructus
3024 548 3450 604 sunthristiana
3472 551 3730 606 obsequia.

2192 619 2304 671 Duc
2333 622 2384 672 in
2410 620 2588 680 altum,
2615 629 2661 671 et
2687 617 3004 688 laxateirelia
3030 630 3189 672 vestra
3213 620 3264 672 in
3287 631 3566 688 capturum.
3592 617 3734 675 Tunc

2188 689 2367 744 Simon
2395 692 2458 742 ad
2489 689 2762 742 Dominum
2796 687 2902 743 :Ut
2931 688 3087 743 modo
3122 687 3398 753 audivisti,
3429 689 3732 760 Pra’ceptor.

2189 777 2278 829 per
2319 770 2471 812 lotam
2518 769 2707 812 nortcm
2749 759 3028 812 laborantes
3077 760 3204 812 nihil
3243 761 3488 828 cepimus;
3520 762 3571 813 in
3599 759 3736 815 verba

2189 843 2353 882 autem
2376 842 2460 882 luo
2488 829 2666 882 laxabo
2695 840 2811 900 rete.
2843 829 2904 882 Et
2933 845 3044 882 cum
3069 829 3162 882 hoc
3200 831 3426 900 fecissent
3451 871 3464 894 ,
3493 832 3740 884 concluse-

2188 912 2303 953 riinl
2333 901 2538 966 piscium
2579 899 2944 952 multitudinem
2985 899 3236 969 capiosam
3265 915 3284 954 :
3310 900 3622 969 rumpebatur
3646 918 3733 953 au-

2191 980 2287 1023 lem
2328 980 2427 1024 rete
2451 969 2598 1034 (an.
2631 969 2697 1030 ν.
2738 971 2772 1025 5
2795 980 2840 1023 ei
2861 968 3042 1038 seqq.).
3075 972 3117 1024 υ
3149 985 3232 1024 res
3253 968 3606 1025 admiranda}!
3638 987 3740 1025 non

2187 1041 2338 1095 deest
2369 1043 2524 1095 Petro
2552 1055 2674 1095 cura
2704 1057 2718 1095 :
2755 1039 3095 1108 Rumpebaliir
3114 1050 3232 1092 rete.
3265 1041 3332 1095 Et
3355 1039 3612 1096 Christum
3634 1046 3736 1096 cir-

2191 1112 2568 1177 cumsiiii-ieliat
2593 1151 2608 1175 ,
2638 1122 2691 1164 et
2734 1111 2902 1182 pisces
2931 1111 3304 1180 perpendebat,
3333 1126 3548 1182 remque
3571 1113 3742 1166 consi-

2190 1182 2427 1236 derabat.
2461 1181 2571 1235 Non
2620 1181 2784 1250 potuit
2831 1181 3034 1247 pondus
3078 1182 3366 1245 attrahere,
3405 1191 3457 1236 et
3485 1182 3745 1250 adjutores

2191 1251 2478 1324 advocabat
2500 1269 2522 1324 7:
2552 1250 2831 1324 lnnuebant
2855 1251 2999 1324 enim
3021 1291 3035 1314 ,
3061 1252 3228 1324 inquit
3251 1294 3265 1314 ,
3295 1254 3442 1305 sociis
3460 1293 3474 1316 ,
3497 1254 3587 1324 qui
3607 1262 3748 1306 erant

2189 1323 2241 1374 in
2267 1324 2370 1375 alia
2395 1323 2507 1374 navi
2527 1364 2540 1382 ,
2571 1323 2654 1376 itlii
2683 1331 2833 1376 erant
2859 1313 3086 1376 Jacobus
3110 1313 3160 1393 et
3199 1313 3429 1378 Jo.tniies
3453 1313 3471 1384 ζ
3493 1313 3577 1393 (iui
3602 1339 3744 1377 vene-

2189 1403 2304 1446 rant
2347 1403 2401 1447 ut
2447 1393 2740 1463 adjuvarent
2786 1408 2890 1447 eos.
2943 1392 3270 1457 lnnuebant,
3304 1409 3406 1446 non
3453 1392 3746 1449 clamabant

2192 1473 2384 1526 nautze,
2411 1465 2498 1533 qui
2539 1465 2654 1517 sine
2677 1463 2924 1533 iclamore
2949 1471 3003 1517 et
3029 1465 3251 1518 tumultu
3298 1463 3424 1517 nihil
3457 1463 3623 1518 facere
3650 1480 3746 1519 so-

2191 1535 2318 1587 lent.
2351 1532 2565 1598 Quare?
2591 1532 2719 1601 Quia
2752 1534 2825 1586 rei
2857 1533 3059 1586 novitas
3087 1549 3269 1588 vocem
3295 1533 3422 1602 ipsis
3447 1535 3744 1589 sustulerat.

2191 1605 2322 1670 Quid
2346 1620 2479 1673 opus
2503 1615 2611 1660 erat
2638 1612 2691 1656 ut
2716 1603 3021 1666 clamarent,
3043 1618 3161 1673 cuin
3189 1605 3316 1658 satis
3341 1615 3481 1658 esset
3509 1606 3746 1669 innuere,

2190 1671 2421 1728 diiinnni
2467 1675 2770 1744 mysterium
2817 1671 3094 1728 videntes?
3138 1674 3524 1729 Concurrentes
3571 1688 3745 1728 ann-in

2191 1754 2246 1798 et
2273 1746 2343 1798 illi
2370 1787 2384 1810 ,
2413 1746 2498 1814 qui
2531 1755 2680 1798 erant
2707 1745 2756 1797 in
2787 1745 2950 1798 altera
2978 1745 3116 1808 navi,
3161 1746 3246 1797 ubi
3277 1757 3424 1800 erant
3448 1745 3666 1799 Jacobus
3696 1756 3752 1800 et

2188 1815 2456 1879 Joannes,
2498 1827 2774 1883 creperum
2818 1816 2986 1880 pisces
3024 1815 3272 1883 colligere
3297 1855 3310 1874 .
3339 1823 3394 1868 et
3438 1832 3543 1884 quo
3586 1818 3754 1883 magis

2189 1885 2528 1955 colligebant,
2562 1895 2705 1940 tanto
2743 1885 2908 1955 magis
2944 1885 3440 1954 multiplicaliaiitiir.
3465 1885 3751 1942 Certabant

2189 1957 2328 2010 enim
2364 1956 2532 2026 pisces
2555 1996 2570 2021 ,
2601 1956 2716 2023 quis
2748 1959 2946 2024 primus
2987 1957 3232 2009 mandan
3261 1956 3462 2009 Domini
3489 1957 3750 2025 obseque-

2188 2037 2336 2081 retur
2367 2045 2378 2078 :
2409 2027 2550 2096 parvi
2575 2041 2790 2092 magnos
2815 2026 3308 2094 praetercurrebant,
3337 2028 3492 2081 medii
3523 2028 3753 2093 majores

2190 2112 2222 2152 e
2244 2097 2406 2151 latere
2428 2096 2816 2165 praecedebant,
2841 2097 3012 2167 magni
3039 2111 3194 2166 supra
3219 2112 3402 2165 pari-os
3427 2098 3714 2151 insitieliani
3737 2117 3752 2152 :

2191 2183 2376 2222 manus
2403 2172 2715 2237 piscatorum
2744 2181 2848 2221 non
2875 2169 3251 2236 exspectabant
3274 2210 3288 2228 .
3319 2183 3377 2222 se
3407 2168 3458 2222 in
3488 2169 3753 2237 navigium

2189 2238 2431 2297 saltando
2461 2238 2822 2307 projicieliaiit.
2853 2237 3031 2302 Stagiii
3077 2238 3291 2292 fundum
3321 2253 3424 2292 non
3454 2254 3758 2292 commove-

2189 2309 2363 2370 batur,
2400 2309 2553 2377 piscis
2602 2310 2774 2361 nullus
2801 2308 2932 2361 infra
2965 2325 3177 2361 manere
3221 2309 3510 2362 sustinebat
3541 2325 3555 2362 :
3591 2325 3752 2361 nove-

2189 2391 2306 2434 rant
2337 2382 2476 2434 eiiim
2508 2395 2626 2433 eum
2653 2380 2740 2447 qui
2767 2378 2896 2432 dixit
2925 2395 2936 2430 :
2962 2377 3252 2432 Producant
3277 2394 3418 2443 aqua
3441 2380 3613 2446 reptile
3641 2381 3759 2432 ani-

2189 2466 2287 2504 ma:
2314 2451 2515 2504 viventis
2556 2451 2571 2519 (
2598 2448 2724 2502 Gen.
2767 2448 2809 2514 Ι,
2840 2449 2910 2504 20
2933 2447 2971 2518 ).
3015 2449 3150 2517 Quid
3180 2465 3308 2516 ergo
3335 2452 3516 2502 Simon
3541 2491 3556 2513 ,
3585 2451 3671 2519 qui
3700 2450 3756 2506 in

2189 2521 2322 2575 duos
2349 2536 2501 2574 casus
2533 2519 2782 2573 illCldt‘l‘Jl
2809 2563 2821 2580 ,
2851 2521 2938 2588 qui
2987 2529 3090 2573 tota
3137 2530 3292 2575 nocte
3335 2520 3580 2574 labet-aiis
3622 2520 3756 2575 nihil

2189 2601 2421 2660 ceperat,
2451 2603 2502 2644 et
2531 2592 2579 2644 in
2607 2590 2692 2644 die
2716 2590 2779 2643 ad
2806 2593 3023 2645 verbum
3054 2591 3257 2645 Domini
3297 2591 3472 2644 omnia
3499 2603 3705 2659 ceperat
3735 2593 3760 2646 ἓ

2190 2661 2260 2718 Ut
2283 2663 2410 2716 vidit
2437 2663 2566 2716 retia
2593 2663 2776 2724 scissa,
2806 2673 2858 2715 et
2887 2663 3079 2716 multos
3099 2662 3233 2715 alios
3257 2662 3426 2731 pisces
3453 2661 3577 2715 loris
3604 2670 3760 2715 stan-

2193 2743 2270 2786 tes
2295 2775 2310 2798 ,
2341 2735 2646 2802 biantesque
2679 2741 2736 2785 ut
2761 2743 3075 2800 caperentur
3099 2773 3116 2796 ,
3146 2747 3247 2786 nec
3289 2731 3472 2801 procul
3497 2747 3526 2785 a
3556 2733 3764 2788 retibus

2192 2819 2406 2858 manere
2433 2805 2753 2857 sustinentes
2778 2805 2969 2873 ,rquasi
3013 2804 3118 2857 vim
3169 2818 3358 2873 passus
3389 2803 3606 2871 procidit
3632 2813 3765 2859 ante

2192 2874 2490 2936 Dominum,
2519 2874 2699 2927 dicens
2728 2891 2740 2927 :
2771 2872 2871 2926 Exi
2891 2891 2921 2926 a
2940 2890 3034 2939 me,
3056 2872 3183 2940 quia
3199 2875 3347 2927 homo
3373 2885 3600 2942 peccator
3621 2890 3760 2940 sum,

2194 2943 2424 2998 Domine.
2457 2946 2578 2998 Scio
2624 2944 2835 2998 demum
2875 2947 2992 3013 quis
3024 2946 3097 2998 sis
3127 2961 3140 2996 :
3172 2960 3436 3014 nunquam
3466 2943 3568 2996 vidi
3599 2945 3762 2998 talem

2193 3017 2412 3083 piscium
2438 3024 2732 3082 captiiram.
2760 3014 2870 3069 Mos
2899 3026 3014 3079 est,
3048 3016 3287 3077 Domine,
3313 3015 3487 3084 pisces
3513 3015 3644 3067 intra
3672 3029 3766 3068 sa-

2227 3101 2377 3138 euam
2421 3086 2687 3139 includere
2712 3103 2726 3141 :
2755 3095 2807 3138 at
2836 3087 3154 3139 contrarium
3196 3102 3335 3140 nunc
3383 3087 3554 3150 video,
3585 3086 3766 3152 pisces

2189 3101 2377 3208 genam
2421 3101 2687 3139 incinuere
2712 3103 2726 3141 :
2755 3101 2807 3138 at
2836 3101 3154 3139 contrarium
3196 3102 3335 3140 nunc
3383 3101 3554 3150 Video,
3585 3101 3764 3152 pisces

2214 3157 2322 3210 oris
2365 3171 2612 3226 sagi-aiam
2643 3166 2918 3223 occupant.
2951 3157 3045 3210 Exi
3074 3173 3100 3208 a
3129 3172 3215 3211 me
3239 3197 3252 3220 ,
3281 3157 3523 3210 obsecro.
3553 3156 3764 3211 Cohibe

2189 3226 2401 3280 deniuni
2445 3227 2676 3280 divinum
2725 3237 2870 3280 tuum
2920 3227 3222 3281 mandatum
3253 3242 3268 3282 :
3295 3227 3527 3295 relinque
3570 3235 3766 3294 stagno

2190 3299 2324 3350 duos
2352 3297 2537 3352 saltem
2584 3297 2754 3368 pisces
2794 3296 2858 3349 ad
2897 3299 3273 3368 generandum.
3306 3297 3401 3368 Exi
3428 3313 3457 3349 a
3488 3311 3573 3350 me
3605 3314 3618 3349 :
3651 3312 3766 3351 non

2191 3376 2244 3423 te
2272 3369 2492 3438 repello,
2525 3367 2616 3420 sed
2646 3384 2729 3421 me
2755 3369 3002 3421 miserum
3031 3368 3260 3438 praedico
3286 3383 3301 3422 :
3339 3367 3434 3420 Exi
3460 3384 3491 3418 a
3513 3382 3610 3438 me,
3640 3370 3768 3434 quia

2191 3437 2343 3492 Itonia
2387 3449 2614 3507 peccator
2649 3454 2762 3491 sum
2784 3478 2798 3502 ,
2832 3437 3058 3492 Domine.
3094 3440 3344 3493 DOminus
3388 3453 3514 3491 vero
3537 3437 3767 3507 Simoni

2191 3508 2325 3563 dixit
2353 3506 2613 3568 :Exeam,
2643 3523 2708 3562 ex
2737 3509 2972 3562 navicula
3003 3519 3090 3563 tua
3113 3550 3126 3571 ,
3158 3509 3362 3572 Simon,
3390 3506 3668 3578 egrediar;
3707 3510 3767 3564 in

2191 3591 2245 3634 te
2274 3592 2448 3632 autem
2480 3578 2704 3632 introibo
2724 3597 2736 3632 :
2758 3577 2856 3634 hac
2881 3580 2948 3633 de
2973 3595 3130 3633 causa
3151 3580 3214 3632 ad
3238 3589 3289 3633 te
3309 3577 3448 3634 veni.
3481 3577 3609 3632 Nam
3637 3593 3768 3633 cuni

2191 3664 2428 3718 Caperes,
2447 3662 2630 3720 captus
2647 3665 2725 3704 es.
2748 3649 2896 3715 Quod
2931 3659 2984 3703 tu
3004 3648 3152 3712 facis,
3173 3650 3224 3703 id
3254 3660 3306 3703 tu
3337 3664 3524 3720 passus
3547 3664 3625 3702 es.
3653 3649 3768 3704 Sed

2193 3730 2290 3773 tua
2313 3722 2410 3772 vita
2441 3720 2491 3772 in
2523 3729 2747 3774 mortem
2778 3721 2979 3784 trabis;
3009 3737 3107 3787 ego
3123 3735 3289 3775 verna
3309 3732 3479 3774 morte
3501 3723 3550 3772 in
3573 3720 3766 3774 vitam.

2193 3790 2247 3844 Ν
2251 3793 2480 3861 clinicus,
2495 3791 2673 3844 Simon
2695 3807 2787 3843 :ea:
2806 3791 2898 3843 hoc
2905 3791 3019 3861 jam
3040 3792 3264 3844 homines
3281 3791 3591 3860 criscapiens
3609 3788 3766 3860 (Luc.

2197 3862 2257 3925 ν,
2289 3860 2396 3932 10).
2434 3865 2684 3926 Stagnum
2737 3860 3007 3930 relinque,
3036 3864 3217 3916 orbem
3249 3876 3438 3932 sagena
3471 3876 3634 3927 cape;
3668 3877 3770 3914 ca-

2191 3933 2386 4012 lautum
2416 3934 2686 4013 coal‘ringe
2706 3974 2721 3998 ,
2749 3943 2803 4013 et
2825 3947 3032 3987 crucem
3067 3948 3261 4013 appara
3282 3949 3366 3997 ;...
3395 3934 3638 4013 discerpe
3660 3972 3674 3994 ,
3708 3942 3769 3985 et

2192 4005 2442 4073 pietatem
2472 4003 2728 4070 praedira;
2760 4005 2968 4056 hamum
3001 4005 3220 4073 projice,
3257 4014 3305 4056 et
3341 4003 3555 4057 morbos
3585 4017 3715 4055 cura
3748 4019 3766 4066 ;

2191 4074 2320 4128 retia
2348 4073 2471 4126 odio
2499 4073 2630 4127 habe
2655 4115 2669 4138 ,
2700 4084 2754 4129 et
2779 4076 3022 4128 caelestes
3060 4073 3238 4129 claves
3263 4073 3462 4127 fabrica
3486 4090 3500 4134 ;
3527 4088 3593 4126 ex
3637 4073 3770 4127 navi

2190 4145 2464 4214 egredere.
2493 4158 2538 4198 et
2572 4147 2704 4198 intra
2737 4147 2787 4198 in
2819 4144 3130 4200 Ecclesiam.
3165 4143 3289 4198 Noli
3317 4145 3504 4206 timere,
3533 4143 3723 4197 Simon
3754 4161 3770 4196 :

2189 4231 2252 4268 ex
2285 4215 2376 4267 hoc
2404 4216 2628 4268 homines
2665 4217 2761 4268 eris
2787 4215 3006 4284 capiens.
3037 4216 3082 4270 Ο
3111 4215 3315 4269 Domini
3348 4215 3698 4284 potestatem!
3734 4229 3773 4268 ο

2193 4286 2329 4339 Petri
2370 4286 2738 4354 prudentiam!
2773 4285 2885 4339 Non
2917 4287 3047 4339 dixit
3080 4287 3306 4355 piscator
3332 4285 3420 4339 ille
3445 4286 3532 4354 qui
3571 4293 3775 4352 captus

2189 4368 2270 4409 est
2301 4374 2311 4407 :
2340 4357 2507 4425 Quam
2549 4356 2773 4416 absurda
2802 4367 2884 4410 est
2910 4356 2993 4408 illa
3023 4354 3251 4425 Magistri
3281 4356 3579 4409 adhortatio
3606 4355 3620 4408 l
3659 4354 3770 4408 lio-

2192 4427 2360 4480 mines
2406 4427 2644 4496 capiaiitl
2675 4439 2724 4481 et
2752 4427 3016 4497 quodnam
3057 4438 3169 4481 rete
3211 4426 3522 4497 apparatio?
3543 4425 3774 4480 ubinam

2192 4506 2440 4550 texuntur
2469 4513 2581 4550 inec
2628 4496 3029 4550 retiaboniines
3056 4509 3112 4551 ut
3142 4499 3278 4552 feras
3306 4496 3606 4566 capieiitia?
3633 4511 3772 4551 num

2189 4568 2411 4636 abripiet
2435 4584 2518 4620 me
2545 4567 2631 4622 hic
2656 4582 2832 4621 sermo
2860 4568 2999 4621 hami
3023 4567 3225 4622 instar?
3254 4568 3391 4621 Nihil
3415 4568 3604 4620 horum
3628 4567 3778 4622 dixit

2189 4641 2407 4700 Simon;
2437 4647 2637 4692 tantum
2684 4638 2920 4700 audivit,
2952 4641 3127 4692 statim
3173 4640 3456 4692 obsecutus
3496 4646 3579 4689 est
3610 4652 3625 4688 :
3653 4651 3775 4692 non

2190 4709 2427 4763 vendidit
2454 4710 2645 4778 pisces,
2667 4724 2770 4762 non
2797 4709 2958 4763 defuit
2981 4708 3050 4762 illi
3083 4709 3398 4762 abundantia
3429 4723 3630 4778 rerum,
3657 4724 3775 4763 ll--ll

2189 4794 2308 4834 cum
2339 4795 2502 4834 uxore
2529 4795 2640 4834 rem
2667 4783 2980 4848 composuit.
3009 4779 3120 4833 Non
3149 4780 3274 4833 dixit
3308 4780 3530 4832 Domino
3550 4817 3565 4842 ,
3593 4777 3779 4833 Serva

2189 4851 2318 4904 milii
2347 4850 2532 4903 saltem
2563 4849 2867 4915 mediocria,
2903 4851 3153 4907 Domine:
3176 4864 3487 4918 componam
3515 4864 3642 4903 cum
3675 4866 3781 4903 ne-

2188 4921 2562 4990 gotiatoribus;
2597 4936 2786 4989 parvos
2823 4933 3062 4990 sumptus
3092 4922 3393 4974 domesticis
3433 4922 3566 4974 meis
3595 4919 3783 4972 relin-

2188 5007 2366 5060 quam.
2398 4990 2536 5044 Nihil
2565 4991 2751 5044 borum
2780 4991 2965 5046 Simon
2987 4993 3120 5046 dixit
3151 5009 3164 5045 :
3195 4991 3382 5046 Petrus
3406 4993 3546 5045 enim
3574 5006 3784 5045 revera

2189 5076 2322 5114 erat.
2347 5062 2523 5131 Neque
2550 5062 2734 5116 Petrus
2761 5070 2960 5117 tantum
2995 5063 3261 5117 dominico
3287 5073 3556 5132 praecepto
3575 5062 3786 5113 obedi-

2190 5143 2283 5196 th,
2315 5134 2406 5186 sed
2433 5134 2591 5188 etiam
2635 5132 2876 5187 Andreas
2898 5144 2952 5187 et
2974 5133 3201 5189 Jacobiis
3238 5145 3288 5187 et
3333 5132 3568 5186 Joannes
3598 5147 3613 5183 :
3653 5133 3786 5186 haec

2189 5205 2330 5258 enim
2357 5212 2479 5257 sunt
2504 5203 2645 5271 paria
2672 5205 2779 5258 duo
2803 5205 2976 5258 fidelia
3006 5205 3278 5257 amborum
3307 5204 3548 5257 fratrum.

2265 5273 2504 5329 Vidistin'
2531 5274 2738 5328 Domini
2779 5273 3231 5345 negotiationem?
3270 5289 3370 5343 qua
3401 5275 3468 5328 de
3508 5287 3679 5328 causa
3719 5272 3784 5329 in

2190 5354 2431 5414 stagnum
2454 5361 2512 5400 se
2533 5345 2860 5400 contulerit?
2891 5357 2946 5400 ut
2974 5356 3028 5400 et
3052 5345 3229 5398 turbas
3249 5346 3485 5407 doceret,
3510 5355 3567 5399 et
3589 5346 3786 5413 pisca-

2191 5427 2332 5469 tores
2375 5416 2531 5469 hanio
2566 5425 2797 5484 caperet.
2828 5417 3029 5470 Audisti
3073 5417 3230 5485 igitur
3257 5417 3644 5485 evangelistam
3679 5415 3784 5466 di-

2189 5501 2394 5540 centem
2431 5505 2443 5541 :
2476 5486 2540 5539 Et
2564 5486 2817 5540 subductis
2833 5487 2899 5538 ad
2927 5499 3108 5540 terrain
3127 5485 3352 5546 navibus,
3377 5487 3564 5539 relictis
3590 5486 3786 5538 omni-

2193 5565 2316 5618 bus,
2348 5556 2504 5608 seculi
2548 5566 2662 5610 sunt
2708 5556 2884 5609 Jesum
2932 5557 3098 5627 (Luc.
3148 5557 3211 5621 V,
3259 5556 3381 5628 ll).
3433 5557 3571 5624 Quid
3632 5570 3789 5628 vero

2197 5628 2491 5682 Dominus?
2513 5636 2722 5695 oportet
2745 5632 2885 5681 enim
2914 5625 3145 5682 sermoni
3175 5625 3347 5681 linem
3366 5630 3669 5696 imponere.
3706 5625 3789 5681 Ut

2191 5714 2208 5746 \
2227 5699 2319 5750 idit
2347 5703 2704 5768 apostolorum
2734 5698 3078 5762 alacritatem,
3109 5699 3249 5768 quod
3278 5698 3476 5754 relictis
3502 5700 3788 5753 omnibus

2188 5768 2353 5821 secuti
2388 5776 2566 5836 essent
2588 5766 2782 5835 ipsum,
2812 5770 2877 5822 ad
2906 5766 3232 5824 curationem
3278 5771 3511 5836 festinat,
3546 5787 3617 5826 ne
3649 5772 3789 5826 dia-

2187 5841 2342 5896 bolus
2366 5835 2753 5893 incredulitatis
2792 5857 2971 5895 ansam
2997 5839 3256 5895 inveniret
3287 5855 3300 5892 :
3331 5835 3790 5911 facilcnainqu-g
