3864 6388
10 333 14 368 _
54 286 96 338 ει
807 288 968 360 qua
1006 287 1072 344 IN
1109 285 1444 344 oremus
1479 285 1944 344 CHRYSOS’I‘OMI
1979 289 2498 350 OBSERVANTUB.
3182 281 3250 334 52

52 405 253 450 niotatur
297 395 589 448 humanum
634 410 832 464 genus,
860 403 914 447 et
951 393 1014 446 ad
1056 394 1313 464 contraria
1344 393 1586 464 eligenda

52 482 266 536 ιιτικιιιιιι.
302 465 516 536 Dicturi
549 463 785 536 namque
812 473 960 517 erant
997 463 1223 536 apostoli
1269 464 1514 536 Domino,
1539 463 1585 518 si

50 531 218 590 nullum
262 535 411 588 aliud
450 538 659 603 signum
694 531 940 586 ’viderent
970 549 982 583 :
1017 532 1149 586 Num
1191 531 1377 603 frusufa
1420 533 1585 588 relin-

49 617 240 670 quentes
270 602 552 658 facultates
580 614 784 656 nostras
811 603 972 655 secuti
1000 616 1182 656 snmus
1201 602 1360 655 eum?
1383 612 1436 657 et
1459 618 1588 657 con-

49 691 206 728 cursus
231 676 459 742 piscium
490 675 596 744 alio
623 672 1034 744 quodammodo
1061 674 1226 744 factus
1251 681 1352 744 est,
1385 687 1487 744 non
1506 689 1585 744 ex

50 747 202 797 divino
238 741 420 811 jussu.
470 743 546 797 Ne
588 741 744 812 igitur
773 742 960 796 talibus
986 742 1373 808 suspicionibus
1416 741 1584 796 foeda-

53 825 208 867 rentur
246 814 512 882 apostoli,
545 829 572 865 a
600 825 785 878 stagno
825 820 1025 864 tantum
1054 813 1290 876 recessit,
1323 821 1372 865 et
1405 813 1456 865 in
1485 827 1586 866 una

49 881 311 936 vicinarum
334 884 625 944 civitatum,
653 883 802 935 turba
820 892 1185 940 concurrente.
1209 881 1435 936 divinam
1462 897 1589 950 ape-

50 956 134 1005 ruit
160 954 476 1026 medicinam
508 972 522 1007 :
550 955 831 1026 statimque
870 967 933 1005 ex
976 951 1086 1005 sola
1116 951 1384 1026 voluntate
1412 952 1587 1020 lepro-

51 1039 145 1076 sum
188 1023 416 1090 spoliat,
447 1032 501 1076 et
546 1021 663 1091 ejus
702 1022 927 1075 meloten
969 1021 1188 1074 maculis
1231 1022 1529 1075 distinctam
1555 1037 1585 1076 a

50 1095 170 1160 lepra
193 1104 379 1161 purgat
406 1107 423 1146 :
449 1104 507 1145 ut
535 1095 694 1146 sciret
721 1091 905 1144 Petrus
933 1102 985 1145 et
1013 1091 1108 1161 qui
1139 1105 1256 1143 cum
1290 1091 1379 1144 illo
1404 1103 1582 1156 erant,

50 1179 136 1217 Ion
161 1160 328 1215 solum
347 1163 500 1216 vivos
529 1165 699 1229 pisces
719 1161 933 1228 obsequi
959 1160 1219 1213 mandatis
1251 1161 1473 1225 Domini,
1492 1163 1585 1216 sed

51 1238 186 1284 etiam
211 1234 560 1285 inanimatutn
589 1234 830 1285 morbum
855 1232 969 1299 ejus
996 1243 1122 1283 nutu
1159 1229 1345 1298 fugari.
1381 1233 1584 1287 Audisti

50 1305 186 1356 modo
212 1306 529 1355 clamantem
557 1303 823 1368 leprosum
850 1317 864 1353 :
897 1300 1124 1365 Domine,
1155 1303 1194 1352 si
1221 1303 1312 1360 vis,
1346 1312 1480 1367 potes
1510 1319 1588 1356 me

51 1374 269 1424 laudare
293 1370 442 1436 (Luc.
489 1372 549 1436 V,
580 1371 690 1438 12).
737 1371 780 1425 Ο
811 1371 1004 1438 leprosi
1035 1372 1250 1423 scientia
1276 1371 1345 1439 pii
1372 1371 1586 1437 dogma-

51 1443 134 1494 tis!
175 1443 524 1495 orthodoxam
552 1443 667 1508 ejus
709 1451 936 1496 mentem
982 1439 1198 1493 maculis
1241 1455 1343 1492 non
1375 1442 1587 1494 foedavit

51 1514 175 1579 pellis
215 1514 300 1565 illa
359 1522 470 1564 tota
517 1513 678 1580 lepr:e
720 1511 926 1580 punctis
975 1510 1227 1563 horrida:
1259 1511 1586 1564 extrinsecus

51 1583 240 1649 repebat
266 1583 507 1644 morbus,
532 1584 848 1635 intrinsecus
876 1595 1002 1634 vero
1029 1581 1201 1633 locum
1225 1596 1327 1633 non
1357 1583 1582 1648 reperit:

53 1666 214 1718 eirpus
233 1651 642 1715 corrodebatur,
669 1651 761 1705 sed
789 1654 1014 1703 animam
1031 1651 1285 1718 tegrittido
1307 1665 1409 1703 non
1433 1653 1587 1703 attin-

55 1723 177 1785 gebat
206 1738 221 1773 :
252 1722 700 1776 Contumeliosum
759 1722 964 1774 titulum
1014 1721 1284 1787 gestabat,
1336 1721 1428 1774 sed
1481 1736 1586 1774 non

54 1791 476 1860 appropinquabat
498 1806 682 1846 comes
723 1791 864 1860 lepra
893 1808 907 1844 :
936 1789 1119 1860 plenus
1159 1801 1274 1843 erat
1297 1790 1460 1859 lepra,
1493 1790 1586 1844 sed

1688 393 1810 449 odio
1838 394 2060 449 habebat
2102 395 2394 463 improbum
2437 395 2614 451 Oziam
2646 414 2658 450 :
2687 409 2951 518 synagoga
2982 394 3127 450 illum
3158 412 3242 451 re-

1690 464 1930 518 pellebat.
1963 464 2053 518 sed
2084 464 2318 518 Ecclesia
2350 467 2519 518 ipsum
2560 466 2815 518 amnlecte
2855 477 2972 518 atur
3001 483 3013 518 :
3043 465 3242 518 Movses

1690 464 1930 532 pellebat,
1963 464 2053 518 sed
2084 464 2318 519 Ecclesia
2350 467 2519 533 ipsum
2560 464 2972 532 amplectebatur
3001 483 3013 518 :
3043 465 3251 532 Moyses

1689 535 1858 602 ipsum
1903 536 2220 588 contumelia
2262 535 2542 598 afﬁciebat,
2590 537 2680 589 sed
2727 535 2968 590 Christus
3005 537 3244 589 sanabat.

1691 605 1785 657 llic
1808 614 2040 665 curatur,
2068 613 2123 660 et
2149 603 2257 658 illic
2291 606 2576 659 curationis
2618 605 2752 659 dona
2798 604 2987 659 oll'erre
3009 604 3245 673 jubetur.

1687 674 1902 739 Quare?
1930 674 1994 730 Ut
2023 674 2224 727 Domini
2253 674 2448 729 Christi
2474 690 2624 728 amor
2649 690 2770 741 erga
2801 674 3040 728 homines
3067 689 3251 728 nosce-

1690 753 1855 804 retur,
1885 755 1940 798 ct
1964 744 2193 806 pecuniae
2218 747 2502 797 amantium
2540 744 2836 797 .Iudzcorum
2867 744 3121 812 cupiditas
3153 759 3250 812 ap-

1691 825 1916 881 pareret.
1937 814 2068 880 Quid
2099 814 2253 880 igitur
2278 814 2516 882 leprosos
2541 814 2647 877 ille,
2666 816 2752 882 qui
2775 829 2935 882 prave
2959 816 3250 868 sentientes

1689 898 1872 936 omnes
1901 883 2240 937 confutabat?
2269 883 2500 946 Domine,
2528 885 2570 936 si
2596 886 2686 945 vis,
2720 895 2854 947 potes
2876 900 2952 936 me
2981 886 3246 938 mundare.

1691 951 1802 1006 Non
1819 953 1956 1018 dico,
1982 954 2144 1022 Roga,
2169 953 2281 1016 sed,
2305 956 2435 1009 Cum
2463 954 2772 1007 auctoritate
2791 952 2916 1021 jube
2938 971 2950 1007 :
2976 969 3077 1006 non
3105 955 3246 1017 dico,

1692 1023 1934 1088 Precare,
1963 1025 2075 1087 sed,
2106 1026 2263 1078 Sana.
2293 1024 2566 1091 Propriqu
2611 1023 2750 1076 enim
2799 1023 2885 1075 Dei
2926 1035 3003 1076 est
3029 1040 3122 1074 sua
3151 1039 3246 1076 vo-

1690 1093 1887 1146 luntate
1915 1109 2123 1158 sanare,
2157 1108 2260 1146 non
2290 1094 2463 1147 alieno
2493 1101 2642 1146 nutu.
2676 1091 2907 1153 Domine,
2930 1093 2972 1144 si
2996 1093 3086 1156 vis,
3111 1103 3249 1160 potes

1692 1178 1770 1214 me
1822 1164 2085 1215 mundare.
2140 1163 2327 1216 Audivi
2381 1163 2522 1216 enim
2574 1161 2887 1230 Prophetam
2939 1162 3248 1216 dicentem:

1691 1232 1829 1285 Deus
1857 1244 2022 1285 noster
2045 1235 2094 1284 in
2117 1233 2238 1285 caelo
2265 1244 2308 1284 et
2335 1235 2384 1284 in
2415 1243 2543 1284 terra
2567 1234 2731 1284 omnia
2756 1247 3075 1301 quaecumque
3099 1231 3251 1284 voluit

1693 1304 1808 1372 fecit
1833 1302 2004 1374 (Psal.
2031 1301 2213 1358 CXIII.
2237 1303 2308 1372 3).
2331 1303 2587 1374 Quoniam
2607 1302 2761 1374 igitur
2788 1301 2959 1374 omnia
2987 1310 3043 1354 ut
3069 1309 3250 1355 essent

1695 1371 1983 1440 produxiin
2003 1413 2018 1435 ,
2045 1388 2107 1426 ac
2137 1374 2298 1426 cmlns
2326 1372 2602 1426 extendisti
2647 1372 2778 1424 sicut
2809 1371 2994 1439 pellem
3017 1411 3030 1433 ,
3063 1381 3114 1424 et
3149 1380 3251 1423 ter-

1693 1458 1803 1494 ram
1833 1443 2018 1495 suhttts
2042 1443 2331 1509 exinandisti
2376 1443 2517 1494 velut
2555 1444 2844 1506 sindonem,
2871 1450 2924 1493 et
2948 1456 3064 1509 qua:
3092 1444 3252 1493 inter-

1695 1511 1864 1564 media
1891 1521 2040 1564 erant
2059 1553 2074 1576 ,
2106 1514 2265 1565 variis
2292 1513 2474 1565 formis
2513 1512 2774 1564 exornasti
2799 1527 2814 1573 ;
2848 1511 3017 1564 tribue
3044 1525 3252 1578 quoque

1693 1582 1820 1635 mihi
1839 1591 2036 1635 natura:
2055 1583 2442 1642 vestimentum,
2467 1590 2522 1634 nt
2542 1582 2729 1648 legem,
2750 1589 2927 1650 utpote
2947 1595 3248 1644 onerosam,

1691 1652 1971 1715 declinem,
1998 1653 2216 1721 gratiam
2247 1668 2390 1712 vero,
2411 1663 2464 1704 ut
2497 1651 2761 1702 hominum
2790 1649 3048 1721 tonantem
3088 1649 3250 1717 glori-

1695 1721 1866 1779 licem,
1898 1722 1948 1774 in
1981 1720 2193 1776 Christo
2221 1721 2344 1776 Jesu
2378 1723 2596 1774 Domino
2623 1731 2832 1782 nostro,
2874 1734 2992 1772 cum
3020 1720 3171 1773 Patre
3197 1728 3252 1773 et

1691 1790 1888 1860 Spiritu
1911 1804 2094 1846 sancto
2113 1833 2126 1856 ,
2162 1793 2212 1846 in
2239 1793 2412 1846 secula
2444 1791 2760 1845 seculorum.
2786 1791 2973 1843 Amen.

49 2269 330 2378 EOR
357 2268 477 2376 Π
461 2272 620 2379 Μ
669 2269 1045 2398 QUAE
1081 2268 1291 2374 ΙΝ
1344 2264 2103 2379 OPERIBUS
2149 2273 2450 2380 CHR
2473 2272 2842 2382 YSOS
2863 2275 3256 2382 TOMI

1223 2449 2050 2565 OBSERVANTUB.

1439 2667 1893 2776 iBfOlogll5.

1447 2872 1862 2928 tam.

99 3009 212 3062 item
238 3021 529 3077 Operosam
551 3014 710 3076 atque
736 3005 983 3060 hactenus
1006 3004 1310 3057 intentatam
1340 2999 1585 3069 aggredi-

49 3115 153 3162 mur,
175 3112 300 3151 cum
324 3097 390 3151 ad
410 3095 969 3151 lectoriscommodum
997 3109 1056 3148 ea
1084 3109 1200 3163 qua:
1223 3093 1273 3146 in
1297 3101 1404 3147 tam
1418 3091 1586 3160 ampla

49 3201 102 3242 let
122 3191 452 3245 voluminum
481 3189 621 3243 mole
666 3187 900 3257 dispersa
927 3195 1086 3250 sunt,
1138 3185 1425 3240 sccundmu
1475 3200 1589 3237 ma-

51 3285 162 3334 teriae
189 3283 462 3347 ordinem,
494 3295 658 3334 unum
706 3281 801 3333 sub
827 3287 1160 3347 conspectum
1205 3291 1403 3346 ponere
1428 3275 1591 3329 desti-

56 3390 229 3426 namus.
260 3375 336 3427 At
379 3373 523 3427 enim
569 3386 674 3424 non
701 3371 763 3424 iis
799 3369 979 3430 modo,
1025 3369 1172 3438 queis
1203 3368 1459 3420 immensa
1504 3365 1589 3419 illa

58 3481 182 3529 opera
223 3466 406 3534 legere
436 3479 538 3516 non
572 3472 726 3516 vacat
753 3477 846 3531 per
869 3462 1034 3514 otium
1055 3501 1069 3524 ,
1094 3459 1186 3514 sed
1213 3459 1276 3513 iis
1313 3457 1470 3512 etiam
1501 3457 1589 3524 qui

60 3556 274 3609 diuturna
321 3554 556 3608 lectione
608 3561 746 3606 totos
786 3551 1062 3605 duodecim
1111 3559 1283 3601 tomos
1327 3547 1588 3611 evolvent,

59 3646 239 3700 difﬁcile
281 3643 571 3697 admodum
603 3653 745 3696 esset
782 3643 954 3695 omnia
984 3640 1272 3694 secundum
1300 3636 1588 3706 argumenti

59 3737 278 3789 rationem
302 3750 594 3804 excerpere
617 3743 669 3787 et
698 3734 747 3785 in
775 3742 913 3786 certa
942 3733 1107 3800 capita
1136 3730 1480 3791 distribuere;
1516 3743 1594 3780 m-

61 3826 213 3878 mirum
237 3843 357 3896 qua!
383 3825 453 3879 ad
475 3825 766 3878 doctrinam
791 3831 845 3877 et
876 3821 1186 3890 theologiam
1211 3861 1225 3884 ,
1247 3834 1366 3888 quae
1395 3817 1460 3871 ad
1482 3816 1592 3871 dis-

62 3919 270 3984 (xplinatn
316 3928 370 3971 et
404 3917 538 3970 ritus
576 3915 753 3968 varios
783 3926 890 3967 tum
929 3913 1283 3967 Antiochenos
1334 3920 1440 3964 tum
1461 3911 1596 3965 Con-

66 4010 561 4076 nantinopolitanos;
604 4008 875 4059 innumera
903 4005 987 4058 illa
1013 4019 1130 4073 qua:
1151 4003 1215 4056 de
1243 4001 1505 4055 hmreticis
1543 4008 1596 4054 et

1690 2997 2052 3053 lueresiarcliis
2072 2999 2266 3068 passim
2282 3007 2582 3064 occurrunt;
2603 2998 2930 3052 miscellanea
2955 2998 3113 3051 multa
3135 3015 3251 3068 ane

1690 3091 1741 3145 in
1769 3100 2135 3161 argumentum
2167 3092 2375 3162 aliquod
2402 3093 2641 3162 redigere
2668 3092 2718 3145 in
2756 3101 2998 3162 promptu
3030 3107 3131 3144 non
3151 3101 3251 3143 est.

1693 3184 1908 3238 Demnm
1927 3183 2278 3252 digressioues
2304 3183 2751 3252 frequentissimas
2770 3199 2900 3252 quas
2927 3185 2976 3237 in
3006 3183 3253 3236 similitu-

1689 3273 1898 3328 dinibus
1925 3274 2135 3328 adhibet
2160 3272 2588 3345 Cltrysostomus,
2620 3273 2707 3327 ubi
2754 3273 2954 3327 inlinita
3007 3289 3138 3341 pene
3184 3273 3248 3326 ad

1691 3365 1821 3418 ritus
1851 3373 1904 3417 et
1933 3379 2106 3418 mores
2134 3365 2212 3417 sui
2233 3364 2481 3430 temporis
2511 3363 2846 3431 pertinentia,
2887 3377 3002 3431 quae
3028 3362 3092 3414 ad
3121 3361 3251 3416 reli-

1691 3455 1899 3522 gionem
1921 3469 2023 3506 non
2051 3453 2380 3521 spectabant,
2407 3453 2457 3504 in
2481 3451 2963 3521 comparationibus
2989 3463 3251 3506 recenset.

1695 3545 1819 3598 Haec
1849 3545 2023 3598 omnia
2060 3545 2110 3598 in
2138 3544 2390 3598 diatribas
2407 3546 2637 3613 quinque
2662 3544 2937 3598 distributa
2955 3543 3061 3612 jam
3084 3544 3257 3612 prole-

1694 3653 1893 3692 remus.
1917 3638 1990 3691 De
2010 3637 2146 3708 Stylo
2169 3637 2324 3690 etiam
2346 3637 2460 3707 ejus
2477 3639 2645 3706 aliqua
2662 3637 2863 3692 discere
2878 3639 3084 3690 animus
3104 3645 3250 3689 erat:

1696 3731 1788 3786 sed
1814 3731 1934 3800 quia
1963 3730 2012 3784 in
2042 3731 2344 3799 praefatione
2372 3732 2523 3799 primi
2556 3732 2680 3785 tomi
2707 3731 2804 3785 hac
2832 3730 2898 3786 de
2926 3745 2982 3784 re
3019 3730 3253 3784 luculen-

1697 3829 1777 3876 ter
1821 3832 1994 3874 actum
2041 3831 2141 3887 est,
2195 3821 2246 3875 id
2291 3830 2574 3876 retractare
2643 3837 3089 3892 supervacaneum
3145 3821 3259 3875 fore

1698 3913 1949 3967 diximus.

623 4271 935 4328 DIATRIBA
966 4271 1009 4324 Ι.

71 4431 124 4486 De
165 4434 224 4487 iis
249 4449 365 4502 qui:
392 4433 461 4485 ad
512 4428 793 4483 doctrinam
843 4434 1062 4495 spectant
1092 4432 1135 4476 et
1176 4424 1242 4476 ad
1293 4421 1596 4492 theologicas

552 4541 807 4610 opiniones
832 4537 970 4590 illius
995 4536 1104 4590 arvi.

121 4720 184 4773 De
208 4717 502 4773 substantia
530 4715 622 4769 Dei
651 4715 822 4782 deque
847 4710 1107 4765 Trinitate
1153 4709 1502 4763 Personarum
1531 4724 1592 4764 ea

73 4829 146 4864 non
167 4829 282 4867 raro
314 4811 516 4880 profert
537 4807 963 4874 Clirysostomus,
983 4817 1102 4872 qua:
1116 4801 1394 4857 Christiani
1414 4815 1599 4856 omnes

71 4904 365 4968 proﬁtentur.
398 4901 472 4954 De
494 4898 856 4953 incarnatione
880 4909 1006 4949 vero
1031 4893 1226 4947 Christi
1253 4901 1308 4947 et
1331 4893 1446 4961 ejus
1473 4907 1596 4946 cum

71 4993 190 5047 Patre
208 4993 511 5062 aequalitate
539 4989 832 5043 innumeris
859 4987 909 5039 in
952 4985 1083 5039 locis
1103 4984 1211 5052 agit
1236 4993 1292 5038 ut
1319 4987 1599 5040 Anommo-

69 5100 154 5136 tum
170 5087 269 5139 tela
305 5083 597 5152 propulset,
638 5080 726 5148 qui
756 5088 877 5131 tunc
898 5074 1188 5130 Antiochia:
1221 5083 1276 5130 et
1294 5074 1598 5129 Constanti-

70 5183 207 5246 nepoti
237 5188 425 5231 eontra
449 5172 750 5228 Calholicos
773 5169 1169 5224 veliﬁcabantur
1201 5185 1214 5220 :
1242 5182 1410 5236 neque
1437 5175 1518 5221 est
1537 5183 1599 5222 ea

71 5283 102 5315 in
126 5286 172 5321 re
194 5269 399 5322 diutius
425 5261 831 5316 immorandmn.
875 5261 1068 5315 Contra
1098 5261 1380 5313 Anomieos
1422 5272 1598 5315 autem

69 5370 366 5420 umcerlans,
392 5354 526 5408 duas
553 5355 604 5406 in
627 5352 839 5406 Christo
863 5351 1160 5405 voluntates
1183 5351 1344 5404 fuisse
1384 5359 1598 5418 pugnat,

66 5459 102 5499 et
123 5449 580 5502 .llmothclitarum
611 5452 697 5514 qui
732 5454 908 5512 postea
937 5444 1103 5497 exorti
1132 5450 1276 5506 sunt,
1304 5443 1454 5509 quasi
1480 5443 1601 5496 data

66 5551 210 5605 opera,
240 5539 486 5593 haeresim
518 5537 766 5607 profligat
817 5533 899 5603 (Τ.
920 5533 962 5598 I,
987 5534 1087 5588 col.
1117 5531 1398 5605 765-766).

118 5629 358 5699 Baptismi
406 5629 566 5683 ritum
615 5627 687 5680 ita
728 5625 978 5679 describit
1017 5626 1426 5696 Chrysostomus
1457 5642 1470 5677 :
1501 5623 1599 5690 Qui

65 5716 327 5789 tertiundi
372 5731 548 5785 erant,
571 5735 666 5789 per
715 5717 830 5773 dies
858 5717 1064 5788 triginta
1095 5718 1158 5772 ad
1201 5727 1440 5774 sanctum
1473 5717 1600 5771 illud

1701 4261 1966 4314 lavacrum
1995 4260 2381 4328 apparabantur
2411 4276 2426 4310 ε
2455 4267 2732 4327 antequam
2765 4259 3112 4325 tingerentnr,
3146 4257 3261 4311 huic

1700 4349 1854 4404 verba
1887 4349 2227 4418 proferebant
2254 4366 2266 4400 :
2292 4348 2594 4400 Abrenuntio
2633 4349 2736 4410 tibi,
2766 4357 2963 4408 satana,
2995 4358 3041 4399 et
3069 4363 3264 4416 pompa:

1700 4449 1799 4492 tua:
1826 4449 1871 4492 et
1895 4439 2049 4490 cultui
2077 4449 2182 4500 tuo,
2212 4447 2256 4490 et
2281 4439 2561 4506 conjnngor
2586 4437 2689 4500 tibi,
2723 4436 2914 4489 Christe
2945 4435 3030 4504 (T.
3063 4437 3130 4497 ll,
3154 4438 3258 4489 col.

1697 4530 1803 4585 259
1835 4533 1851 4597 )
1885 4530 2024 4582 :illis
2073 4543 2199 4581 vero
2245 4525 2439 4580 addere
2483 4526 2820 4594 julwhantur,
2874 4525 3033 4579 Credo
3087 4527 3140 4579 in
3186 4543 3265 4581 re-

1699 4621 2050 4674 surrectionem
2101 4627 2408 4670 mortuorum
2449 4616 2535 4685 (T.
2573 4617 2639 4683 Χ,
2662 4618 2767 4670 col.
2801 4617 2945 4687 548).
2976 4617 3266 4686 Posteaqnc

1704 4721 1781 4762 ter
1808 4711 1858 4762 in
1891 4708 2025 4762 nuda
2069 4708 2459 4776 mergebantur.
2490 4706 2546 4760 In
2593 4708 2805 4761 homilia
2840 4723 2965 4761 vero
3009 4717 3154 4762 sexta
3205 4709 3257 4762 iu

1703 4801 1992 4871 Epistulam
2020 4799 2085 4854 ad
2113 4799 2476 4863 Colosscnses,
2507 4800 2575 4852 ita
2610 4801 2776 4854 refert
2810 4801 2970 4854 verba
2997 4801 3064 4853 ab
3085 4816 3150 4856 eo
3177 4803 3264 4870 qui

1702 4892 2017 4960 baptismum
2043 4899 2350 4960 accepturus
2371 4901 2484 4944 erat
2524 4891 2722 4958 prolata
2753 4889 2836 4961 (Τ.
2856 4889 2944 4957 XI,
2969 4893 3071 4946 col.
3097 4891 3220 4962 3-H)
3250 4910 3263 4946 :

1701 4986 2010 5039 Abrenuntio
2059 4986 2166 5048 tibi,
2200 4995 2394 5048 satana,
2443 4995 2490 5038 et
2541 5001 2737 5054 pompa:
2765 4995 2862 5038 tuae
2904 4995 2950 5038 et
2997 4985 3154 5038 cultui
3185 4995 3267 5038 tuo

1703 5089 1751 5132 et
1797 5080 1989 5149 angelis
2036 5080 2151 5131 tuis.
2194 5077 2327 5131 Illud
2355 5093 2500 5142 vero,
2551 5087 2597 5130 et
2626 5079 2816 5147 angelis
2843 5077 2958 5139 tuis,
2988 5077 3039 5130 in
3071 5091 3268 5146 pratce-

1704 5169 1847 5223 denti
1893 5186 1996 5222 non
2052 5168 2423 5222 habeturzsed
2478 5168 2564 5221 illa
2636 5169 2780 5237 prior
2836 5167 3130 5221 Antiochia:
3176 5168 3270 5222 de-

1704 5261 1897 5328 scripta
1919 5259 2302 5328 fuit,posterior
2319 5274 2440 5312 vero
2459 5257 3028 5326 Constantinopoli,ubi
3048 5257 3270 5312 fortasse

1705 5353 1835 5406 levis
1866 5351 1951 5404 illa
1983 5349 2268 5404 diversitas
2295 5349 2347 5404 in
2373 5365 2468 5403 usu
2509 5359 2642 5403 erat.
2686 5349 2984 5419 Baptismus
3011 5365 3159 5414 vero,
3190 5349 3262 5402 in-

1705 5445 1815 5514 quit
1844 5444 1930 5497 ille
1951 5485 1965 5507 ,
1999 5458 2103 5496 non
2127 5442 2351 5496 dabatur
2373 5442 2423 5494 in
2454 5440 2793 5503 Pentecoste,
2821 5456 2975 5510 quam
3003 5451 3153 5495 vocat
3179 5439 3270 5494 ille

1706 5537 2020 5606 metropolin
2053 5534 2345 5603 festorum(
2379 5533 2438 5586 Τ.
2469 5533 2560 5600 IX,
2589 5534 2690 5588 col.
2717 5532 2789 5587 22
2820 5534 2837 5603 )
2867 5550 2880 5586 :
2912 5533 3032 5600 quia
3083 5548 3271 5600 nempe

1709 5627 1908 5687 fideles,
1935 5626 2163 5695 Spiritus
2202 5625 2367 5680 sancti
2415 5624 2692 5679 descensui
2729 5624 2880 5678 unice
2907 5624 3100 5678 addicti
3132 5663 3146 5685 ,
3177 5638 3271 5676 ρων

1710 5727 1818 5773 tera
1864 5717 1915 5772 in
1956 5727 2164 5788 tempus
2210 5716 2350 5771 aliud
2397 5718 2673 5772 mittebant
2715 5717 2805 5787 (T.
2854 5716 2934 5783 ll,
2987 5717 3089 5771 col.
3123 5715 3266 5782 463).
