3818 6394
675 289 744 343 55
1976 287 2294 344 SYNOPSIS
2331 286 2561 343 EOBUM

669 423 828 493 sirpe
850 439 977 480 vero
1002 425 1169 495 carpit
1193 437 1307 490 eos,
1338 425 1426 494 qui
1456 423 1772 494 baptismum
1807 437 1973 491 usque
1999 420 2065 476 ad
2091 434 2234 474 mor-

671 523 774 569 tem
813 514 1140 575 differebant.
1189 530 1251 568 ac
1289 531 1407 585 qua:
1440 514 1560 570 hinc
1599 515 1733 567 mala
1767 522 1822 568 et
1864 513 2098 584 pericula
2141 526 2230 566 se-

667 615 895 673 qttantur
947 616 1188 660 recenset
1212 605 1397 675 (Tomo
1441 606 1656 660 secundo
1706 616 1754 660 et
1807 605 1962 659 Tomo
2008 603 2226 675 octavo).

671 694 918 763 Baptismi
967 711 1091 749 vero
1133 698 1344 751 nomina
1393 697 1554 751 multa
1601 706 1787 762 erant,
1843 696 2009 766 inquit
2050 695 2229 764 (Tomo

665 784 882 836 secundo
908 782 962 852 ),
1010 800 1198 853 nempe
1251 787 1512 840 lavacrum
1554 786 2005 856 regenerationis,
2036 785 2229 839 illumi-

677 876 855 938 natio;
885 877 1170 930 vocabatur
1189 878 1344 930 etiam
1377 880 1662 946 sepultura,
1694 878 2045 942 circumcisio,
2073 892 2224 943 crus;

682 980 769 1018 mo
825 967 924 1020 alia
977 983 1188 1039 quoque
1248 969 1456 1022 nomina
1510 983 1606 1038 pro
1649 968 1960 1038 baptismate
2023 967 2078 1021 in
2129 981 2228 1022 usu

662 1066 836 1108 erant.

734 1146 810 1200 De
837 1147 1176 1203 Eucltaristize
1194 1159 1522 1203 sacramento
1551 1151 1727 1204 nullus
1754 1161 1960 1218 patrum
1987 1159 2222 1204 veterum

660 1246 766 1304 est,
796 1239 882 1307 qui
909 1239 1222 1294 luculentius
1249 1242 1406 1294 verba
1446 1243 1645 1296 fecerit.
1674 1241 1831 1296 Libro
1855 1257 2082 1312 namque
2117 1250 2224 1296 ter-

663 1328 739 1382 tio
772 1328 840 1382 de
878 1329 1205 1391 Sacerdotio,
1245 1340 1519 1400 postquam
1556 1331 1889 1385 sacerdotum
1916 1331 2223 1400 dignitatem

660 1419 937 1483 extulerat,
966 1421 1053 1489 qui
1079 1429 1236 1483 stant,
1277 1420 1460 1490 inquit,
1503 1437 1666 1490 prope
1694 1421 1834 1474 illam
1874 1421 2221 1479 immortalem

661 1521 923 1576 naturam,
953 1513 1106 1580 paulo
1132 1523 1313 1581 postea
1356 1514 1483 1568 dicit
1514 1531 1526 1566 :
1559 1513 1693 1566 Nam
1727 1514 1772 1568 si
1800 1531 1898 1566 non
1931 1523 2088 1582 potest
2113 1513 2226 1586 quis

659 1601 851 1656 intrare
876 1603 926 1656 in
949 1621 1153 1674 regnum
1182 1603 1439 1668 cmlorum,
1479 1606 1576 1658 nisi
1601 1623 1690 1674 per
1710 1622 1892 1674 aquam
1918 1615 1964 1659 et
1992 1606 2223 1674 spiritum

659 1704 974 1762 regeneratus
1001 1694 1169 1763 fuerit,
1197 1695 1343 1747 etiam
1366 1695 1452 1765 qui
1472 1712 1569 1748 non
1597 1696 1864 1748 manducat
1888 1712 2086 1750 carnem
2112 1693 2223 1750 Do-

659 1785 803 1848 mini,
845 1801 934 1838 nec
981 1785 1097 1838 bibit
1139 1788 1246 1855 ejus
1284 1788 1596 1856 srmguinem,
1635 1798 1821 1840 wterna
1865 1787 1965 1840 vita
2002 1788 2226 1858 privatur

659 1876 861 1945 (Tomo
924 1880 1085 1948 primo
1219 1878 1274 1932 In
1330 1880 1550 1934 Homilia
1611 1881 1734 1935 item
1793 1880 1861 1935 de
1922 1879 2223 1935 Proditione

657 1968 807 2025 Iuda:
835 1971 962 2026 dicit
998 1975 1111 2027 haec
1159 1973 1339 2037 verba,
1372 1971 1483 2026 lloc
1524 1982 1593 2026 est
1629 1989 1810 2042 corpus
1855 1989 2016 2026 meum
2042 1972 2223 2042 (Tomo

656 2061 878 2114 secundo
905 2062 945 2132 ),
990 2064 1363 2118 transformare
1406 2078 1468 2118 ea
1512 2079 1628 2132 qua:
1673 2064 1938 2134 proposita
1988 2073 2142 2128 sunt,
2168 2073 2226 2118 et

659 2151 930 2206 diabolum
983 2153 1232 2209 insiliisse
1269 2155 1318 2208 in
1349 2153 1535 2210 ludam
1587 2165 1858 2224 postquam
1903 2170 2100 2210 mensa:
2138 2153 2222 2209 di-

657 2243 794 2296 vina:
825 2245 1088 2314 particeps
1115 2245 1304 2310 fuerat,
1338 2262 1442 2300 non
1471 2261 1661 2314 corpus
1689 2247 1920 2314 Domini,
1957 2247 2097 2317 quod
2131 2247 2223 2302 ille

652 2348 950 2405 acceperat,
990 2336 1308 2406 despiciens,
1337 2338 1430 2392 sed
1462 2339 1624 2408 ipsius
1653 2338 1801 2393 ludas
1845 2338 2220 2408 impudentiam

655 2435 1018 2481 contemnens.
1072 2428 1276 2496 Corpus
1323 2437 1377 2482 et
1412 2428 1716 2498 sanguinem
1761 2428 1954 2483 Christi
1999 2445 2122 2484 vere
2169 2430 2220 2484 in

657 2515 983 2572 Encharistia
1010 2533 1129 2572 esse
1172 2519 1252 2573 bis
1289 2518 1420 2573 dicit
1445 2521 1601 2574 etiam
1644 2520 1694 2572 in
1728 2519 1968 2574 llomiliis
2005 2520 2055 2574 in
2087 2519 2221 2574 Mat-

659 2609 879 2663 thtnum.
925 2607 1314 2664 Commentario
1369 2619 1542 2664 autem
1599 2610 1650 2664 in
1703 2610 1992 2680 Epistolam
2035 2627 2222 2666 secun-

658 2698 781 2752 dam
832 2699 897 2754 ad
939 2701 1244 2755 Corinthios
1295 2703 1345 2757 in
1401 2704 1513 2757 hme
1555 2705 1713 2757 verba
1763 2703 1941 2774 (Tomo
1967 2703 2216 2776 septimo),

657 2789 806 2843 Calix
849 2792 1199 2846 benedictionis
1222 2833 1236 2854 ,
1267 2793 1348 2845 cui
1391 2791 1721 2846 benedicimus
1741 2835 1755 2857 ,
1788 2811 1953 2847 nonne
1996 2811 2224 2847 commu-

655 2880 842 2933 nicatio
891 2882 1148 2952 sanguinis
1186 2882 1367 2935 Christi
1421 2883 1528 2936 est?
1579 2882 1692 2936 htec
1734 2884 2026 2939 clarissime
2053 2884 2218 2949 dicit,

658 2970 770 3025 Hoc
815 2973 950 3040 quod
1000 2973 1051 3025 in
1110 2973 1264 3026 calice
1311 2982 1420 3038 est,
1462 2973 1590 3026 illud
1644 2975 1809 3044 ipsum
1860 2985 1932 3028 est
1979 2975 2112 3045 quod
2161 2989 2225 3028 ex

654 3064 810 3118 latere
859 3063 1049 3138 fluxit(
1075 3063 1228 3118 Tomo
1291 3066 1479 3119 decimo
1509 3065 1552 3136 ).
1606 3066 1734 3120 Cum
1804 3067 1987 3136 majori
2063 3068 2219 3122 etiam

654 3159 886 3224 ε-ηρομιᾳ,
938 3153 1051 3209 ll:ch
1110 3154 1176 3209 de
1223 3170 1445 3224 corpore
1507 3156 1703 3210 Christi
1781 3158 1830 3210 in
1899 3158 2218 3212 Eucharistia

657 3242 888 3313 loquitur
950 3246 1000 3298 in
1061 3244 1252 3298 ilouiil.
1300 3247 1525 3300 secunda
1590 3247 1640 3300 in
1684 3247 1967 3316 Epistolam
2032 3263 2221 3303 Secun-

657 3333 779 3388 dam
819 3334 884 3388 ad
929 3334 1262 3388 Timotheum
1295 3335 1474 3407 (Tomo
1500 3337 1782 3402 undecimo)
1810 3355 1822 3391 :
1854 3336 1920 3390 Et
1957 3339 2050 3391 hoc
2075 3339 2224 3408 igitur

654 3445 836 3499 corpus
889 3427 1072 3482 Christi
1113 3439 1183 3481 est
1227 3437 1270 3482 et
1325 3429 1468 3482 illud.
1497 3429 1595 3496 Qui
1641 3445 1753 3483 vero
1798 3441 1938 3500 putat
1984 3431 2078 3484 hoc
2123 3431 2219 3482 mi~

653 3535 747 3573 nus
782 3520 868 3572 illo
903 3536 1027 3585 esse,
1057 3520 1102 3573 is
1145 3521 1299 3573 nescit
1339 3519 1591 3574 Christum
1629 3521 1778 3574 etiam
1809 3539 1939 3575 nunc
1976 3522 2149 3576 adesse
2175 3531 2223 3575 et

653 3611 871 3678 operari.
915 3610 1010 3665 llic
1046 3626 1170 3666 vero
1217 3610 1446 3681 loquitur
1489 3608 1557 3664 de
1596 3613 1866 3667 sacerdote
1908 3613 2220 3668 sacrificium

655 3701 928 3754 offerente.

726 3790 878 3843 Circa
906 3790 1228 3858 paenitentia:
1273 3800 1660 3846 sacramentum
1687 3791 1755 3846 de
1791 3792 2124 3850 confessione
2143 3796 2222 3851 lo-

655 3893 845 3950 quens,
872 3879 1110 3951 lucifugis
1140 3881 1350 3936 errandi
1378 3883 1671 3946 materiam,
1698 3894 1843 3938 recte
1875 3885 2222 3942 sentientibus

653 3970 956 4040 scrupulum
980 3971 1158 4038 injecit
1175 3969 1602 4041 Chrysostomus,
1625 3987 1744 4026 cum
1766 3974 2016 4029 Oratione
2039 3975 2221 4045 quinta

653 4059 724 4114 de
766 4059 1282 4129 lncomprehensihili
1321 4060 1484 4114 dicit:
1517 4061 1636 4114 Non
1675 4071 1720 4114 te
1754 4063 1806 4115 in
1833 4065 2076 4118 theatrum
2103 4083 2222 4120 con-

657 4166 908 4206 servorum
937 4160 1135 4204 tuorum
1173 4151 1321 4217 duco,
1357 4169 1511 4220 neque
1540 4151 1820 4207 hominibus
1846 4165 2044 4224 peccata
2081 4173 2219 4210 reve-

651 4244 764 4298 lare
813 4258 936 4312 cogo
972 4257 991 4295 :
1013 4244 1366 4298 conscientiam
1416 4254 1554 4298 tuam
1596 4246 1816 4315 expende
1864 4263 2032 4300 coram
2081 4247 2218 4314 Deo,

655 4332 858 4386 ostende
897 4333 994 4404 ipsi
1044 4334 1248 4388 vulnera
1271 4375 1286 4399 ,
1332 4344 1377 4388 et
1418 4334 1479 4388 ab
1525 4351 1582 4389 eo
1625 4337 1985 4391 medicamenta
2026 4340 2222 4407 postulo

656 4423 836 4492 (Tomo
864 4424 1068 4495 primo).
1105 4424 1213 4479 liae
1250 4425 1316 4479 de
1354 4441 1410 4480 re
1441 4441 1544 4479 non
1574 4441 1766 4496 paucos
1791 4427 2056 4484 lia-rentes
2092 4430 2218 4497 vidi,

656 4515 1041 4584 nonnullosque
1072 4515 1374 4570 dubitantes
1399 4533 1462 4570 an
1488 4516 1580 4570 illo
1607 4533 1720 4571 a:vo
1749 4519 2010 4574 confessio
2031 4535 2221 4590 pecca-

655 4613 829 4656 torum
863 4604 1124 4658 sacerdoti
1151 4605 1382 4658 facienda
1411 4607 1461 4658 in
1501 4622 1597 4661 usu
1624 4615 1767 4662 esset
1793 4609 2106 4673 Antiochiae,
2133 4611 2222 4666 ubi

657 4693 774 4749 haec
812 4694 950 4748 dicta
993 4695 1210 4761 protulit
1249 4696 1678 4766 Chrysostomus.
1729 4698 1842 4753 Non
1889 4700 2223 4757 advertentes

658 4785 828 4854 ipsum
870 4784 1003 4839 libro
1046 4787 1200 4839 tertio
1237 4786 1305 4840 de
1341 4786 1644 4842 Sacerdotio
1677 4788 1874 4856 dicere,
1923 4791 2222 4847 sacerdotes

657 4891 880 4945 prorsus
905 4876 1158 4946 purgandi
1190 4887 1502 4946 potestatem
1533 4879 1820 4948 accepisse.
1845 4890 1900 4934 et
1930 4890 2047 4950 post
2075 4897 2222 4952 rege-

657 4969 984 5023 nerationem
1019 4969 1245 5022 admissa
1288 4980 1494 5037 peccata
1537 4969 1836 5025 condonare
1863 4987 2018 5042 posse
2042 4971 2222 5041 (Tomo

657 5062 844 5131 primo)
875 5078 889 5114 :
919 5070 1074 5130 atque
1122 5062 1288 5126 adeo,
1333 5075 1450 5116 cum
1505 5063 1572 5116 de
1611 5062 1944 5118 confessione
1982 5075 2221 5133 peccato-

655 5171 775 5210 rum
829 5155 1094 5223 loquitur,
1141 5154 1189 5206 id
1244 5170 1385 5221 smpe
1435 5154 1500 5208 de
1539 5154 1638 5209 hoc
1688 5155 2020 5210 sacerdotum
2070 5157 2223 5211 mini.

657 5247 822 5300 sterio
859 5246 1256 5315 intelligendum
1294 5261 1451 5309 esse;
1491 5254 1548 5299 ut
1575 5262 1692 5299 cum
1719 5247 1864 5314 dicit,
1892 5258 2011 5316 post
2039 5264 2220 5316 pecca-

656 5345 768 5390 tum
812 5337 876 5390 ad
910 5336 1296 5390 confessioaem
1322 5352 1439 5390 esse
1466 5337 1807 5406 pergendum,
1849 5348 1902 5391 et
1933 5339 2222 5394 confessio-

655 5442 777 5480 nem
820 5426 1173 5480 communioni
1200 5440 1319 5480 esse
1364 5425 1980 5496 prmmittendamﬂomo
2010 5428 2217 5497 primo).

654 5517 860 5571 Clarius
887 5533 998 5572 rem
1029 5517 1246 5587 profert,
1273 5533 1393 5572 cum
1422 5518 1679 5572 sacerdoti
1707 5519 1878 5573 ulcera
1909 5534 2026 5574 esse
2051 5521 2224 5574 mani-

655 5609 895 5666 festanda
936 5610 1236 5680 pronuntiat
1273 5609 1454 5679 (Tomo
1481 5611 1720 5680 secundo)
1745 5628 1758 5664 :
1783 5627 1876 5680 per
1927 5611 2222 5669 confessio-

657 5717 778 5760 nem
829 5703 968 5757 enim
995 5741 1010 5763 .
1042 5700 1245 5768 inquit,
1281 5715 1614 5769 peccatorum
1658 5706 1862 5760 sarcina
1918 5702 2219 5771 deponitur.

2335 420 2485 475 Licet
2524 436 2649 476 vero
2700 423 2893 490 passim
2937 422 3081 478 dicat
3125 423 3244 489 ille,
3297 428 3347 477 in
3389 423 3626 492 precibus
3676 428 3798 476 conh

2339 513 2542 566 sienem
2589 513 2695 565 Deo
2744 513 3082 567 emittendant
3122 527 3277 578 esse;
3325 514 3376 566 in
3418 514 3717 566 memoratis
3756 517 3798 566 lu

2337 603 2720 657 confessionem
2775 604 2932 658 etiam
2979 603 3238 658 sacerdoti
3292 602 3576 659 faciendam
3621 619 3737 658 esse
3786 621 3798 656 ι

2335 693 2522 747 clarat.

2404 778 2518 835 .lam
2549 782 2613 836 ad
2639 783 2981 852 qntestionem
3009 784 3300 850 veniamus,
3338 799 3454 853 qua:
3481 783 3616 838 haud
3646 784 3734 839 diu
3769 801 3798 854 p

2331 870 2530 925 obitum
2558 872 2917 942 Chrysostomi
2942 874 3132 943 agitata
3161 875 3271 938 fuit,
3297 875 3404 929 imo
3425 877 3475 928 in
3500 877 3749 929 extremis
3773 892 3797 928 ε

2333 963 2453 1016 vitze
2478 964 2629 1016 annis
2659 964 2872 1018 suborta
2907 973 3020 1031 est;
3043 981 3264 1036 quaeque
3287 983 3400 1019 aevo
3425 978 3604 1020 nostro
3629 981 3722 1035 per
3747 967 3792 1020 in

2331 1071 2481 1127 grum
2513 1073 2646 1126 pene
2674 1059 2921 1112 saeculum
2951 1059 3231 1113 mttltorum
3279 1059 3484 1129 ingenia
3521 1063 3792 1123 exercuit;

2329 1147 2494 1216 gratia
2536 1163 2726 1216 nempe
2770 1158 2824 1203 et
2872 1149 3038 1204 libero
3078 1149 3316 1204 arbitrio.
3359 1149 3595 1204 Julianus
3641 1152 3781 1204 enim

2330 1238 2564 1292 Anianus
2602 1238 2882 1308 Pelagiani,
2922 1239 3355 1310 Chrysostomum
3401 1240 3496 1292 sibi
3527 1238 3704 1293 favere
3731 1239 3798 1292 dit

2332 1329 2511 1384 tabant
2540 1347 2555 1385 :
2585 1340 2637 1384 et
2661 1330 2961 1394 Cassianus,
2989 1331 3078 1400 qui
3103 1330 3479 1402 Chrysostomo
3509 1329 3756 1393 haeserat,
3784 1330 3798 1382 ξ

2333 1420 2802 1489 mipelagianornm
2834 1421 3093 1475 haereseos
3112 1430 3294 1474 auctor
3321 1420 3563 1474 habetur.
3589 1421 3688 1486 Qui
3715 1431 3798 1473 aut

2331 1511 2628 1581 hnjnsmodi
2668 1512 2957 1566 hteresihus
3004 1526 3194 1566 nomen
3227 1510 3500 1575 dederant,
3547 1520 3749 1565 tantum
3791 1531 3798 1560 ι

2330 1612 2529 1658 ctorem
2556 1602 2875 1672 putabantin
2907 1601 3136 1656 homiliis
3173 1602 3283 1656 suis
3309 1601 3488 1656 favere
3516 1601 3640 1667 sibi,
3673 1601 3798 1671 ejusc

2332 1694 2647 1748 testimoniis
2691 1695 3005 1759 utebantur,
3055 1703 3115 1747 ut
3161 1693 3317 1749 dictis
3363 1695 3473 1748 suis
3520 1694 3798 1748 auctoritat

2328 1787 2711 1840 conciliarent:
2739 1798 2788 1839 et
2833 1786 2944 1839 loca
2990 1785 3127 1840 haud
3166 1786 3324 1840 dubie
3372 1785 3728 1854 proferebant,
3770 1799 3798 1853 q

2327 1874 2639 1929 videbantur
2681 1890 2790 1928 sua:
2833 1875 3038 1930 tuenda:
3081 1875 3356 1929 sentcntiae
3399 1885 3715 1944 opportuna.
3760 1875 3797 1929 C

2326 1966 2466 2020 enim
2511 1967 2648 2018 circa
2686 1965 2907 2035 gratiam
2956 1975 3009 2020 et
3043 1965 3264 2020 liberum
3308 1964 3583 2018 arbitrium
3631 1965 3796 2018 nihild

2327 2063 2471 2110 esset
2493 2065 2666 2108 ortum
2693 2054 2774 2108 vel
2805 2054 3031 2124 scrupnli
3058 2055 3139 2109 vel
3166 2054 3579 2122 disceptationis,
3606 2069 3781 2122 neque

2326 2157 2410 2203 set
2446 2163 2532 2203 res
2558 2157 2660 2201 tam
2686 2146 2914 2202 difficilis
2957 2149 3115 2202 certis
3157 2161 3341 2201 vocum
3382 2146 3639 2201 limitibus
3675 2146 3798 2201 εει-οι

2326 2240 2521 2310 scripta
2548 2257 2560 2292 :
2587 2238 2713 2308 quid
2751 2239 2962 2302 mirum,
3005 2238 3050 2292 si
3094 2236 3497 2308 Chrysostomns
3531 2237 3582 2290 in
3614 2237 3798 2290 concio

2327 2331 2446 2400 bus,
2475 2347 2606 2402 quas
2641 2332 2945 2402 plerumque
2974 2345 3039 2386 ex
3067 2339 3302 2399 tempore
3334 2330 3720 2398 pronuntiavit,
3748 2344 3797 2397 ιιι

2326 2422 2446 2478 dam
2478 2423 2751 2494 protulerit
2787 2423 2923 2478 circa
2970 2423 3187 2492 gratiam
3217 2421 3330 2486 Dei,
3361 2436 3498 2490 quze,
3545 2421 3587 2474 si
3642 2435 3798 2474 seenn

2326 2516 2468 2570 euris
2491 2525 2542 2569 et
2569 2515 2862 2570 accuratius
2892 2521 3186 2578 tractasset,
3213 2513 3597 2567 emendavisset
3631 2512 3769 2565 haud
3796 2543 3797 2554 ι

2325 2603 2454 2659 hie?
2480 2614 2535 2658 ut
2561 2614 2613 2659 et
2640 2607 2957 2676 Augustinus
2980 2619 3096 2673 qu.e
3128 2603 3324 2672 pridem
3358 2603 3424 2658 de
3456 2605 3624 2672 gratia
3656 2604 3747 2656 Dei
3779 2620 3798 2657 ε

2323 2705 2486 2758 serat,
2525 2695 2716 2762 abjecit
2746 2694 2980 2760 omnino,
3015 2709 3133 2749 cum
3175 2707 3235 2748 ea
3276 2691 3344 2747 de
3382 2709 3438 2746 re
3479 2703 3554 2746 tot
3592 2694 3790 2747 scribe:

2326 2788 2471 2842 libris
2492 2803 2704 2856 operam
2733 2786 2897 2841 dedit.

2395 2877 2755 2946 Chrysostomi
2795 2876 2909 2930 loca
2957 2875 3043 2930 hic
3093 2874 3406 2930 referimus:
3439 2875 3669 2929 lloniilia
3712 2875 3764 2928 in

2325 2979 2469 3023 ctum
2501 2968 2626 3022 illud
2672 2969 2836 3033 Pauli,
2887 2967 3136 3023 [labentes
3175 2978 3336 3022 autem
3378 2970 3602 3022 eumdem
3642 2969 3798 3040 Spirii

2327 3062 2466 3131 ﬁdei,
2497 3070 2600 3116 etc.
2631 3063 2646 3129 (
2675 3060 2833 3114 Tomo
2883 3059 3091 3132 tertio),
3143 3060 3255 3114 haec
3303 3060 3497 3115 habet:
3544 3059 3697 3115 Illud
3752 3063 3798 3114 ni

2326 3171 2438 3208 runt
2487 3153 2742 3207 ostendere
2789 3153 2975 3216 volens,
2999 3153 3131 3222 quod
3186 3153 3325 3206 initio
3375 3151 3595 3220 credere,
3627 3164 3676 3206 et
3727 3171 3798 3222 pa

2331 3247 2548 3309 vocanti,
2596 3254 2777 3298 nostra?
2819 3253 2889 3296 est
2934 3242 3075 3296 bona:
3118 3244 3292 3296 mentis
3319 3259 3338 3296 :
3363 3251 3412 3294 at
3454 3254 3725 3312 postquam
3759 3246 3796 3312 j.

2329 3338 2512 3409 fuerint
2539 3337 2657 3405 ﬁdei
2687 3337 3032 3406 fundamenta,
3049 3337 3159 3405 jam
3187 3352 3312 3405 opus
3336 3344 3408 3389 est
3431 3337 3625 3389 auxilio
3651 3337 3796 3405 Spiri

2328 3438 2381 3480 ut
2407 3428 2457 3480 in
2492 3426 2632 3480 nobis
2659 3437 2892 3496 perpetuo
2918 3436 3112 3479 ntaneat
3141 3427 3431 3479 inconcussa
3455 3436 3500 3479 et
3524 3428 3795 3496 inexpugu

2327 3517 2408 3571 lis.
2444 3516 2620 3588 Neque
2647 3519 2774 3569 enim
2815 3514 2973 3578 Deus,
3013 3533 3167 3586 neque
3212 3515 3431 3586 Spiritus
3456 3519 3623 3587 gratia
3675 3531 3788 3572 nust

2329 3609 2562 3678 praevenit
2601 3607 2943 3677 propositum;
2971 3608 3058 3660 sed
3096 3608 3288 3660 tametsi
3335 3619 3487 3673 vocet,
3533 3621 3796 3679 exspectat

2327 3716 2463 3764 men,
2490 3710 2544 3752 ut
2571 3710 2744 3770 sponte
2769 3709 2814 3752 et
2835 3701 3039 3770 propria
3068 3701 3317 3753 voluntate
3353 3700 3675 3766 accedamus,
3712 3719 3776 3753 ac

2327 3792 2524 3846 demum
2575 3808 2686 3844 cum
2723 3795 3090 3869 accesserimus,
3134 3791 3272 3844 nobis
3315 3808 3460 3844 suum
3497 3801 3667 3844 totum
3709 3795 3796 3846 exh

2327 3882 2591 3936 auxilium.
2620 3880 2801 3936 Simile
2838 3881 3102 3950 quidpiam
3145 3881 3270 3934 dicit
3295 3881 3483 3936 llomil.
3531 3881 3585 3935 in
3636 3882 3796 3936 Joant

2328 3969 2442 4025 haec
2478 3970 2744 4040 Evangelii
2788 3970 2948 4024 verba
2997 3971 3262 4038 explicans
3295 3969 3473 4040 (Tomo
3499 3972 3708 4041 octavo)
3738 3974 3794 4027 :t

2326 4077 2494 4116 versus
2534 4072 2698 4114 autent
2721 4060 2893 4127 Iesus,
2923 4073 2968 4114 et
3005 4062 3172 4114 videns
3201 4078 3282 4114 eos
3319 4072 3591 4133 sequentes,
3627 4063 3794 4114 dicit.

2333 4153 2465 4220 Quid
2489 4153 2748 4225 quaeritis?
2775 4151 2949 4222 Pergit
2984 4152 3104 4207 ille:
3137 4150 3267 4204 Hinc
3290 4152 3521 4204 docemur
3550 4149 3731 4205 Deum
3763 4155 3794 4206 d

2327 4261 2427 4298 non
2457 4245 2725 4314 prtevenire
2765 4246 3039 4297 voluntates
3086 4242 3420 4305 nostras;sed
3443 4243 3526 4295 ubi
3555 4259 3656 4296 nos
3699 4245 3793 4297 inc

2329 4353 2470 4400 mus,
2515 4351 2625 4388 cum
2663 4336 2963 4387 voluntatem
2985 4334 3333 4403 praemisimus,
3369 4344 3484 4386 tunc
3519 4333 3792 4402 plurimas

2327 4427 2414 4481 ille
2437 4427 2577 4480 nobis
2600 4426 2775 4479 salutis
2801 4425 3104 4478 occasiones.

2401 4517 2622 4570 Homilia
2652 4527 2828 4571 autem
2856 4517 2924 4572 59
2955 4517 3006 4570 in
3035 4515 3282 4570 Genesim
3313 4529 3424 4568 rem
3451 4515 3520 4568 ita
3547 4517 3794 4583 explicat

2330 4625 2507 4664 sccnm
2553 4612 2663 4678 ipse
2708 4625 2937 4678 pugnare
2983 4609 3222 4662 videatur
3267 4607 3447 4674 (Tomo
3497 4611 3794 4675 quarto).l

2328 4700 2396 4753 de
2417 4700 2613 4755 Jacoho
2655 4701 2810 4754 Isaaci
2843 4699 2949 4753 lilio
2986 4699 3207 4768 loquens
3243 4698 3356 4753 haec
3399 4698 3597 4752 habet:
3634 4699 3792 4755 Licet

2331 4808 2484 4859 perna
2526 4791 2758 4859 praesidio
2786 4794 2942 4861 fretus
2965 4791 3134 4860 fuerit,
3179 4799 3396 4842 attamen
3423 4788 3557 4858 quod
3595 4806 3774 4844 suum

2329 4883 2466 4952 prius
2492 4882 2727 4934 exhibuit.
2761 4881 2842 4934 Ita
2880 4897 3000 4934 sane
3024 4891 3068 4934 et
3099 4897 3188 4934 nos
3215 4881 3604 4950 persuadeamus
3636 4884 3792 4938 nobis

2326 4983 2399 5028 cet
2441 4973 2620 5026 millies
2649 4973 2916 5037 enitamur,
2965 4973 3090 5026 nihil
3126 4986 3291 5024 tamen
3329 4988 3528 5038 prorsus
3574 4984 3727 5026 recte
3771 4992 3792 5026 ι

2329 5082 2492 5134 posse,
2519 5066 2614 5117 nisi
2637 5081 2850 5134 superno
2876 5064 3064 5117 auxilio
3091 5063 3308 5132 adjutus.
3345 5061 3486 5116 Sicut
3514 5062 3657 5114 enim
3690 5065 3792 5118 nisi

2326 5159 2544 5212 subsidio
2571 5159 2815 5226 fruamur,
2846 5157 2970 5209 nihil
2997 5172 3231 5226 umquam
3256 5159 3512 5226 possumus
3541 5166 3690 5208 recte
3723 5175 3792 5227 ag

2327 5250 2419 5314 ita,
2467 5250 2556 5301 nisi
2582 5247 2715 5318 quod
2755 5258 2978 5301 nostrum
3007 5256 3078 5300 est
3116 5246 3448 5307 attulerimus,
3479 5262 3579 5298 non
3620 5258 3792 5315 pater

2325 5355 2595 5407 supernum
2632 5338 2879 5390 auxilium
2926 5336 3162 5389 obtinere.
3213 5336 3266 5389 Si
3309 5351 3533 5404 namque
3585 5337 3792 5392 initiut

2330 5429 2663 5484 fundamenta
2695 5428 2813 5482 fidei
2857 5428 2971 5482 sine
3007 5428 3095 5482 Dei
3131 5428 3326 5482 auxilio
3358 5443 3555 5496 ponere
3583 5445 3790 5496 pOSSIII

2328 5529 2386 5573 ut
2411 5521 2497 5574 ille
2522 5534 2679 5588 supra
2713 5519 2866 5583 dixit,
2897 5515 3159 5586 quomodo
3187 5532 3366 5570 verum
3387 5532 3506 5572 esse
3537 5520 3762 5584 poterit

2326 5611 2468 5681 quod
2495 5610 2580 5664 hic
2597 5609 2796 5677 adjicit,
2818 5624 2916 5663 nos
2940 5622 3128 5677 nempe
3148 5608 3274 5661 nihil
3302 5623 3534 5676 umquam
3561 5618 3729 5665 recte
3766 5626 3790 5664 ε

2333 5719 2508 5773 posse,
2535 5701 2633 5758 nisi
2659 5715 2890 5771 superno
2914 5699 3110 5756 auxilio
3133 5698 3382 5768 adjutus?
