3864 6398
35 417 67 466 ς
636 383 800 454 ουλε
839 381 905 439 IN
940 381 1278 438 ornamus
1313 379 1506 437 cum:

1598 379 1784 436 510M!
1822 375 2345 435 OBSERVANTUB.

1553 496 1800 544 sumentes
1831 504 1958 542 auro
1983 487 2248 551 inclusam,
2278 494 2381 538 tum
2418 483 2507 538 viri
2534 493 2637 535 tum
2662 481 2894 536 mulieres
2922 495 2954 533 a
2985 480 3117 534 collo

58 522 136 587 qua
155 514 268 569 enim
299 508 363 562 de
387 503 551 574 gratia
579 510 632 555 et
661 500 830 554 libero
860 494 1082 550 arbitrio
1108 491 1364 548 nihildum
1394 489 1449 544 in

3027 362 3101 411 56

195 611 422 658 statutum
468 595 656 656 fuerat,
712 605 816 644 non
862 596 1006 641 tanto
1057 584 1304 654 scrupulo
1332 595 1451 652 qua:
1554 581 1864 652 suspendunt
1889 580 1957 632 ad
1980 589 2229 642 ornatum,
2252 576 2340 630 etsi
2364 576 2697 630 damnationis
2723 574 3002 644 symbolum
3027 579 3123 625 hoc

35 719 84 758 sse
106 697 225 753 menti
249 690 544 748 olierebant,
574 691 753 738 orator
781 689 962 734 noster
985 693 1048 732 ea
1076 676 1142 730 de
1185 690 1244 730 re
1285 688 1455 728 euun-

35 795 126 854 ιω,
157 787 226 857 qui
266 784 305 837 si
345 797 404 833 ea
453 778 516 832 ad
566 774 812 828 trutinam
859 769 1200 832 excussisset,
1245 764 1454 820 saniora

36 853 226 940 metulae
248 875 504 934 dedisset;
530 868 624 923 sed
651 882 756 920 non
782 863 973 918 licebat
999 859 1196 914 oratori
1222 853 1457 927 quotidie

35 994 113 1034 πιιε
137 985 249 1027 etes
273 978 501 1033 tempore
528 974 672 1029 saepe
695 953 1012 1011 declamanti
1035 952 1176 1004 serio
1205 946 1380 1002 verbis
1403 955 1457 999 et

36 1061 313 1122 ῇαὲςοωιιίὺυε
335 1053 636 1122 advigilare,
669 1049 721 1102 in
752 1044 913 1100 rebus
935 1041 1162 1095 maxime
1185 1052 1303 1106 qua:
1334 1049 1461 1088 non-

35 1220 366 1315 nisit‘mterum
408 1251 566 1306 quam
611 1248 641 1286 a
690 1227 967 1296 Pelagiana
1007 1220 1197 1278 ιιςιιτθςί
1244 1231 1460 1272 aversus

35 1305 215 1404 sset'ipse
249 1305 548 1386 testiﬁcatur
599 1325 653 1376 in
707 1322 810 1373 line
853 1314 1104 1386 Epistolze
1148 1318 1350 1380 quarta:
1396 1305 1461 1360 ad

35 1425 272 1499 lympisdem
294 1463 309 1484 ,
347 1420 572 1474 dicens:
607 1412 682 1467 De
731 1409 939 1480 Pelagio
984 1403 1228 1458 monacho
1278 1415 1462 1470 magno

35 1494 125 1577 bin
150 1515 327 1583 electus
367 1527 481 1566 sum
508 1525 526 1562 :
550 1507 712 1577 cogita
736 1502 888 1574 igitur
913 1508 1032 1570 quot
1059 1494 1351 1566 quantisque
1379 1506 1466 1544 co-

35 1609 216 1681 diligi
236 1608 324 1662 sint
345 1603 438 1674 qui
453 1601 650 1671 fortiter
673 1599 726 1650 in
753 1593 860 1647 acie
885 1596 1140 1653 steterunt,
1173 1601 1288 1639 cum
1312 1584 1463 1646 uiros,

35 1710 117 1776 p'a
265 1697 454 1770 pietatis
479 1689 825 1748 exercitatione
853 1693 900 1739 et
927 1679 1193 1737 tolerantia
1217 1679 1464 1742 uixerunt,

35 1797 136 1867 utth
153 1795 390 1848 rideamus.

69 1857 188 1943 me
216 1881 409 1950 Pelagio
446 1870 804 1932 hteresiarcha
849 1867 931 1938 agi
963 1880 1086 1920 cum
1132 1861 1311 1916 multis
1340 1857 1472 1913 viris

35 1976 356 2036 Ιυειίςειίςιίωο.
384 1969 521 2025 Erat
538 1967 681 2023 enim
713 1963 802 2017 ille
827 1954 1136 2017 monachus,
1159 1962 1474 2017 erroresque

35 2087 97 2123 uss
123 2080 326 2137 spargere
368 2059 556 2129 erepit,
603 2053 813 2125 quando
853 2049 1266 2119 Chrysostomus
1317 2039 1474 2096 exsul

35 2133 355 2217 msmvvita
391 2148 718 2208 curriculum
739 2143 928 2213 agebat
945 2153 1084 2194 anno
1110 2136 1326 2192 circiter
1348 2133 1472 2188 407.

35 2255 99 2319 lt:
126 2251 262 2305 omnia
304 2246 368 2301 ad
415 2241 688 2310 Pelagium
729 2235 996 2290 haereseos
1041 2238 1312 2285 auctorem
1353 2238 1478 2292 Spe-

35 2341 337 2403 susridentur,
378 2345 544 2402 atque
583 2332 654 2384 ita
680 2342 798 2383 cum
827 2325 918 2380 illo
946 2325 1259 2384 consonant,
1288 2323 1346 2371 ut
1374 2329 1478 2370 non

35 2436 103 2488 iis
118 2433 308 2502 Pelagius
333 2421 658 2498 quarendus
684 2417 943 2472 videatur.

35 2574 1473 2617 ___________________

484 2708 806 2768 DIATRIBA
845 2705 911 2760 ll.

35 2858 76 2915 De
106 2859 315 2928 disciplina
353 2869 458 2910 (tuo
504 2845 872 2920 Chrysostomi,
910 2841 1067 2910 deque
1106 2837 1283 2892 ritibus
1338 2833 1488 2928 uariis

70 2962 130 3004 tu
154 2922 447 3003 Antiochenis
475 2953 585 2996 tum
607 2928 1210 3000 Constantinopolitanis:
1238 2934 1284 2981 et
1314 2924 1376 2979 de
1401 2922 1490 2976 Li-

69 3043 191 3110 argis.

68 3170 161 3223 Cm
182 3169 358 3225 cultum
388 3158 714 3220 venerabilis
741 3154 914 3210 crucis
939 3149 1166 3213 Domini,
1190 3154 1490 3201 sanctarum

35 3263 263 3328 rimarum
297 3268 349 3312 et
388 3253 704 3322 imaginum,
748 3247 1015 3313 etiamque
1055 3237 1491 3295 intercessionem

35 3327 376 3407 navemnauem
405 3352 740 3405 sanctorum,
767 3338 854 3392 illa
882 3334 1074 3405 passim
1106 3329 1302 3400 profert
1321 3327 1493 3397 Chry-

35 3455 216 3506 samus,
241 3455 351 3511 qua:
392 3435 712 3492 bodiemum
753 3427 1003 3483 Ecclesia:
1041 3438 1240 3477 morem
1277 3432 1494 3488 prorsus

35 3534 243 3600 emittant.
271 3529 552 3602 Singulare
579 3537 793 3594 prorsus
823 3529 906 3574 est
930 3516 1001 3580 id,
1030 3513 1170 3586 quod
1198 3512 1264 3567 (le
1288 3511 1344 3566 S.
1374 3524 1495 3563 cru-

35 3624 210 3677 cstultu
255 3624 377 3677 dicit
429 3621 523 3675 ille
548 3619 746 3688 (nempe
793 3614 846 3665 in
894 3607 1052 3664 Tanto
1103 3607 1284 3676 primo)
1313 3602 1496 3658 :Nihil

36 3713 315 3782 llwstoriarn
352 3725 597 3767 coronam
638 3710 711 3762 sic
755 3711 959 3764 exornat
1003 3701 1076 3753 ut‘
1103 3713 1245 3759 crux,
1269 3695 1496 3749 universo

35 3809 147 3859 tuto
165 3806 435 3875 pretiosior;
460 3811 513 3855 et
541 3800 650 3866 eius
678 3797 861 3866 ﬁgura,
887 3808 1038 3862 quam
1063 3789 1183 3843 olim
1210 3802 1379 3841 omnes
1407 3801 1496 3839 ea:-

36 3895 302 3960 htnacebaru,
342 3897 417 3949 ita
460 3890 691 3947 certatim
731 3884 1009 3955 exquiritur
1050 3881 1112 3933 ab
1156 3878 1402 3941 omnibus,
1443 3882 1498 3929 ut

35 3986 143 4050 ulla
157 3990 426 4057 reperiatur,
451 3981 593 4050 apud
622 3976 869 4050 principes
890 3983 937 4028 et
959 3970 1202 4035 subditos,
1233 3966 1368 4037 apud
1389 3981 1501 4018 mu.

35 4077 167 4132 licuit
191 4084 324 4146 viros,
361 4075 509 4147 apud
533 4071 747 4142 virgines
785 4078 830 4121 et
861 4075 1064 4134 nuptas,
1085 4062 1223 4133 apud
1250 4076 1415 4114 seruos
1453 4066 1502 4112 et

35 4169 174 4225 “his:
194 4189 293 4224 nam
318 4170 448 4224 illud
478 4179 654 4221 omnes
677 4162 875 4232 signum
902 4159 1182 4226 frequenter
1209 4153 1501 4222 imprimunt

35 4259 78 4310 in
94 4262 348 4314 minorum
390 4256 592 4313 meliori
619 4260 784 4324 parte,
827 4259 873 4304 et
907 4249 960 4302 in
999 4252 1163 4316 fronte
1193 4261 1282 4298 ceu
1323 4244 1376 4296 in
1418 4258 1505 4295 co-

35 4351 142 4402 llus
164 4353 405 4421 ﬁguratum
445 4345 671 4418 quotidie
709 4342 1080 4412 circumferunt.
1116 4335 1226 4390 Hoc
1263 4337 1316 4389 in
1357 4350 1505 4390 sacra

36 4456 156 4505 Im.
181 4446 258 4496 hoc
281 4447 332 4497 in
369 4440 692 4497 sacerdotum
721 4431 1135 4495 ordinationibus,
1177 4428 1269 4481 hoc
1306 4441 1506 4480 rursum

38 4546 284 4605 αωτροτε
305 4533 493 4590 Christi
523 4540 571 4584 et
598 4527 806 4598 mystica
830 4540 968 4578 caena
995 4521 1225 4591 refulget.
1256 4518 1367 4573 Hoc
1391 4518 1505 4572 ubi-

41 4626 356 4686 rlctlebratum
396 4622 570 4678 uidere
601 4628 693 4681 est,
721 4620 772 4670 in
801 4615 1045 4676 domibus,
1084 4613 1137 4665 in
1163 4615 1294 4682 foro,
1335 4610 1385 4662 in
1414 4608 1504 4662 de-

37 4717 142 4776 uia,
162 4718 203 4770 in
235 4718 338 4781 riis,
379 4716 436 4769 in
461 4709 732 4774 montibus,
759 4706 814 4760 in
850 4704 1077 4766 saltibus,
1107 4703 1158 4756 in
1199 4701 1428 4767 collibus,
1456 4700 1509 4752 in

42 4808 135 4867 Iri,
154 4809 194 4860 is
220 4807 438 4869 naribus,
459 4805 517 4857 in
543 4800 744 4864 insulis,
771 4803 824 4850 in
851 4797 1007 4857 lectis,
1038 4795 1090 4846 in
1115 4790 1431 4856 vestimentis,
1457 4790 1511 4843 in

37 4897 149 4957 aliis.
180 4899 220 4951 in
247 4896 502 4956 thalamis,
542 4893 598 4946 in
642 4888 893 4951 conviviis,
923 4887 976 4938 in
1018 4883 1146 4937 uasis
1188 4881 1430 4952 argenteis
1466 4889 1511 4934 et

39 4989 159 5051 «ex,
181 4991 224 5041 in
245 4986 543 5059 margaritis,
591 4983 643 5035 in
673 4980 916 5048 parietum
952 4975 1174 5048 picturis,
1214 4975 1268 5027 in
1292 4972 1513 5042 corpori-

37 5074 99 5126 ιιι
121 5079 332 5134 iratorum
373 5077 512 5132 male
552 5071 768 5140 alfectis,
805 5070 858 5123 in
888 5066 1178 5138 corporibus
1221 5082 1251 5118 a
1291 5066 1516 5118 daemone

39 5165 200 5234 οιιωὶι,
231 5174 276 5224 in
298 5172 461 5234 bellis,
508 5167 562 5219 in
591 5179 732 5234 pace,
775 5162 829 5214 in
868 5158 1060 5224 diebus,
1102 5157 1154 5210 in
1194 5156 1434 5218 noctibus,
1462 5155 1516 5207 in

36 5255 170 5314 dicit
191 5261 579 5326 tripudiantium,
610 5256 664 5308 in
696 5251 939 5308 sodalitiis
975 5264 1081 5302 sese
1116 5246 1471 5300 macerantium
1498 5257 1520 5298 :

42 5350 124 5400 adeo
141 5357 331 5408 certatim
363 5357 551 5409 donum
587 5353 682 5406 hoc
707 5348 950 5412 mirabile,
981 5347 1180 5415 eiusque
1217 5340 1519 5408 ine/Tabilem

41 5443 186 5503 gratim
220 5463 377 5500 omnes
418 5443 847 5514 perquirunt......
897 5437 1086 5505 Ubique
1125 5433 1214 5487 illa
1249 5432 1424 5503 fulget,
1467 5431 1520 5484 in

41 5533 236 5589 Motibus
269 5539 544 5597 domorum,
591 5535 644 5587 in
674 5532 832 5594 tectis,
863 5530 915 5582 in
954 5527 1108 5589 libris,
1137 5525 1190 5578 in
1220 5522 1442 5586 urbibus,
1467 5521 1522 5574 in

41 5617 136 5678 ﬂat.
159 5625 200 5676 in
226 5627 436 5692 incidtis,
473 5627 524 5679 in
559 5623 710 5678 cultis
733 5621 1011 5676 locis.......
1050 5614 1192 5670 Illud
1215 5629 1329 5672 vero
1360 5613 1524 5682 ipsum

42 5708 192 5777 lissam,
218 5718 264 5769 in
287 5734 381 5787 quo
401 5732 598 5770 sacrum
622 5727 804 5783 corpus
824 5725 1025 5778 passum
1049 5718 1092 5762 et
1112 5707 1407 5775 cruciﬁxum
1427 5711 1520 5770 est,

36 5812 102 5849 ω
125 5809 310 5860 certatim
345 5825 512 5862 omnes
539 5805 768 5859 adeunt?
789 5817 880 5857 cur
901 5799 1199 5866 particulam
1231 5797 1341 5861 eius
1375 5792 1523 5848 multi

1558 670 1747 742 lignum
1769 670 1902 740 fuit?
1929 668 2041 722 Imo
2061 668 2398 738 Imperatores
2421 667 2582 736 posito
2620 665 2903 720 diademate
2925 678 3123 717 crucem

1558 760 1890 829 suscipiebant
1916 757 2093 830 (Tomo
2119 756 2324 830 primo).

1631 851 1756 906 Hice
1796 851 1988 920 smpius
2035 849 2164 904 dicit
2196 849 2248 902 in
2301 845 2622 902 orationibus
2657 857 2840 902 contra
2889 844 3124 911 Judmos,

1560 941 1806 1010 additque
1831 939 1982 1010 signo
2009 939 2183 995 crucis
2203 937 2555 992 adversariam
2577 946 2885 1009 potestatem
2912 950 3131 990 omnem

1561 1033 1727 1102 fugari
1757 1031 2051 1104 (Ibidem).
2081 1033 2358 1101 Singulare
2415 1039 2588 1084 autem
2643 1031 2859 1084 omnino
2912 1041 2996 1084 est
3039 1029 3126 1093 id,

1567 1123 1708 1193 quod
1762 1122 1844 1177 bis
1893 1122 2094 1192 profert
2141 1121 2587 1192 Cbrysostomus,
2626 1119 2777 1190 cujus
2833 1119 2916 1173 hic
2972 1120 3132 1173 verba

1564 1217 1862 1272 adscribam
1891 1215 2072 1287 (Tomo
2097 1215 2291 1285 quinto)
2317 1232 2330 1268 :
2360 1214 2464 1268 Sed
2513 1229 2623 1267 ecce
2673 1229 2798 1266 crux
2848 1227 2981 1266 nunc
3021 1211 3134 1281 ipsa

1564 1310 1664 1363 vita
1688 1309 1839 1364 euasit
1867 1308 2209 1362 honorabilior
2237 1316 2283 1361 et
2307 1305 2636 1377 splendidior,
2656 1314 2715 1358 .et
2749 1320 2918 1358 omnes
2949 1319 3058 1356 eam
3082 1304 3137 1356 in

1567 1401 1732 1472 fronte
1753 1401 2186 1472 circumferimus;
2214 1415 2314 1452 non
2341 1399 2503 1452 solunt
2528 1413 2628 1450 non
2670 1398 3026 1461 erubescentes,
3048 1392 3138 1447 sed

1568 1496 1718 1549 etiam
1751 1495 2040 1565 gloriantes.
2069 1492 2210 1547 Alibi
2240 1491 2363 1545 dicit
2395 1491 2539 1545 illam
2572 1491 2621 1542 in
2654 1488 2826 1543 fronte
2857 1487 3017 1542 fuisse
3044 1486 3139 1540 de-

1572 1587 1763 1656 pictam
1793 1584 1975 1657 (Tomo
2013 1585 2271 1653 septimo).
2317 1581 2539 1644 Idcirco,
2570 1580 2754 1650 inquit,
2786 1589 2832 1632 et
2869 1578 3044 1644 domi,
3094 1585 3141 1631 et

1570 1680 1624 1734 in
1650 1679 1941 1751 parietibus,
1980 1687 2028 1731 et
2064 1678 2115 1730 in
2150 1677 2398 1748 fenestris,
2433 1685 2479 1729 et
2505 1676 2558 1728 in
2596 1677 2762 1744 fronte
2791 1682 2836 1727 et
2876 1673 2927 1725 in
2957 1678 3141 1737 mente,

1573 1772 1716 1826 illum
1768 1787 1880 1825 cum
1917 1771 2074 1824 multo
2114 1769 2281 1823 studio
2333 1768 2651 1837 depingimus
2679 1765 2866 1832 (Tomo
2919 1763 3141 1835 quinto).

1580 1860 1763 1916 Omnes
1790 1876 1900 1914 eam
1925 1861 1979 1913 in
2007 1859 2172 1928 fronte
2199 1858 2614 1928 circumferimus,
2645 1855 2832 1923 inquit,
2860 1872 2958 1908 non
2983 1855 3146 1908 solum

1576 1968 1677 2006 non
1697 1952 2052 2015 erubescentes,
2083 1949 2169 2003 sed
2189 1949 2336 2001 etiam
2371 1949 2660 2016 gloriantes.
2692 1944 2815 1998 Non
2842 1946 2988 1999 modo
3017 1944 3147 1997 enim

1580 2041 1868 2114 populares.
1912 2040 1999 2094 sed
2027 2050 2072 2094 et
2108 2039 2146 2092 ii
2182 2039 2268 2106 qui
2301 2047 2412 2090 sunt
2443 2037 2723 2090 diademate
2757 2035 2994 2102 redimiti,
3038 2051 3150 2089 eam

1583 2135 1747 2204 potius
1767 2133 1818 2185 in
1847 2136 2009 2204 fronte
2033 2139 2226 2200 gestant
2253 2145 2403 2194 quam
2423 2127 2676 2181 diadema.

1654 2224 1727 2277 De
1773 2221 1974 2276 honore
2015 2229 2173 2288 atque
2217 2218 2360 2272 cultu
2405 2225 2706 2271 sanctorum
2733 2258 2748 2282 ,
2783 2217 3153 2286 prmeipueque

1584 2325 1870 2384 martyrum
1902 2311 2137 2382 reliquiis
2173 2311 2407 2379 praestita
2444 2307 2746 2379 frequenter
2783 2309 2891 2378 agit
2923 2308 3155 2378 Chryso-

1585 2419 1807 2460 Slomus.
1836 2403 2057 2474 Insignis
2081 2403 2227 2456 locus
2257 2400 2343 2455 ille
2371 2409 2471 2464 est,
2518 2399 2606 2455 ubi
2650 2399 2717 2454 de
2754 2409 2936 2454 sancto
2961 2399 3158 2470 Babylo

1588 2498 1854 2552 disserens
1901 2497 2018 2549 talia
2056 2493 2193 2548 fatur
2223 2492 2402 2565 (Tomo
2446 2491 2725 2561 secundo):
2773 2491 2837 2544 At
2889 2490 3022 2544 Deus
3070 2491 3159 2544 illa

1587 2589 1830 2653 clemens,
1867 2588 1951 2659 qni
1980 2585 2204 2666 inﬁnitas
2239 2583 2379 2638 nobis
2408 2583 2581 2637 salutis
2607 2583 2889 2636 occasiones
2915 2580 3158 2646 contulit,

1590 2681 1720 2734 hanc
1759 2694 1952 2749 quoque
1996 2677 2136 2731 nobis
2178 2692 2292 2730 cum
2334 2675 2448 2729 aliis
2484 2676 2684 2740 aperuit
2723 2674 2887 2738 viam,
2929 2688 3041 2740 quae
3067 2689 3161 2726 nos

1592 2772 1747 2841 possit
1775 2771 1842 2824 ad
1868 2768 2094 2822 uirtutem
2122 2784 2342 2830 evocare,
2378 2776 2662 2821 sanctorum
2689 2765 2924 2835 reliquias
2961 2763 3162 2817 interim

1593 2862 1732 2933 apud
1761 2878 1850 2915 nos
1878 2861 2180 2929 relinquens.
2214 2856 2350 2911 Nam
2390 2867 2498 2926 post
2525 2859 2766 2909 sermonis
2785 2857 3014 2909 virtutem
3032 2894 3049 2920 ,
3079 2871 3162 2908 sev

1592 2954 1811 3008 cundum
1836 2961 1997 3005 tenent
2018 2951 2242 3003 ordinem
2269 2959 2552 3002 sanctorum
2572 2945 2824 3015 sepulcra,
2844 2961 2958 3016 qua:
2971 2945 3164 2998 animos

1593 3045 1893 3098 intuentium
1922 3043 2175 3095 hominum
2199 3041 2266 3093 ad
2289 3039 2610 3092 imitationem
2633 3037 2896 3090 concitent.
2923 3037 2993 3089 Ac
3007 3035 3165 3090 sicubi

1595 3136 1704 3206 quis
1732 3133 1979 3204 ejusmodi
2003 3147 2169 3200 capsa:
2190 3130 2367 3195 adstet,
2397 3130 2564 3182 statim
2592 3129 2702 3198 ejus
2731 3128 2996 3198 efﬁcaciam
3018 3143 3165 3181 sensu

1597 3227 1920 3297 percipit.....
1967 3222 2134 3277 Probe
2186 3232 2352 3274 antem
2411 3221 2769 3274 animadvertet
2819 3220 3167 3289 defunctorum

1599 3319 1915 3388 phantasiam
1948 3332 2009 3369 ea:
2031 3314 2153 3383 ipsis
2173 3314 2294 3367 locis
2314 3314 2366 3366 in
2389 3312 2652 3366 viventium
2672 3311 2852 3364 animis
2873 3310 3097 3376 excitari,
3123 3311 3166 3365 si

1600 3408 1710 3479 quis
1748 3407 1924 3476 cogitet
1964 3404 2212 3475 quomodo
2252 3403 2323 3466 ii,
2370 3403 2454 3470 qui
2502 3401 2704 3471 lugendi
2741 3415 2895 3453 causa
2934 3399 3165 3463 veniunt,

1598 3501 1769 3555 statim
1800 3509 1949 3567 atque
1985 3495 2052 3549 ad
2079 3494 2309 3565 sepulcra
2336 3501 2667 3554 accesserunt,
2721 3506 2781 3543 ac
2821 3490 2865 3543 si
2904 3491 3006 3544 vice
3027 3505 3170 3543 urnas

1599 3610 1704 3660 eos,
1748 3592 1834 3662 qui
1870 3591 1923 3643 in
1960 3605 2089 3642 urna
2123 3587 2325 3656 jacent,
2368 3593 2554 3637 stantes
2596 3583 2833 3645 viderent,
2882 3582 2953 3635 sic
2989 3581 3104 3634 illos
3142 3597 3171 3633 e

1601 3683 1772 3738 limine
1797 3679 1965 3733 statim
1989 3675 2306 3747 compellent.
2335 3671 2487 3726 Multi
2515 3687 2648 3735 vero,
2670 3669 2972 3724 intolerabili
3003 3668 3170 3736 affecti

1601 3773 1793 3836 dolore,
1813 3785 1969 3842 prope
1995 3767 2222 3839 sepulcra
2251 3774 2560 3819 mortuorum
2588 3761 2894 3815 domicilium
2929 3761 3022 3815 sibi
3055 3778 3170 3831 per-

1601 3880 1727 3919 enne
1753 3861 2143 3923 constituerunt;
2171 3856 2225 3910 id
2253 3871 2565 3926 nequaquam
2603 3853 2818 3926 facturi,
2848 3853 2943 3906 nisi
2977 3867 3040 3905 ea:
3076 3850 3172 3906 loci

1605 3963 1870 4025 conspectu
1904 3951 2165 4024 quidpiam
2205 3947 2558 4003 consolationis
2585 3947 2938 4017 percepissent.
2975 3942 3171 4014 Ecquid

1604 4048 1666 4102 de
1689 4047 1796 4101 loco
1818 4056 1862 4099 et
1882 4045 2111 4114 sepulcro
2132 4041 2344 4108 loquor?
2368 4056 2480 4093 cum
2504 4039 2649 4092 vestis
2667 4053 2798 4107 stupe
2820 4036 2928 4091 sola
2947 4044 3175 4089 mortuo-

1604 4159 1716 4196 rum
1740 4141 1864 4204 visa,
1883 4146 1966 4191 aut
1985 4137 2182 4190 verbum
2201 4151 2358 4188 unum
2378 4143 2539 4186 mente
2562 4131 2822 4200 repetitum
2846 4131 3067 4182 animum
3083 4143 3176 4182 ea:-

1606 4233 1774 4286 citarit
1795 4273 1808 4292 .
1831 4241 1877 4284 et
1906 4228 2147 4283 labentem
2171 4225 2461 4279 memoriam
2489 4222 2760 4276 reduxerit.
2789 4219 2914 4274 Ideo
2939 4219 3176 4289 reliquias

1607 4334 1892 4380 sanctorum
1945 4319 2086 4374 nobis
2140 4317 2276 4371 Deus
2332 4317 2541 4369 dimisit.
2591 4313 2678 4368 Me
2713 4324 2877 4366 autem
2927 4329 3026 4366 non
3071 4312 3178 4365 Ιιασο

1614 4417 1802 4485 frustra
1833 4411 2079 4476 iactitare,
2098 4409 2183 4460 sed
2203 4407 2268 4459 ad
2297 4407 2559 4458 utilitatem
2578 4413 2798 4456 nostram
2824 4403 2896 4454 ita
2925 4402 3178 4470 provisum

1611 4521 1746 4570 esse,
1778 4503 1928 4572 ﬁdem
1986 4503 2148 4570 facere
2190 4506 2402 4566 possunt
2463 4493 2713 4549 miracula
2765 4507 2879 4564 qua:
2919 4509 2951 4546 a
2995 4492 3180 4546 sanctis

1611 4595 1832 4670 quotidie
1857 4592 2157 4663 martyribus
2181 4592 2414 4643 eduntur.

1685 4686 1909 4743 Homilia
1937 4699 2063 4739 vero
2092 4683 2146 4736 in
2173 4681 2230 4738 S.
2271 4680 2605 4735 Eustathium
2651 4678 3036 4733 Antiochenam
3063 4676 3180 4733 haec

1616 4782 1807 4838 habet:
1828 4778 2025 4832 Idcirco
2049 4785 2334 4829 sanctorum
2358 4789 2570 4843 corpora
2593 4781 2641 4826 et
2667 4775 2828 4842 fontes
2849 4781 2894 4824 et
2920 4772 3113 4824 radices
3135 4778 3183 4824 et

1615 4884 1868 4946 unguenta
1916 4885 2148 4937 nuncupo
2185 4866 2468 4937 spiritualia
2507 4863 2686 4937 (Tomo
2730 4864 2988 4933 secundo).
3030 4863 3185 4918 Plebs

1624 4981 1751 5022 vero
1773 4961 2097 5017 Antiochena
2121 4961 2172 5012 in
2195 4957 2392 5012 vicinos
2414 4957 2526 5010 urbi
2546 4971 2782 5024 campos,
2801 4953 2886 5007 ubi
2907 4951 3186 5023 sepulchra

1623 5064 1910 5128 martyrum
1941 5060 2108 5113 erant,
2142 5049 2367 5103 libenter
2393 5044 2712 5101 conﬂuebat.
2732 5044 2861 5110 Quia
2890 5058 3017 5098 vero
3047 5057 3188 5098 mar-

1621 5157 1794 5219 tyrum
1821 5149 2156 5199 monumenta
2200 5154 2319 5193 cum
2371 5135 2736 5190 hmt'eticorum
2778 5133 3072 5202 sepulchris
3103 5133 3187 5187 in-

1620 5236 1864 5293 termixta
1910 5240 2061 5287 erant
2104 5227 2393 5300 (ijidem);
2440 5227 2558 5279 ideo
2585 5223 2896 5288 Flavianus,
2928 5232 2984 5276 ttt
3023 5223 3190 5276 devo-

1621 5340 1689 5384 tae
1741 5326 1879 5396 plebi
1932 5322 2264 5385 consuleret,
2317 5333 2438 5373 ossa
2472 5317 2567 5390 .illa
2623 5327 2909 5386 martyrum
2962 5315 3191 5385 delegit,

1623 5434 1686 5474 ac
1722 5431 1959 5472 seorsum
2005 5415 2056 5468 in
2089 5427 2219 5483 puro
2266 5409 2564 5477 mundoque
2592 5408 2709 5462 loco
2734 5406 3031 5460 collocavit.
3076 5407 3193 5474 Ipse

1625 5525 1834 5582 quoque
1865 5507 2272 5578 Chrysostomus
2301 5501 2451 5557 exsul
2480 5499 2670 5554 Ruﬁno
2710 5498 3018 5570 presbytero
3063 5498 3192 5552 reli-

1628 5605 1777 5676 quias
1805 5613 2093 5673 martyrum
2131 5598 2306 5664 misit,
2348 5593 2565 5650 minime
2594 5591 2800 5656 dubias,
2832 5592 3034 5661 inquit,
3065 5604 3196 5659 quas

1628 5697 1696 5753 ab
1736 5691 2160 5752 OtreioArabissi
2187 5689 2437 5760 episcopo
2484 5693 2759 5755 acceperat
2784 5682 2963 5754 (Tomo
3002 5683 3193 5750 tertio).

1640 5789 1794 5846 Plura
1819 5799 2096 5860 possemus
2119 5783 2313 5840 addere
2331 5822 2348 5849 ,
2392 5779 2486 5837 sed
2514 5781 2626 5834 haec
2652 5777 2782 5834 satis
2810 5785 2951 5832 sunt.
2988 5774 3197 5832 Cultam
