3818 6400
634 384 701 439 57
1962 377 2278 437 SYNOPSIS
2315 379 2445 438 EOR
2453 382 2546 439 [ibi
3788 386 3802 440 ε

630 514 771 569 enim
815 511 899 568 ille
948 509 1281 581 reliquiarum
1324 507 1458 563 adeo
1496 502 1796 576 frequenter
1832 502 2094 572 celebrat,
2140 512 2198 558 ιιι

633 607 764 663 nihil
792 620 855 661 ea
877 604 945 659 de
974 618 1033 659 re
1056 602 1199 657 duhii
1228 599 1477 671 supersit.

703 695 813 751 Nec
839 694 1012 749 minus
1049 693 1194 747 clare
1231 690 1462 760 loquitur
1497 687 1565 744 de
1600 687 1932 742 invocatione
1958 693 2010 740 et
2039 685 2201 739 inter-

633 786 874 839 cessione
913 791 1214 836 sanctorum
1255 786 1313 834 et
1356 786 1665 850 martyrum.
1710 775 1841 831 Cum
1887 774 2199 829 Antiocheni

634 877 854 929 adversa
883 872 1184 927 valetudine
1215 871 1511 925 laborantes
1530 868 1596 923 ad
1612 867 1852 934 Judzeos,
1884 868 1970 937 qui
1999 865 2203 936 praesti-

632 967 732 1035 giis
756 964 821 1019 ad
850 963 1065 1019 morbos
1090 961 1435 1032 depellendus
1473 961 1759 1014 utebantur
1776 1001 1791 1025 ,
1818 957 2198 1028 confugerent,

632 1068 690 1110 ut
726 1070 755 1109 a
788 1054 973 1109 talibus
1014 1053 1131 1107 illos
1174 1062 1411 1116 avertat,
1461 1050 1544 1105 bis
1585 1058 1771 1104 avocat
1815 1049 1995 1104 verbis
2020 1046 2203 1120 (Tomo

634 1146 864 1217 primo):
914 1144 1137 1199 Proinde
1170 1153 1226 1198 tu
1279 1160 1498 1216 quoque,
1547 1143 1592 1196 si
1629 1143 1809 1196 videris
1857 1151 1903 1196 te
1960 1141 2127 1212 puniri
2171 1157 2204 1193 a

639 1236 746 1290 Deo
764 1278 778 1300 ,
819 1253 881 1290 ne
916 1236 1175 1306 profugias
1201 1235 1268 1288 ad
1289 1236 1396 1305 ejus
1421 1233 1648 1288 inimicos
1672 1233 1881 1287 Judwos
1898 1274 1913 1297 ,
1958 1249 2020 1286 ne
2045 1232 2204 1302 magis

635 1329 784 1383 etiam
804 1328 946 1382 illum
968 1328 1018 1381 in
1040 1338 1086 1382 te
1106 1341 1375 1397 provoces;
1398 1325 1485 1380 sed
1504 1324 1570 1378 ad
1585 1326 1772 1378 amicos
1788 1325 1924 1379 illius
1939 1333 2202 1394 martyres,

635 1431 782 1491 atque
805 1404 1037 1485 sanctos,
1063 1419 1147 1488 qui
1174 1420 1251 1473 illi
1275 1419 1589 1484 placuerunt,
1620 1417 1799 1487 quique
1824 1416 2035 1469 multum
2066 1415 2205 1485 apud

635 1513 784 1566 illum
820 1511 1001 1565 habent
1039 1511 1374 1564 auctoritatis.
1426 1509 1649 1563 Humilia
1697 1523 1827 1562 vero
1871 1508 1921 1560 in
1967 1516 2205 1560 sanctum

637 1601 899 1656 Meletium
918 1600 1098 1673 (Tomo
1138 1600 1379 1669 secundo)
1402 1618 1414 1653 :
1437 1599 1647 1653 Oremus
1675 1598 1840 1666 itaque
1867 1614 2037 1651 omnes
2056 1596 2208 1651 simul

639 1701 742 1745 tam
769 1693 1110 1762 magistratus,
1137 1708 1287 1759 quam
1322 1690 1504 1761 privati
1522 1731 1537 1755 ,
1569 1699 1672 1743 tam
1695 1690 1821 1743 servi
1844 1705 1996 1759 quam
2030 1688 2202 1755 liberi,

640 1786 834 1839 beatum
878 1784 1044 1855 ipsum
1084 1783 1339 1837 Meletium
1378 1785 1559 1836 harum
1604 1798 1805 1854 precum
1841 1784 2030 1835 socium
2071 1783 2207 1835 acci-

640 1881 850 1949 pientes.
882 1877 950 1932 Et
976 1878 1100 1931 alibi
1129 1878 1420 1932 clariSsime
1450 1875 1630 1946 (Tomo
1668 1874 1871 1947 quarto)
1899 1873 2002 1930 :ld
2044 1875 2206 1928 scien-

642 1979 714 2024 tes
734 2010 750 2035 ,
795 1969 997 2035 dilecti,
1030 1969 1376 2039 confugiamus
1401 1969 1468 2020 ad
1491 1979 1775 2021 sanctorum
1800 1984 1994 2036 preces,
2027 1976 2072 2020 et
2101 1982 2211 2020 ore-

641 2075 753 2111 mus
770 2067 822 2111 ut
849 2075 941 2128 pro
967 2058 1106 2112 nobis
1126 2058 1451 2112 intercedant.
1485 2057 1588 2113 Sed
1625 2075 1723 2111 non
1761 2058 1965 2111 illorum
1987 2056 2210 2126 precibus

644 2158 835 2203 tantum
886 2150 1227 2217 conﬁdamus,
1259 2151 1347 2203 sed
1397 2160 1442 2203 et
1498 2151 1595 2220 ipsi
1637 2160 1843 2214 nostra,
1873 2160 1927 2204 ut
1981 2159 2203 2221 oportet,

641 2240 983 2310 dispensemus
1016 2251 1171 2305 recte,
1215 2248 1259 2295 et
1283 2240 1351 2295 ad
1378 2241 1585 2295 meliora
1611 2242 1827 2295 converti
1871 2242 2090 2294 nitamur
2109 2282 2123 2305 ,
2156 2250 2213 2293 ut

602 2343 612 2354 ·
644 2330 806 2386 locum
832 2331 1005 2387 demus
1028 2334 1261 2397 orationi,
1288 2351 1398 2405 qua:
1425 2351 1517 2403 pro
1540 2335 1679 2387 nobis
1701 2334 1950 2405 funditur.
1972 2336 2083 2389 Alia
2109 2350 2211 2389 non

644 2435 810 2490 pauca
848 2423 1159 2491 proferenda
1202 2432 1573 2495 suppeterent;
1615 2424 1708 2479 sed
1755 2425 1808 2479 in
1837 2440 1896 2480 re
1919 2425 2213 2480 certissima

646 2526 750 2566 non
773 2521 852 2566 est
871 2510 1065 2567 diutius
1087 2514 1494 2569 imtnorandum.

718 2603 970 2659 Ecclesia
1007 2605 1186 2659 multze
1230 2606 1317 2660 illo
1355 2621 1468 2661 :evo
1506 2606 1754 2679 martyria
1794 2605 2210 2676 appellabantur.

643 2694 947 2766 Martyrium
970 2712 1093 2751 vero
1116 2698 1265 2752 initio
1284 2698 1558 2752 ecclesiam
1582 2708 1868 2770 martyrum
1891 2699 2215 2766 significasse

646 2783 853 2839 videtur
867 2802 881 2849 ;
904 2801 966 2840 ac
987 2802 1201 2857 semper
1220 2786 1548 2857 frequentius
1564 2803 1659 2858 pro
1675 2790 1898 2843 ecclesia
1921 2798 2212 2859 martyrum

645 2875 937 2945 accipitur,
987 2878 1079 2933 sed
1130 2894 1225 2943 pro
1276 2879 1394 2934 aliis
1441 2881 1600 2934 etiam
1656 2881 1894 2935 ecclesiis
1949 2894 2211 2935 nonnum-

646 2983 802 3037 quam
829 2969 1105 3024 adhibetur
1125 2968 1306 3041 (Tomo
1324 2972 1560 3025 secundo.
1601 2969 1723 3026 Vide
1746 2983 1915 3024 notam
1937 2982 1982 3025 et
2004 2970 2214 3026 Glossa—

646 3061 776 3113 rium
821 3060 997 3133 Cangii
1046 3062 1533 3133 (ﬁrmo-Latinum).
1585 3064 1678 3120 ιιιο
1721 3073 1896 3119 autem
1942 3079 2056 3119 αενο
2105 3076 2213 3118 tum

647 3151 890 3207 ecclesiis
910 3192 926 3218 ,
959 3164 1068 3207 tum
1111 3155 1377 3226 martyriis
1424 3170 1644 3225 magnus
1672 3155 2019 3211 exhibebatur
2050 3156 2216 3209 honor

647 3251 702 3297 et
737 3244 1051 3297 reverentia.
1094 3245 1223 3299 Cum
1272 3246 1323 3299 in
1358 3247 1639 3301 ecclesiam
1687 3247 1982 3312 intrarent,
2029 3260 2216 3300 manus

646 3332 966 3399 abluebant,
1018 3336 1248 3404 itemque
1296 3346 1577 3406 antequam
1629 3347 1969 3405 precarentur
2018 3335 2215 3407 (Tomo

646 3422 840 3494 octavo)
871 3441 883 3476 :
912 3424 1338 3490 Quemadmodum
1372 3428 1524 3493 enim,
1573 3428 1772 3498 inquit,
1802 3430 2004 3484 solenne
2038 3441 2109 3483 est
2160 3439 2217 3483 ut

645 3519 810 3586 fontes
855 3528 1037 3586 praesto
1070 3519 1169 3572 sint
1206 3529 1321 3573 ante
1364 3520 1616 3587 oratoria,
1649 3529 1704 3573 ut
1755 3521 2017 3575 adoraturi
2053 3521 2214 3576 Deum

646 3622 826 3660 manus
864 3608 1002 3676 prius
1032 3606 1159 3663 latas
1188 3609 1317 3663 inter
1330 3611 1645 3676 precandum
1668 3611 1901 3666 attollant
1927 3628 1947 3666 :
1970 3613 2041 3665 ita
2087 3630 2216 3683 pau-

645 3711 788 3766 peres
840 3698 1054 3767 fontium
1090 3699 1193 3751 vice
1239 3710 1354 3753 ante
1401 3703 1534 3772 fores
1588 3701 1954 3755 collocaverunt
2002 3705 2216 3773 majores

646 3788 834 3853 nostri;
867 3798 921 3840 ut
959 3789 1377 3858 quemadmodum
1424 3808 1601 3845 manus
1655 3790 1909 3847 abluimus
1948 3810 2111 3866 aqua,
2143 3795 2215 3848 sic

606 3914 609 3915 ν
656 3878 796 3947 prius
835 3896 925 3949 per
966 3879 1338 3949 beneﬁcentiam
1374 3883 1596 3937 abstersa
1628 3884 1818 3951 anima,
1871 3893 1978 3937 tum
2016 3883 2214 3938 demum

646 3985 817 4038 preces
882 3979 1078 4024 nostras
1131 3968 1422 4037 offeramus.
1471 3972 1528 4028 In
1572 3989 1721 4027 more
1756 3983 1870 4028 erat
1920 3973 2116 4040 etiam,
2159 3982 2216 4029 ut

645 4059 735 4129 qui
765 4060 817 4114 in
861 4062 1139 4116 ecclesiam
1184 4064 1440 4118 intrarent
1482 4064 1596 4133 ejus
1620 4066 1875 4120 vestibula
1906 4067 2213 4121 oscularen-

648 4161 750 4203 tur.
794 4152 933 4206 Intra
976 4153 1253 4209 ecclesiam
1297 4171 1423 4210 vero
1461 4157 1711 4211 mulieres
1738 4156 1926 4212 tabulis
1956 4158 2142 4227 ligneis
2184 4175 2213 4213 a

648 4242 777 4296 viris
815 4244 1498 4315 sequestrabauturzquam
1538 4244 1650 4300 rem
1697 4261 1725 4300 a
1776 4248 2063 4317 majoribus
2086 4265 2215 4304 con-

644 4335 879 4388 stitutam
928 4336 996 4389 ita
1043 4335 1241 4406 profert
1269 4337 1881 4409 Chrysostomus(Tonto
1932 4341 2209 4412 septimo):

647 4426 910 4499 Oporteret
932 4431 1099 4501 utique
1130 4431 1263 4486 intus
1289 4449 1393 4486 esse
1430 4448 1631 4485 murum
1666 4432 1752 4502 qui
1792 4448 1876 4486 vos
1904 4451 1935 4485 a
1989 4432 2214 4486 mulieri-

644 4518 737 4573 bus
762 4523 1255 4591 sequestraret:quia
1296 4538 1409 4575 vero
1450 4522 1505 4574 id
1547 4537 1649 4575 non
1693 4523 2249 4588 vultis,necessarium'

642 4627 747 4664 esse
790 4622 1030 4681 putarunt
1079 4623 1244 4682 patres
1290 4614 1467 4680 nostri,
1486 4624 1539 4667 ut
1586 4615 1762 4668 saltent
1805 4615 1983 4685 ligneis
2028 4615 2211 4671 tabulis

643 4719 725 4756 vos
745 4721 1106 4774 separaremus.
1142 4704 1208 4760 Ut
1234 4725 1267 4760 a
1308 4708 1582 4761 senioribus
1622 4724 1711 4778 ego
1745 4710 1939 4775 audivi,
1984 4711 2123 4763 initio
2157 4710 2211 4763 lii

645 4798 854 4865 parietes
880 4813 979 4850 non
1006 4800 1161 4867 fuere.
1854 4842 1863 4850 ,η

711 4887 845 4941 Rem
880 4887 1198 4958 singularem
1242 4888 1394 4944 docet
1419 4891 1826 4962 Chrysostomus
1853 4893 1990 4963 quod
2019 4910 2208 4962 nempe

643 4981 693 5033 in
722 4981 986 5051 mysteriis
1005 4979 1288 5036 Christiani
1303 4974 1615 5037 Antiochcni
1637 4998 1694 5038 se
1715 4995 1895 5037 mutuo
1919 4986 2207 5055 amplecte-

548 5096 557 5104 ο
642 5084 824 5129 rentur
853 5074 1031 5145 (Tomo
1085 5079 1309 5147 octavo);
1340 5087 1397 5131 ut
1448 5078 1596 5132 multi
1643 5095 1802 5132 unum
1848 5079 2203 5147 efficerentur,

638 5175 797 5234 atque
835 5182 1143 5223 communes
1171 5184 1355 5238 preces
1384 5169 1664 5225 funderent
1694 5186 1789 5241 pro
1816 5189 1920 5226 non
1949 5173 2164 5227 initiatis
2186 5215 2202 5239 ,

640 5270 735 5325 pro
759 5256 998 5324 infirmis,
1024 5274 1118 5327 pro
1142 5261 1284 5315 orbis
1304 5259 1584 5328 fructibus,
1615 5278 1711 5332 pro
1734 5273 1893 5330 terra,
1922 5279 2017 5334 pro
2049 5265 2200 5318 mari.

638 5345 835 5406 Morem
872 5358 1045 5403 autem
1093 5358 1360 5414 veterem;
1407 5367 1560 5422 quem
1607 5353 1902 5408 mirabilem
1952 5354 2099 5420 dicit,
2152 5354 2203 5408 in

638 5439 1199 5497 memoriamrevocat
1244 5442 1426 5513 (Tomo
1457 5445 1620 5514 tertio)
1654 5446 1858 5500 :Coacti
1893 5457 2088 5508 autem,
2125 5447 2204 5499 in-

634 5532 765 5602 quit,
795 5542 914 5586 tunc
939 5534 1113 5603 ﬁdeles
1138 5551 1307 5590 omnes
1348 5545 1459 5605 post
1495 5537 1720 5590 auditam
1757 5538 2056 5603 doctrinam,
2095 5546 2204 5606 post

633 5625 918 5694 orationes,
972 5636 1082 5697 post
1127 5629 1473 5698 mysteriorum
1519 5629 1987 5700 participationem,
2037 5628 2202 5682 soluta

634 5720 845 5790 sgnaxi,
883 5735 984 5774 non
1013 5721 1183 5775 statim
1207 5721 1409 5774 domum
1436 5720 1801 5786 concedebant;
1838 5722 1924 5775 sed
1953 5721 2128 5775 divites
2154 5729 2202 5774 et

632 5813 997 5879 opulentiores,
1037 5813 1273 5867 alimenta
1304 5822 1351 5867 et
1381 5813 1577 5883 fercula
1615 5830 1642 5867 e
1677 5813 1903 5867 domibus
1937 5813 2041 5867 suis
2067 5812 2197 5879 aﬂ'e-

2302 514 2465 558 rentes
2485 546 2499 568 ,
2532 518 2775 575 pauperes
2802 500 3129 563 advocabant,
3158 498 3500 570 communique
3522 499 3677 552 simul
3700 517 3798 554 mea

2304 596 2626 665 fruebantur,
2660 592 3000 647 communibus
3038 592 3200 661 epulis
3236 599 3381 661 atque
3415 591 3649 645 conviviis
3677 593 3726 646 in
3754 611 3801 654 ιο

2304 688 2530 742 ecclesia.
2560 687 2646 742 Ait
2676 701 2833 757 porro
2863 685 3199 765 celebritates
3242 684 3356 738 illas
3397 682 3452 738 in
3500 681 3725 739 meridie
3749 686 3802 755 pl.

2305 794 2530 850 rumque
2554 779 2707 834 solvi.

2379 871 2452 925 De
2482 871 2759 941 praecipuis
2788 884 2882 941 per
2908 884 3102 923 annum
3150 867 3337 925 diebus
3374 866 3519 923 festis
3560 883 3668 922 non
3708 884 3802 922 sem

2305 964 2416 1033 agit
2450 962 2638 1017 doctor
2682 973 2879 1016 noster.
2931 962 3003 1016 De
3045 961 3201 1016 natali
3246 976 3370 1014 vero
3410 959 3497 1014 die
3533 959 3729 1012 Christi
3759 959 3801 1012 h:

2307 1065 2487 1109 narrat
2534 1054 2586 1108 in
2639 1054 2893 1108 concione
2940 1068 3094 1122 quam
3146 1051 3327 1107 habuit
3377 1064 3517 1104 anno
3563 1049 3802 1104 386:illa

2307 1161 2498 1214 nempe
2523 1145 2891 1200 solennitatem
2936 1159 3103 1213 nuper
3130 1158 3191 1196 ac
3218 1141 3446 1195 nondum
3471 1140 3674 1209 elapsis
3692 1140 3802 1194 decc

2309 1237 2463 1290 anuis
2490 1235 2556 1288 ab
2582 1235 2886 1298 Occidente,
2918 1235 3004 1287 ubi
3032 1234 3098 1287 ab
3128 1232 3347 1287 exordio
3375 1232 3641 1286 celebrata
3676 1232 3802 1284 fuera

2309 1326 2642 1381 Antiochiam
2695 1327 2904 1381 allatam
2959 1325 3120 1381 fuisse
3169 1324 3366 1390 (Tomo
3416 1322 3700 1392 secundo).
3740 1322 3801 1389 Qu

2308 1434 2435 1473 vero
2482 1418 2691 1488 plurimi
2717 1418 2856 1473 diem
2896 1416 3085 1472 festum
3132 1415 3429 1485 huiusmodi
3473 1415 3621 1485 quasi
3681 1431 3802 1468 novu

2309 1524 2373 1565 ac
2423 1526 2590 1580 nuper
2633 1510 2901 1564 inductum
2931 1507 3311 1571 detrectabant,
3332 1508 3509 1562 multis
3552 1521 3802 1576 argumen

2310 1601 2497 1671 prohat
2538 1601 2625 1655 ille
2672 1601 2900 1655 natalem
2928 1599 3124 1653 Christi
3177 1600 3229 1653 in
3277 1599 3579 1667 vigesimam
3640 1597 3802 1667 quint:

2310 1690 2614 1745 Decembris
2640 1690 2889 1745 incidere.
2913 1689 3130 1745 Veteres
3157 1701 3331 1744 tamen
3352 1687 3583 1758 Egyptii
3611 1697 3671 1742 et
3692 1687 3802 1742 Orie

2312 1784 2447 1837 tales
2474 1798 2690 1847 omnes,
2724 1793 2780 1837 ut
2808 1797 3031 1838 concors
3072 1783 3306 1838 omnium
3359 1780 3619 1836 sententia
3669 1789 3782 1843 est,

2309 1873 2420 1927 mul
2452 1873 2758 1942 Epiphaniae
2787 1871 3087 1942 Natalisque
3113 1871 3320 1927 Domini
3350 1870 3537 1925 festum
3580 1870 3676 1925 die
3723 1884 3802 1923 se)

2310 1962 2543 2018 Januarii
2571 1963 2937 2018 celebrabant:
2961 1971 3015 2016 at
3042 1964 3180 2018 circa
3222 1961 3451 2017 medium
3495 1961 3680 2015 saeculi
3706 1975 3801 2027 qua

2313 2055 2515 2109 invecta
2532 2053 2744 2110 easdem
2766 2054 2819 2108 in
2842 2054 3078 2124 regiones
3094 2052 3419 2108 consuetudo
3438 2051 3534 2106 fuit
3553 2062 3610 2106 ut
3630 2053 3802 2120 vigesii

2312 2150 2490 2219 quinta
2520 2146 2822 2202 Decembris
2850 2145 3076 2199 natalem
3121 2144 3262 2200 diem
3303 2144 3661 2199 celebrarent.
3696 2143 3802 2196 Ven

2315 2242 2539 2312 priscam
2566 2240 2709 2294 illam
2743 2239 3175 2293 consuetudinem
3201 2236 3267 2291 ad
3296 2245 3504 2291 mtatem
3536 2250 3710 2304 usque
3737 2248 3802 2287 su:

2316 2331 2368 2385 in
2397 2331 2630 2386 Ecclesia
2659 2330 3098 2402 Jerosolymitana
3119 2329 3355 2383 obtinere
3384 2327 3532 2380 testis
3555 2337 3641 2380 est
3668 2323 3802 2380 Cosa

2314 2424 2627 2495 Egyptius,
2677 2438 2833 2493 quem
2874 2422 3134 2475 edidimus
3170 2436 3310 2474 anno
3355 2416 3802 2486 i706:idipsumt

2314 2515 2591 2571 confirmat
2624 2514 2853 2570 Joannes
2882 2512 3156 2576 Nicmnus,
3188 2510 3316 2566 dum
3356 2510 3426 2564 ait
3455 2523 3802 2563 asseverare.

2315 2608 2757 2678 rosolymitanos,
2802 2606 3057 2661 Jacohum
3102 2604 3319 2659 fratrem
3368 2602 3604 2667 Domini,
3662 2602 3798 2672 prim

2315 2698 2765 2770 Jerosolymorum
2791 2698 3094 2766 episcopum
3118 2736 3134 2760 ,
3172 2694 3240 2750 ad
3269 2694 3494 2749 natalem
3521 2692 3726 2747 Christi
3754 2706 3802 2747 Ct

2318 2790 2573 2845 brandam
2599 2790 2833 2844 Januarii
2864 2799 3069 2844 sextum
3100 2787 3240 2843 diem
3269 2786 3643 2857 assignavisse.

2390 2881 2582 2936 Verum
2626 2881 2717 2935 diu
2757 2891 2880 2935 ante
2922 2880 2972 2933 in
3016 2880 3397 2934 Antiochenam
3454 2876 3758 2931 Ecclesiam

2316 2980 2497 3025 vectus
2526 2970 2696 3025 fuerat
2722 2971 2852 3024 ritus
2880 2968 3181 3025 celebrandi
3225 2968 3451 3023 natalem
3479 2966 3684 3023 Christi
3713 2968 3802 3022 die

2318 3063 2641 3118 Decembris.
2670 3062 2756 3116 Ait
2780 3062 2923 3117 enim
2952 3061 3040 3116 ille
3066 3060 3287 3115 llomilia
3315 3061 3366 3114 in
3394 3060 3451 3115 S.
3479 3059 3802 3131 Pbilogoniu

2318 3153 2500 3227 (Tomo
2529 3152 2716 3226 primo)
2743 3172 2755 3207 :
2779 3152 2944 3207 Instat
2979 3154 3108 3208 enim
3141 3158 3342 3222 festum,
3378 3151 3605 3205 omnium
3651 3152 3802 3221 [estet

2317 3246 2533 3299 maxime
2572 3244 2908 3298 venerandum
2952 3253 3099 3312 atque
3141 3242 3493 3297 tremendum:
3513 3243 3657 3314 quod
3703 3244 3751 3295 si
3786 3259 3800 3293 ι

2316 3338 2533 3410 appellet
2566 3338 2791 3391 omnium
2839 3341 3078 3408 festorum
3124 3334 3454 3405 metropolin,
3498 3334 3800 3404 haudquaqi

2315 3429 2526 3484 aberret.
2553 3429 2821 3493 Quodnam
2848 3437 3012 3481 autem
3041 3428 3136 3480 hoc
3161 3428 3269 3481 est?
3292 3424 3476 3480 Christi
3505 3426 3559 3478 in
3588 3442 3756 3478 carne
3787 3424 3800 3478 ι

2318 3522 2450 3575 talis.
2472 3520 2543 3574 Ab
2566 3520 2658 3573 hoc
2676 3528 2844 3573 autem
2873 3520 3051 3589 festum
3084 3516 3482 3589 Epiphaniorum
3508 3515 3585 3588 uel
3606 3513 3799 3584 Theop

2318 3613 2539 3675 nierum,
2571 3626 2771 3664 sacrum
2800 3607 3002 3663 Pascha
3021 3649 3036 3671 ,
3064 3608 3298 3662 Ascensio
3346 3616 3393 3661 et
3419 3605 3723 3661 Pentecoste
3748 3623 3800 3660 οι

2317 3720 2429 3757 nem
2472 3719 2533 3757 ac
2578 3702 2959 3773 fundamentum
3003 3701 3211 3753 ducunt.
3262 3698 3382 3754 Nisi
3425 3700 3559 3752 enim
3608 3714 3800 3753 secum

2314 3811 2515 3849 carnem
2536 3803 2683 3845 natus
2709 3802 2832 3846 esset
2853 3790 3100 3855 Christus,
3122 3807 3222 3844 non
3242 3789 3518 3859 baptizatus
3538 3790 3767 3861 fuisset;
3788 3806 3800 3841 ι

2314 3887 2370 3941 id
2392 3891 2574 3958 festum
2599 3882 3041 3955 TheOphaniorum
3066 3893 3135 3937 est
3154 3898 3173 3937 :
3194 3898 3503 3953 nequaquam
3527 3882 3714 3953 fuisset
3739 3899 3798 3935 cr

2315 3979 2479 4047 fixus,
2518 3977 2653 4048 quod
2690 3988 2761 4031 est
2786 3976 2967 4041 festum
2991 3974 3203 4029 Pascha:
3226 3989 3245 4028 :
3266 3989 3367 4027 non
3394 3974 3606 4027 misisset
3636 3973 3798 4043 Spiri

2314 4079 2560 4133 sanctum,
2591 4068 2727 4138 quod
2747 4077 2817 4121 est
2838 4066 3019 4137 festum
3040 4065 3374 4120 Pentecostes.

2385 4159 2511 4215 Post
2546 4159 2783 4214 Natalem
2846 4174 2972 4228 ergo
3020 4158 3212 4212 Christi
3255 4158 3371 4211 dies
3410 4154 3773 4226 Epiphaniae,

2313 4251 2775 4320 Theophaniorum
2824 4250 2980 4320 (nam
3029 4259 3253 4317 utroque
3296 4248 3507 4301 nomine
3556 4247 3798 4316 appellat

2314 4361 2506 4415 magno
2551 4344 2690 4398 Cltllll
2736 4341 2995 4397 celebrari
3038 4341 3260 4396 solebat.
3292 4338 3385 4395 Illo
3425 4339 3511 4393 die
3554 4338 3798 4407 baptism

2312 4438 2507 4493 Christi
2537 4451 2747 4507 quoque
2774 4434 2963 4490 festqu
2997 4433 3275 4501 agebatur,
3321 4440 3373 4486 et
3400 4430 3464 4485 ad
3504 4433 3790 4501 mysterio

2313 4531 2761 4601 participationem
2780 4527 3168 4582 advocabuntur
3194 4524 3375 4579 fideles
3395 4537 3580 4578 omnes
3604 4522 3709 4593 (Τ.
3747 4541 3796 4577 ιιι

2310 4624 2440 4677 cimo
2468 4622 2508 4692 ).
2538 4621 2614 4675 De
2642 4618 2911 4674 Paschalis
2941 4617 3074 4671 festo
3099 4618 3337 4687 quaedam
3368 4629 3522 4683 supra
3551 4614 3697 4668 dicit
3726 4615 3796 4670 CI

2312 4722 2577 4777 sostomus
2606 4726 2723 4781 qua:
2753 4709 3103 4779 explicatione
3131 4721 3263 4776 opus
3290 4706 3480 4760 habent
3502 4704 3590 4759 :Si
3616 4704 3796 4762 Chris

2309 4807 2497 4875 inquit,
2528 4806 2815 4859 Secundum
2841 4819 3053 4858 carnem
3084 4810 3235 4855 natus
3260 4815 3364 4854 non
3383 4809 3543 4866 esset,
3567 4815 3687 4853 non
3716 4800 3796 4855 fui

2308 4901 2608 4962 crucifixus,
2637 4898 2778 4968 quod
2799 4905 2881 4950 est
2901 4894 3118 4949 Pascha.
3141 4894 3301 4961 Queis
3322 4891 3621 4961 significare
3654 4892 3796 4947 vide

2308 4990 2575 5045 Christum
2629 4991 2679 5043 in
2729 4989 2814 5043 die
2867 4987 3137 5043 Paschalis
3184 4984 3489 5039 cruciﬁxum
3542 4981 3757 5037 fuisse.

2308 5083 2694 5139 observandum
2729 5080 2853 5135 illud
2884 5088 2967 5134 est
2990 5122 3005 5139 ,
3037 5078 3175 5148 quod
3206 5080 3256 5130 in
3285 5074 3508 5129 secunda
3533 5084 3701 5143 parte
3734 5092 3794 5129 οι

2308 5179 2433 5229 tomi
2464 5175 2693 5229 diximus
2719 5174 2769 5226 in
2799 5172 2991 5226 hinnitu
3036 5170 3101 5223 ad
3141 5181 3438 5222 sermonem
3469 5165 3535 5218 de
3585 5165 3793 5221 Pasch:

2306 5280 2459 5335 quem
2485 5265 2619 5319 inter
2638 5264 2811 5334 spuria
2832 5263 3119 5316 locavimus
3145 5259 3323 5329 (Tomo
3343 5257 3605 5319 octavo,in
3632 5258 3794 5329 Spw

2305 5357 2545 5428 Scriptor
2567 5360 2706 5413 enim
2739 5357 2828 5411 ille
2857 5357 3064 5410 videtur
3087 5355 3303 5407 omnino
3327 5352 3665 5419 distinguere
3698 5355 3787 5407 Pa

2304 5465 2332 5502 a
2368 5450 2631 5503 Dominiea
2658 5446 3101 5502 Resurrectiouis.
3142 5443 3324 5514 Neque
3351 5441 3508 5495 modo
3533 5442 3591 5495 in
3618 5442 3794 5499 Orici

2303 5544 2395 5596 sed
2450 5540 2704 5595 etiamin
2770 5539 3055 5594 Occidente
3121 5538 3274 5591 talem
3345 5534 3504 5588 fuisse
3575 5533 3794 5591 distint

2304 5649 2424 5688 nem
2473 5633 2846 5703 comperimus.
2874 5630 3157 5700 Gregorius
3207 5627 3348 5683 enim
3392 5622 3792 5696 Turonenéis,

2302 5722 2477 5778 dinem
2524 5740 2553 5778 a
2593 5724 2855 5793 Perpetuo
2891 5732 3228 5777 antecessore
3281 5731 3380 5772 suo
3427 5726 3709 5772 statutum
3776 5740 3792 5777 ι

2303 5830 2447 5883 rens,
2490 5816 2949 5870 Resurrectionem
2999 5812 3211 5869 Domini
3263 5808 3412 5880 prius
3457 5823 3618 5877 quam
3693 5811 3791 5868 Pa
