3864 6400
43 358 82 409 59
668 361 833 431 QUAS
871 361 938 417 IN
973 363 1308 420 OPEBIBUS
1342 360 1817 419 CHRYSOSTOMI
1850 363 2367 424 OBSERVANTUR.
3072 361 3141 414 60

43 480 252 536 delatam
272 474 479 530 exhibet
500 471 602 528 hoc
629 482 783 543 pacto
805 471 988 545 (σι-ες.
1015 471 1207 527 Turon.
1236 489 1289 543 p.
1318 472 1477 541 531):

77 568 181 622 Sesto
206 565 431 620 Calendas
466 564 655 633 Aprilis
685 564 1061 618 Resurrectione
1090 562 1298 617 Domini
1323 564 1483 617 nostri

43 665 107 717 lea
124 660 284 723 Christi,
311 658 376 710 ad
395 655 665 711 Basilicam
688 654 875 710 Domni
902 654 1133 710 Martini.

79 751 233 813 Pacta,
257 750 303 803 in
331 748 569 802 Ecclesia.

78 844 139 897 Di:
156 840 430 895 Ascatsionis
456 841 506 892 in
535 836 756 891 Basilica
779 835 965 891 Domni
991 835 1216 891 Martini.

80 937 139 992 Ubi
166 942 287 987 notat
325 930 622 985 lluinartius
665 927 1112 983 nosterzFestum
1153 926 1418 982 Paschatis
1453 944 1487 981 a

43 1032 113 1097 ista
129 1022 469 1079 Resanectionis
492 1020 817 1090 distinguitur
844 1020 898 1073 in
925 1018 1274 1073 vetustioribus
1295 1016 1489 1073 Kalen-

43 1118 145 1177 tciis,
158 1116 222 1166 sbi
238 1112 618 1167 Resurrectionis
634 1112 816 1179 festum
840 1109 921 1163 die
936 1109 1005 1164 27
1029 1109 1203 1164 Martii
1218 1108 1488 1171 recolitur;

43 1206 167 1259 Paulis
190 1214 347 1267 nsunt,
387 1211 441 1255 ut
475 1217 647 1254 omnes
675 1208 892 1265 norunt,
938 1215 1029 1269 pro
1075 1198 1314 1254 uarietate
1355 1198 1490 1253 Iunce

43 1313 160 1364 Impar
188 1294 459 1346 celebratum
498 1292 550 1345 in
595 1289 822 1344 Ecclesia
865 1291 978 1362 fuit.
1025 1290 1106 1344 An
1151 1289 1276 1359 quid
1316 1289 1490 1345 simile

43 1398 193 1454 tmpore
230 1383 577 1455 Chrysostomi
616 1384 955 1436 observatum
1000 1382 1293 1437 Antiochiae
1338 1380 1492 1435 fuerit

44 1479 174 1529 trienni
204 1475 392 1528 eruditi.
442 1474 591 1529 Diem
643 1487 769 1525 vero
821 1472 1049 1526 natalem
1096 1471 1293 1526 Christi
1341 1479 1492 1524 vocat

45 1584 137 1638 inpr:
168 1567 541 1637 Chrysostomus
585 1564 900 1634 metropolin
945 1565 1195 1619 festorum
1229 1581 1242 1618 :
1273 1565 1325 1618 in
1376 1565 1492 1618 loco

46 1662 137 1710 nam
173 1672 304 1725 supra
346 1666 638 1711 memorato
684 1655 1036 1710 Pcuteeosten
1087 1670 1295 1724 quoque
1340 1660 1494 1709 vocat

50 1749 259 1817 mropoliu
301 1746 552 1802 festorum
583 1762 597 1799 :
629 1746 723 1800 sed
777 1747 896 1801 talis
949 1746 1231 1816 appellatio
1286 1745 1494 1815 utrique

49 1851 245 1908 nepetae
263 1848 443 1909 potest,
466 1840 589 1909 quia
612 1837 733 1893 dies
761 1838 948 1892 natalis
970 1847 1051 1892 est
1076 1837 1493 1902 fundamentum,

48 1934 254 1988 Patrensis
278 1949 395 1987 vero
417 1934 861 2003 complementum
891 1930 1163 1987 festorum.

89 2025 340 2080 llediaconis
380 2025 525 2095 loqui
573 2024 819 2088 videtur,
869 2024 1077 2093 quando
1116 2023 1243 2078 dicit
1287 2023 1496 2077 illorum

46 2116 190 2168 «ﬁdem
210 2131 325 2179 esse,
352 2125 408 2169 ut
435 2116 705 2184 improbos
729 2123 783 2169 et
808 2104 979 2184 palum
1008 2114 1262 2169 scelestos
1286 2122 1499 2169 arceant

45 2209 385 2278 sputicipatione
425 2209 670 2278 corporis
712 2216 766 2262 et
800 2209 1068 2278 sanguinis
1100 2207 1292 2261 Christi
1320 2205 1498 2277 (Tomo

46 2301 478 2371 nptiae).Addilqtte
523 2301 643 2355 illos
684 2300 860 2354 tunica
927 2300 1043 2355 alba
1091 2309 1146 2354 et.
1193 2299 1501 2369 splendente

49 2394 184 2445 auium
203 2392 246 2445 in
269 2392 488 2447 ecclesia
511 2391 755 2446 circuire.
786 2390 987 2446 Ctetera
1012 2405 1131 2460 qua:
1158 2391 1222 2445 ad
1250 2390 1500 2445 diaconos

51 2483 253 2548 :ptt’taliant
273 2499 382 2537 mox
409 2481 738 2548 adferemus,
772 2482 860 2537 ubi
888 2481 956 2536 de
980 2481 1235 2552 Liturgia.

90 2575 379 2631 Calechumeni
444 2576 537 2647 qui
613 2574 874 2646 Mysteriis
929 2574 1265 2629 initiabuntur
1296 2574 1315 2645 (
1343 2573 1502 2628 Tomo

52 2667 207 2729 noun
228 2668 429 2737 mystica
457 2667 764 2736 precatione
794 2666 907 2719 htec
929 2679 1099 2734 prnno
1125 2665 1282 2719 verba
1325 2665 1502 2735 profe-

54 2760 186 2811 rebant:
208 2758 265 2813 ln
287 2776 375 2829 quo
394 2760 673 2813 clamamus
690 2798 707 2825 ,
742 2759 882 2812 Abba
915 2767 1055 2829 pater
1081 2755 1261 2827 (Tomo
1289 2756 1502 2825 octauo).

52 2847 126 2899 Cui
144 2850 435 2906 initiabantur
451 2860 656 2916 autem,
681 2851 799 2905 haec
826 2842 977 2918 pacta
1000 2865 1119 2905 eum
1146 2849 1507 2904 sacerdotibus

56 2938 199 2993 initum:
223 2940 412 2996 Satanae
434 2950 495 2997 et
519 2941 719 3012 angelis
751 2940 865 3009 ejus
891 2939 1349 3006 abrenuntiabant,
1380 2955 1509 3009 pro-

56 3028 324 3099 mittehantque
346 3048 403 3086 se
437 3031 507 3084 ad
551 3031 671 3085 illos
710 3046 994 3099 numquam
1023 3045 1142 3085 esse
1180 3028 1502 3084 deﬂexuros.

53 3118 281 3190 Qﬁpropler
301 3124 545 3178 mulieres
572 3131 626 3179 et
655 3123 874 3192 parvuli,
910 3132 964 3176 ut
989 3133 1172 3176 contra
1201 3122 1398 3177 diaboli
1426 3122 1508 3176 in-

55 3210 149 3263 silias
168 3214 208 3266 in
228 3223 323 3267 tuto
343 3224 524 3270 essent
540 3255 554 3276 ,
592 3213 858 3283 evangelia
884 3229 915 3266 e
939 3213 1076 3268 collo
1097 3212 1504 3282 suSpendebant,

57 3309 147 3366 ablue
165 3304 214 3356 ad
239 3305 475 3375 majorem
507 3304 802 3359 custodiam
829 3304 1023 3375 ubique
1045 3303 1507 3361 circumferebant.

60 3390 165 3455 (Tm
183 3399 415 3468 secundo).

99 3485 235 3546 Rarus
260 3495 384 3547 natis
410 3495 593 3565 pueris
629 3494 696 3548 ad
733 3493 937 3549 libitum
981 3504 1253 3565 parentum
1301 3492 1511 3549 nomina

63 3577 395 3645 intentabantur:
443 3586 660 3661 quidam
691 3595 1028 3654 sanctorum,
1072 3587 1161 3641 alii
1198 3602 1415 3641 avorum
1459 3595 1513 3640 et

66 3682 272 3734 initurum
310 3679 522 3732 nomina
553 3676 836 3741 indebant,
869 3679 951 3733 vel
993 3694 1176 3733 eorum
1204 3678 1291 3749 qui
1320 3691 1513 3748 genere

64 3760 133 3813 ὠή
163 3762 330 3822 lueraut
367 3768 566 3842 (Tomo
614 3766 838 3840 quarto).
887 3768 1085 3824 Verum
1132 3768 1370 3822 hortatur
1398 3771 1513 3822 An-

67 3850 238 3912 l'ntltenos
290 3860 729 3934 Cbrysostomtts,
779 3871 835 3915 ut
890 3868 1192 3917 sanctorum
1255 3860 1345 3931 qui
1404 3861 1513 3916 vir-

71 3948 183 4002 lﬂibus
216 3953 453 4009 fulserunt
495 3954 617 4009 liltis
661 3953 873 4009 nomina
914 3954 1164 4008 tribuant.
1204 3952 1336 4009 Illud
1384 3969 1514 4009 vero

69 4032 178 4091 ίδξιιιιη
209 4042 605 4114 deprehenditur
641 4045 692 4099 in
729 4045 980 4099 Encomio
1017 4044 1074 4099 S.
1103 4044 1326 4111 Meletii,
1367 4054 1515 4099 ante-

66 4137 153 4191 Ψει
180 4131 259 4187 hoc
290 4137 564 4191 consilium
614 4136 828 4191 daretur
867 4135 1064 4208 (Tomo
1092 4137 1348 4209 secundo).
1380 4136 1517 4189 Nam

67 4230 129 4267 επ
158 4227 272 4295 CRM
298 4226 591 4298 Meletium)
622 4244 655 4281 a
704 4228 948 4297 principio
968 4269 983 4293 ,
1011 4226 1211 4297 inquit,
1248 4227 1301 4280 in
1349 4226 1520 4281 civita-

70 4316 121 4360 ια
151 4317 377 4385 ingressum
423 4321 761 4391 accepissetis,
800 4320 1135 4390 unusquisque
1176 4320 1339 4387 ﬁlium
1374 4334 1516 4373 suum

70 4414 129 4463 tiu
151 4412 304 4465 nomine
325 4413 645 4484 appellabat,
688 4429 778 4484 per
813 4414 1195 4483 appellationem
1233 4412 1519 4466 existimans

70 4495 136 4545 κίε
148 4498 302 4554 domum
319 4522 457 4558 suam
475 4513 701 4558 sanctum
726 4505 1058 4564 introducere.
1081 4504 1336 4573 missisque
1357 4504 1518 4573 patri-

73 4582 265 4646 hmtiset
286 4600 500 4665 proavis,
527 4609 709 4652 matres
733 4599 862 4651 beati
886 4597 1079 4652 Meletii
1102 4614 1279 4652 nomen
1298 4597 1522 4669 impone-

72 4672 133 4727 ιω
150 4682 301 4752 liberis,
326 4706 445 4760 quos
472 4700 787 4760 pepererant.

113 4770 177 4825 “es
198 4790 291 4832 erat
317 4784 626 4848 Antiochiae,
652 4792 708 4836 ut
730 4782 1094 4837 adolescentes
1118 4781 1182 4834 ad
1205 4780 1520 4835 monasteria

75 4872 315 4935 faterentur,
344 4886 399 4928 ut
424 4876 494 4929 ibi
522 4891 618 4944 per
644 4875 906 4945 quoddam
937 4885 1143 4944 tempus
1164 4875 1230 4930 ad
1256 4888 1429 4929 mores
1451 4876 1522 4927 in-

73 4950 272 5015 lmudos
296 4965 543 5035 degerent
564 4966 743 5038 (Tomo
771 4967 975 5039 primo).
999 4968 1111 5035 Qua
1157 4967 1224 5022 de
1267 4983 1325 5022 re
1354 4966 1523 5038 Chry-

72 5052 272 5108 Svﬁtomus:
302 5054 432 5128 Ergo
454 5075 546 5112 nec
574 5060 706 5127 ﬁlios
733 5071 929 5113 nostros
964 5076 994 5112 a
1027 5059 1204 5114 deserti
1240 5074 1524 5114 commorae

72 5140 147 5187 “ﬁt
164 5153 451 5216 antetemrrus
485 5149 825 5211 abducamus;
850 5149 937 5203 sed
963 5151 1187 5204 sinamus
1232 5150 1524 5220 disciplinas

72 5225 161 5282 πέδη
180 5235 381 5306 imprimi,
404 5252 452 5295 et
476 5239 678 5309 plantas
696 5240 945 5295 radicibus
971 5242 1183 5310 ﬁrmari.
1206 5240 1421 5296 Etiamsi
1437 5242 1524 5295 de-

71 5328 143 5377 εςιι,
161 5328 314 5383 etiarnsi
328 5333 496 5403 viginti
510 5335 675 5386 annos
692 5334 743 5386 in
762 5334 1061 5388 monasterio
1080 5335 1147 5389 ali
1177 5343 1399 5404 oporteat
1420 5375 1433 5397 ,
1463 5349 1527 5388 ne

72 5412 251 5485 ίηεηην,
268 5441 345 5478 nec
363 5443 568 5480 rumore
582 5427 888 5497 aﬁicinmur;
912 5437 1096 5497 quanto
1116 5430 1248 5482 enim
1268 5428 1455 5482 diutius
1472 5428 1525 5482 in

70 5513 243 5569 Wo
259 5518 610 5581 exercitabitur,
642 5529 779 5571 tanto
805 5520 1019 5590 majores
1045 5520 1348 5590 adipiscetur
1376 5520 1521 5574 vires.

114 5592 224 5654 Erant
253 5605 336 5660 illo
374 5622 487 5664 aevo
526 5606 768 5679 virgines
811 5605 1139 5663 Christianae
1170 5610 1370 5675 multae,
1409 5625 1530 5680 quae

70 5697 128 5748 βα
157 5698 286 5749 totam
326 5699 481 5754 vitam
533 5715 565 5755 a
608 5697 812 5768 nuptiis
861 5699 1213 5766 abstinerent,
1262 5715 1325 5755 ac
1361 5701 1529 5772 virgi-

69 5778 214 5838 lﬂ'hlctu
261 5800 549 5860 perpetuam
603 5791 1003 5861 proliterentur.
1055 5789 1525 5863 Constantinopoli

1590 485 1721 527 vero
1749 471 1965 543 quidam
1999 473 2234 545 virgines
2271 474 2557 529 nonnullas
2602 488 2783 529 secum
2816 471 3145 528 inducebant

1590 563 1829 631 domum,
1860 568 2039 637 specie
2075 567 2314 639 quidem,
2360 578 2418 623 ut
2460 583 2556 623 ceu
2605 570 2799 623 fratres
2828 583 2951 621 cmn
2985 581 3144 622 soro-

1588 656 1739 713 ribus
1771 667 1919 714 caste
1946 660 2211 727 viverent;
2253 659 2348 717 sed
2389 678 2454 717 ex
2492 662 2584 715 tali
2627 660 2906 717 consortio
2942 670 3144 731 quanta

1587 765 1898 825 parerentur
1920 759 2076 822 mala,
2097 760 2232 815 haud
2258 760 2470 816 difﬁcile
2492 771 2573 816 est
2592 762 2856 833 augurari.
2880 762 2988 817 Has
3014 777 3147 817 vero

1588 844 1815 916 virgines
1853 848 2280 915 subintroductas,
2319 852 2399 905 vel
2439 851 2596 906 simul
2640 851 2877 906 inductas
2917 851 3147 921 appella-

1589 934 1716 989 bant
1744 934 1927 1003 (Tomo
1951 938 2160 1009 primo).
2189 941 2353 995 Erant
2396 941 2520 996 item
2553 942 2671 996 alite
2704 943 2929 1011 virgines
2961 941 3151 1010 opibus

1594 1025 1868 1095 pollentes,
1892 1044 2025 1098 quas
2048 1031 2299 1101 regulares
2322 1032 2597 1087 vocabant.
2619 1031 2711 1087 Hae
2730 1033 2891 1086 cultui
2912 1034 3151 1102 corporis

1590 1118 1873 1175 admodum
1914 1122 2226 1188 studebant,
2271 1134 2325 1179 et
2353 1125 2495 1178 viros
2533 1124 2850 1179 inducebant
2879 1133 2935 1179 ut
2973 1139 3151 1181 secum

1592 1211 1735 1266 domi
1779 1224 2071 1270 manerent.
2112 1216 2306 1271 Contra
2351 1225 2454 1270 tam
2498 1218 2762 1273 exitialem
2807 1226 3011 1287 pestem
3056 1231 3155 1288 pro

1592 1320 1742 1360 more
1774 1320 1872 1361 suo
1892 1306 2150 1362 declamat
2173 1307 2598 1373 Cltrvsostomus.

1665 1398 1741 1454 De
1796 1398 2001 1453 funebri
2052 1398 2195 1454 luctu
2224 1442 2240 1467 ,
2293 1400 2464 1470 qualis
2517 1404 2616 1454 Suo
2668 1408 2905 1468 tempore
2963 1398 3016 1454 in
3059 1415 3157 1455 usu

1593 1498 1708 1543 erat
1730 1529 1746 1554 ,
1775 1492 1886 1545 haec
1928 1491 2016 1544 ille
2067 1492 2228 1547 refert
2256 1490 2275 1562 (
2304 1490 2458 1545 Tomo
2506 1500 2645 1545 sexto
2672 1490 2692 1561 )
2720 1508 2734 1542 :
2764 1489 2874 1545 Nos
2920 1492 3004 1559 qui
3044 1490 3158 1559 jam

1594 1581 1685 1636 sub
1727 1581 1891 1653 gratia
1932 1598 2125 1647 sumus,
2168 1582 2260 1636 sub
2307 1593 2439 1635 certa
2491 1598 2581 1652 spe
2620 1581 2993 1637 resurrectionis
3015 1621 3029 1645 ,
3058 1579 3161 1650 qui-

1596 1671 1686 1725 bus
1737 1672 1897 1726 omnis
1952 1673 2153 1727 tristitia
2196 1673 2530 1738 interdicitur,
2575 1689 2674 1743 qua
2722 1676 2886 1741 fronte
2932 1682 3156 1727 mortuos

1596 1772 1791 1816 nostros
1831 1763 2090 1833 gentilium
2131 1778 2269 1816 more
2310 1762 2630 1834 plangimus,
2674 1762 2896 1816 ululatus
2957 1762 3161 1815 insanos

1597 1852 1889 1918 attollimus,
1918 1854 2067 1907 veluti
2091 1853 2192 1907 alio
2220 1870 2396 1924 genere
2436 1854 2750 1915 bacchantes,
2772 1853 3032 1907 conscissis
3074 1861 3159 1905 tu—

1597 1943 1724 1998 nicis
1766 1953 1968 2012 pectora
2006 1944 2272 2009 nudamus,
2318 1942 2467 1997 uerba
2505 1943 2677 1996 inania
2714 1952 2761 1995 et
2793 1943 2983 1995 menius
3028 1942 3163 1994 circa

1598 2049 1780 2104 corpus
1805 2044 1850 2088 et
1873 2033 2119 2088 tumulum
2144 2033 2366 2103 defuncti
2389 2033 2690 2086 cantamus?
2718 2030 2980 2086 Postremo
3016 2032 3166 2084 etiam

1599 2141 1698 2192 qua
1718 2126 1913 2179 ratione
1936 2135 2088 2179 vestes
2129 2125 2300 2195 nigras
2339 2124 2609 2195 tinguimus
2649 2121 2788 2189 (sic),
2834 2122 2931 2175 nisi
2975 2131 3028 2174 ut
3075 2137 3166 2174 nos

1600 2234 1711 2273 uere
1730 2220 1956 2289 inﬁdeles
1977 2229 2024 2274 et
2045 2220 2270 2282 miseros,
2293 2235 2393 2272 non
2417 2226 2609 2271 tantum
2631 2215 2846 2287 ﬂetibus,
2891 2215 2979 2270 sed
3019 2215 3168 2289 etiam

1600 2311 1816 2366 vestibus
1849 2310 2180 2383 approbemus
2200 2311 2226 2365 .9
2263 2310 2428 2366 Nemo
2454 2320 2577 2365 tunc
2603 2309 2842 2377 sepulcra
2872 2309 2922 2362 in
2951 2307 3170 2362 urbibus

1603 2405 1962 2460 construebat.
1994 2404 2093 2471 Qui
2113 2419 2228 2458 mos
2254 2402 2322 2477 ab
2347 2402 2574 2472 antiquis
2598 2408 2839 2454 manaret
2867 2408 2972 2453 tam
3018 2397 3169 2453 Grie-

1603 2497 1709 2562 cis,
1757 2511 1914 2566 quam
1964 2495 2215 2550 Romanis
2269 2493 2469 2557 (Tomo
2513 2490 2806 2563 septimo),
2849 2499 2906 2545 ut
2943 2489 3170 2544 vidimus

1605 2587 1659 2641 in
1703 2588 2027 2656 Autiquitate
2074 2586 2349 2656 explanata
2394 2583 2564 2640 Tomo
2608 2580 2672 2636 ν.
2712 2579 3169 2650 ConstantinOpoli

1606 2692 1732 2732 vero
1777 2677 2138 2747 Imperatores,
2187 2676 2277 2747 qui
2324 2677 2376 2730 in
2421 2673 2642 2730 ecclesia
2669 2671 2764 2728 SS.
2798 2671 3171 2743 Apostolorum

1608 2769 2038 2834 tumulabantur,
2083 2783 2190 2823 non
2240 2781 2407 2838 prope
2445 2764 2749 2835 Apostolus,
2785 2762 2879 2818 sed
2934 2760 3062 2816 foris
3105 2760 3172 2816 ad

1608 2858 1720 2929 ipsa
1766 2859 1944 2914 limina
1987 2867 2299 2928 optaverunt
2341 2871 2561 2928 corpora
2600 2870 2693 2909 sua
2742 2853 2974 2923 sepeliri,
3000 2847 3175 2921 atque
3238 2928 3240 2931 λ

1609 2952 1681 3006 ita
1709 2953 1876 3023 pergit
1901 2951 2331 3023 Chrysoslomus,
2363 2950 2710 3019 Imperatores
2741 2948 3058 3018 piscatorum
3085 2959 3176 2999 os-

1612 3044 1746 3098 tiarii
1771 3043 1890 3098 facti
1915 3054 2039 3097 sunt
2073 3040 2253 3113 (Tomo
2287 3040 2496 3111 primo).

1677 3133 1913 3201 Litoniar,
1942 3142 2301 3188 memorantur
2326 3147 2354 3185 a
2399 3131 2778 3203 Chrysostomo
2815 3129 2867 3182 in
2899 3127 3174 3192 concione,

1611 3240 1767 3295 quant
1786 3224 2242 3293 Constantinopoli
2283 3223 2465 3278 habuit
2508 3223 2557 3276 in
2596 3221 2682 3276 die
2722 3219 2992 3275 Pascbatis
3038 3233 3177 3273 anno

1612 3316 1736 3382 599,
1764 3316 1915 3385 cujus
1943 3316 2116 3370 locum
2155 3322 2321 3369 totum
2348 3314 2431 3367 hic
2454 3311 2776 3367 atl'crendum
2806 3320 3048 3381 putamus
3081 3307 3166 3375 (Τ.

1612 3410 1796 3478 sexto):
1825 3409 1951 3461 Ante
1991 3416 2089 3460 tres
2135 3406 2239 3459 dies
2263 3445 2279 3471 ,
2310 3405 2614 3472 irrumpente
2660 3401 2846 3471 pluvio,
2870 3411 3017 3470 atque
3065 3416 3178 3452 om-

1614 3500 1699 3554 nia
1718 3515 1883 3554 secum
1908 3498 2155 3563 trahente,
2177 3494 2310 3550 etab
2344 3510 2449 3557 ore,
2481 3503 2536 3546 ut
2580 3494 2651 3545 ita
2691 3492 2877 3557 dicam,
2925 3490 3178 3560 agricola-

1613 3607 1725 3643 rum
1753 3605 1975 3643 mensam
1997 3587 2239 3657 rapiente,
2269 3594 2488 3639 comatus
2519 3584 2684 3653 spicas
2717 3582 2997 3652 dejiciente,
3038 3588 3179 3634 crete-

1613 3695 1767 3750 raque
1785 3678 1952 3733 omnia
1977 3694 2068 3747 per
2106 3676 2323 3730 humida:
2367 3673 2589 3727 ntaterire
2635 3672 2832 3742 copiam
2874 3670 3179 3733 deuastaute,

1615 3772 1805 3826 litaniw
1846 3780 1892 3824 et
1935 3768 2324 3840 supplicationes
2363 3766 2537 3835 fuere,
2580 3772 2775 3833 totaque
2806 3761 2979 3813 civitas
3015 3769 3182 3812 nostra

1615 3862 1757 3931 quasi
1786 3871 1976 3916 torrens
1997 3860 2063 3912 ad
2085 3858 2195 3912 loca
2214 3854 2567 3928 Apostolorum
2602 3850 2849 3917 currebat,
2884 3850 3181 3903 advocatos-

1615 3971 1709 4026 que
1735 3951 2124 4024 implorabamus
2148 3959 2375 4004 sanctum
2397 3945 2602 3999 Petrum
2617 3953 2663 3998 et
2683 3942 2875 3996 beatum
2909 3939 3181 4002 Andream,

1615 4050 1733 4103 item
1753 4065 1845 4119 par
1870 4045 2001 4100 illud
2028 4043 2385 4115 apostolorum,
2412 4038 2631 4092 Paulum
2650 4045 2695 4090 et
2721 4033 3052 4088 Timotheum.
3088 4030 3184 4083 llic

1621 4142 1814 4196 litanias
1843 4138 2232 4209 processionem
2259 4149 2381 4189 cum
2414 4140 2572 4187 cantu
2614 4125 2756 4183 haud
2793 4124 2951 4179 dubie
2988 4120 3186 4191 signiti-

1592 4242 1760 4299 ‘cant,
1791 4247 1891 4302 qua
1923 4228 2148 4300 populus
2179 4226 2559 4297 Chrysostomo
2601 4227 2815 4288 pastore
2851 4225 2905 4270 et
2941 4213 3074 4268 duce
3118 4212 3184 4267 ad

1620 4323 1870 4378 ecclesias
1889 4320 2238 4392 properabat:
2267 4330 2383 4387 qua:
2410 4310 2617 4376 litaniaz,
2640 4309 2742 4363 lita:
2765 4306 2922 4361 etiam
2948 4302 3067 4357 alibi
3094 4317 3185 4354 vo-

1619 4425 1824 4468 cantur.

1694 4501 1926 4558 Leetoris
1945 4514 2072 4554 vero
2093 4496 2324 4551 ofﬁcium
2345 4492 2422 4547 sic
2446 4490 2536 4545 ille
2564 4484 2818 4543 describit
2860 4483 2910 4537 in
2957 4480 3185 4535 liomilia

1622 4606 1805 4651 oetava
1834 4596 1884 4647 in
1908 4591 2080 4661 Epist.
2122 4588 2187 4642 ad
2231 4584 2482 4641 Hebraeos
2517 4572 2969 4645 Constantinopoli
3008 4571 3185 4625 habita

1606 4687 1805 4756 '(Tomo
1829 4680 2144 4750 duodecimo)
2169 4697 2182 4734 :
2212 4675 2359 4747 Atqui
2384 4671 2594 4746 singulis
2620 4666 2939 4723 hebdomadis
2969 4664 3072 4717 ltth
3102 4677 3189 4716 vo.

1626 4781 1698 4832 bis
1723 4778 1796 4831 vel
1814 4787 1887 4829 ter
1920 4776 2152 4844 leguntur
2195 4785 2214 4825 :
2254 4780 2301 4823 et
2345 4784 2460 4821 cum
2507 4763 2678 4826 lector,
2722 4758 3021 4823 ascenderit,
3067 4756 3188 4810 dicit

1627 4870 1841 4939 primum
1865 4866 2010 4935 cujus
2029 4863 2092 4917 sit
2117 4863 2258 4927 liber,
2276 4872 2448 4927 nempe
2476 4855 2628 4923 hujus
2655 4850 2729 4905 vel
2751 4850 2889 4903 illius
2911 4846 3184 4939 prop/tetes,

1625 4936 1709 5013 aut
1738 4956 1972 5028 apostoli,
1993 4963 2078 5008 aut
2100 4950 2411 5021 euangelista:
2434 4962 2452 5001 :
2479 4955 2597 4999 tunc
2625 4943 2715 4997 illa
2740 4941 2881 5006 dicit,
2901 4948 2956 4994 ut
2977 4955 3034 4992 ea
3054 4936 3189 4990 vobis

1626 5048 1843 5106 clariora
1868 5049 1986 5114 sint,
2020 5058 2068 5102 et
2098 5061 2197 5099 non
2220 5043 2381 5097 solum
2417 5038 2582 5094 sciatis
2620 5050 2732 5108 qua:
2766 5033 2871 5087 illic
2911 5031 3007 5086 sita
3048 5038 3187 5094 sunt,

1627 5144 1717 5199 sed
1741 5152 1786 5195 et
1817 5155 2018 5195 causam
2045 5152 2218 5191 eorum
2244 5148 2354 5204 qua:
2382 5130 2568 5201 scripta
2604 5136 2739 5191 sunt,
2771 5134 2819 5180 et
2862 5125 3089 5193 quisnam
3129 5136 3188 5173 ea

1628 5236 1825 5290 dixerit.

2288 5358 2537 5429 Liturgia.

1701 5501 1983 5572 Liturgiam
2035 5498 2248 5552 nomine
2299 5489 2663 5563 Chrysostomi
2713 5486 2956 5543 dedimus
2995 5486 3046 5539 in
3087 5483 3192 5538 line

1630 5593 1924 5654 duodecimi
1951 5592 2098 5657 torni,
2123 5588 2290 5660 qualis
2310 5586 2397 5641 diu
2428 5593 2543 5656 post
2561 5577 2921 5650 Chrysostomi
2948 5590 3117 5630 arvum
3138 5575 3190 5626 in

1630 5710 1727 5750 usu
1751 5692 1877 5757 fuit;
1903 5690 1956 5744 in
1977 5702 2099 5759 qua,
2129 5693 2185 5740 ut
2212 5679 2414 5738 notavit
2440 5676 2687 5741 Savilius,
2718 5672 2883 5728 multa
2934 5666 3192 5723 habentur

1631 5802 1749 5863 qua:
1773 5783 1938 5840 inﬁmi
1983 5779 2079 5839 aevi
2108 5791 2285 5837 notam
2310 5791 2419 5848 pra:
2443 5788 2504 5831 se
2533 5771 2702 5827 ierunt
2725 5783 2740 5823 :
2763 5780 2880 5836 quae
2904 5762 3030 5818 nihil
3053 5773 3189 5833 pene
