3818 6394
592 382 658 440 6|
1886 377 2058 438 ΒΥΝο
2066 377 2205 436 PSlS
2241 374 2478 439 EORUM
3738 367 3798 422 6".-

592 509 754 566 refert
789 524 974 566 eorum
997 550 1010 572 ,
1038 525 1154 580 qua:
1195 509 1351 564 variis
1375 508 1428 564 in
1474 507 1606 564 locis
1642 506 2052 578 Chrysostomus
2088 504 2154 557 dc.

590 602 676 658 Sui
710 602 961 671 temporis
982 600 1211 671 Liturgia
1241 607 1641 655 commemorat.
1668 597 2000 668 Quapropter
2033 610 2064 649 e
2099 609 2155 648 re

590 692 702 747 fore
724 692 889 746 visum
913 700 1014 756 est,
1036 691 1080 746 si
1107 705 1169 746 ea
1210 691 1296 745 hic
1321 704 1708 751 recenseamus,
1740 704 1856 758 qua:
1882 686 2076 757 passim
2101 685 2153 737 in

589 782 705 852 ejus
730 781 974 852 operibus
1002 781 1070 837 de
1097 781 1326 852 Lilurgia
1352 789 1656 836 occurrunt.
1672 780 1739 835 Et
1755 777 1964 850 quidem
1983 777 2152 846 ipsum

589 870 835 944 Liturgize
859 872 1098 928 ordinem
1128 873 1181 929 ln
1219 873 1318 929 hac
1350 873 1661 928 recensione
1705 863 1920 926 servare
1961 883 2154 938 perop-

590 972 1028 1029 tassem;verum
1079 963 1129 1018 id
1174 964 1456 1019 admodum
1497 962 1712 1017 difﬁcile
1744 970 1846 1028 est,
1887 960 1995 1014 imo
2043 957 2154 1011 lieri

587 1055 804 1109 omnino
829 1055 1011 1125 nequit
1037 1073 1049 1108 :
1075 1055 1187 1110 loca
1229 1055 1367 1109 enim
1405 1054 1493 1108 illa
1536 1051 1782 1122 Liturgize
1812 1051 1882 1104 ita
1909 1055 2153 1115 excerpta

588 1159 730 1214 sepe
758 1145 1111 1208 adducuntur,
1141 1153 1198 1199 ut
1223 1145 1429 1200 nescias
1463 1141 1529 1198 ad
1565 1158 1722 1214 quam
1751 1138 1999 1210 Liturgiae
2033 1152 2154 1208 par-

591 1249 695 1292 tem
719 1239 1038 1308 pertineant.

661 1328 890 1398 Liturgia
919 1344 1067 1394 vero,
1089 1342 1245 1398 quam
1293 1325 1494 1381 Pascha
1531 1332 1686 1380 vocat
1725 1323 2153 1392 Chrysoslomus,

590 1425 672 1471 ter
693 1417 1046 1487 etaliquando
1071 1425 1258 1487 quater
1307 1417 1359 1471 in
1402 1413 1730 1470 hebdomade
1770 1412 2153 1467 celebrabatur.

589 1509 717 1578 Ejus
763 1511 922 1564 verba
964 1511 1161 1564 referre
1215 1525 1281 1564 ne
1331 1506 1728 1579 pigeat(Tomo
1779 1503 2008 1576 primo).
2037 1501 2156 1556 Non

588 1601 742 1666 enim,
772 1601 960 1670 inquit,
987 1601 1117 1654 idem
1138 1609 1254 1653 sunt
1288 1599 1486 1653 Pascha
1509 1609 1554 1654 et
1598 1597 2032 1667 Quadragesima;
2070 1593 2158 1647 sed

589 1691 730 1745 aliud
754 1690 974 1756 Pascha,
1003 1690 1144 1743 aliud
1187 1689 1624 1761 Quadragesima;
1653 1687 1896 1758 siquidem
1928 1683 2160 1750 Quadra-

588 1782 776 1851 gesima
799 1783 949 1834 semel
973 1782 1024 1834 in
1046 1797 1180 1834 anno
1199 1783 1274 1849 lit,
1297 1781 1495 1834 Pascha
1515 1797 1628 1835 vero
1654 1792 1726 1834 ter
1751 1780 1802 1832 in
1826 1775 2156 1841 hebdomada,

589 1886 960 1942 nonnumquam
1009 1875 1156 1924 etiam
1199 1881 1396 1941 quater,
1442 1870 1516 1925 vel
1562 1871 1725 1941 potius
1761 1868 2160 1939 quotiescumque

589 1961 837 2014 solumus.
885 1960 977 2014 Est
1027 1961 1158 2014 enim
1206 1959 1406 2015 Pascha
1447 1977 1548 2015 non
1592 1960 1866 2031 jejunium,
1905 1960 1990 2012 sed
2022 1957 2162 2012 obla-

590 2052 660 2106 tio
682 2061 728 2104 et
757 2051 1080 2120 sacri/icium,
1111 2051 1246 2120 quod
1270 2053 1323 2105 in
1355 2050 1566 2122 singulis
1595 2051 1653 2120 ﬁt
1678 2049 1913 2104 collectis.

662 2142 906 2214 Mysteria
939 2143 1113 2210 januis
1157 2144 1349 2198 clausis
1391 2141 1814 2207 celebrabantur,
1852 2149 1908 2196 et
1937 2156 2041 2195 non
2076 2140 2160 2196 in-

595 2231 729 2288 itiati
781 2233 1125 2302 abigebantur
1153 2232 1336 2302 (Tomo
1379 2233 1636 2303 septimo);
1681 2233 1984 2287 nesciebant
2019 2231 2161 2287 enim

593 2324 842 2382 virtutem
885 2325 1063 2379 calicis
1109 2323 1310 2395 (Tomo
1358 2325 1640 2396 secundo).
1688 2324 1947 2380 Sacerdos
1987 2332 2163 2379 autem

594 2433 796 2469 manum
821 2415 999 2470 tollens
1020 2417 1071 2470 in
1097 2418 1273 2482 altum,
1292 2417 1444 2470 altius
1464 2427 1510 2470 et
1533 2417 1639 2487 ipse
1665 2425 1823 2481 stans,
1843 2418 1895 2470 in
1912 2416 2164 2470 tremendo

595 2509 684 2562 illo
710 2509 906 2562 silentio
935 2511 1234 2581 vociferans,
1262 2511 1387 2564 alios
1410 2511 1610 2580 quidem
1638 2509 1860 2576 vocabat,
1883 2509 2009 2563 alios
2048 2526 2164 2564 vero

595 2599 791 2652 arcebat
821 2615 840 2653 :
866 2616 963 2652 non
991 2599 1083 2653 hoc
1120 2616 1273 2652 manu
1310 2601 1517 2668 faciens,
1552 2601 1640 2654 sed
1676 2601 1848 2670 lingua
1889 2599 2076 2654 clarius
2119 2610 2168 2655 et

596 2693 815 2762 apertius
838 2708 986 2759 quam
1010 2709 1182 2745 manu.
1218 2690 1352 2746 Nam
1373 2708 1467 2746 vox
1485 2693 1574 2746 illa
1600 2693 1651 2746 in
1678 2704 1872 2746 nostras
1907 2709 2053 2746 aures
2086 2691 2167 2745 in-

595 2801 821 2851 currens,
851 2795 1104 2856 tamquam
1135 2802 1312 2840 manns
1339 2786 1466 2839 alios
1486 2786 1682 2855 quidem
1703 2785 1904 2855 expellit
1937 2793 1984 2838 et
2008 2783 2162 2855 ejicit,

595 2878 724 2932 alios
764 2887 930 2930 autem
967 2878 1236 2931 introducit
1280 2888 1326 2931 et
1370 2879 1497 2932 sistit
1546 2880 1562 2946 (
1593 2876 1748 2931 Tomo
1776 2877 2129 2947 duodecimo).

669 2973 796 3038 Ome
824 2969 890 3024 de
911 2970 1140 3040 Liturgia
1170 2972 1222 3024 in
1245 2980 1386 3024 tanta
1411 2985 1629 3039 operum
1656 2971 1802 3042 sylva
1827 2969 1950 3026 hinc
1971 2981 2024 3025 et
2044 2970 2166 3026 inde

597 3061 761 3116 refert
782 3060 1212 3134 Chrysostomns,
1247 3063 1354 3125 vix,
1387 3077 1448 3116 ac
1475 3077 1539 3116 ne
1567 3061 1653 3115 vix
1682 3061 1916 3132 quidem,
1961 3071 2017 3116 ut
2057 3062 2164 3131 jam

597 3151 845 3219 dixi,suo
880 3152 1064 3208 ordine
1093 3169 1369 3208 recensere
1412 3167 1708 3223 possumus.
1745 3152 1817 3208 De
1867 3151 2166 3221 hujusmodi

598 3243 784 3298 ordine
809 3243 1075 3314 quidpiam
1108 3258 1524 3298 commemorare
1553 3244 1756 3298 videtur
1781 3243 1993 3298 homilia
2021 3243 2163 3300 deci-

599 3348 685 3388 ma
731 3344 915 3390 octava
959 3335 1009 3388 in
1054 3335 1219 3404 Epist.
1266 3335 1495 3389 secunda
1529 3333 1598 3389 ad
1643 3333 2168 3403 Corinthios(Tomo

599 3424 814 3496 decimo)
848 3442 862 3479 :
893 3422 1152 3490 Omnibus,
1173 3425 1340 3495 inquit
1363 3467 1378 3492 ,
1406 3441 1563 3479 unum
1604 3441 1804 3496 corpus,
1823 3441 1980 3478 unum
2025 3441 2171 3496 pecu.

600 3515 704 3569 lum
727 3515 1048 3586 praponimus
1078 3532 1096 3569 :
1121 3517 1172 3569 in
1201 3516 1564 3592 precationibus
1591 3532 1784 3589 quoque
1806 3517 2051 3587 populum
2097 3517 2171 3571 vi-

600 3608 728 3662 detis
749 3610 960 3662 multum
989 3609 1232 3679 conferre.
1259 3609 1457 3663 Etenim
1490 3627 1579 3680 pro
1616 3612 1979 3682 energumenis,
2006 3622 2052 3665 et
2076 3627 2169 3682 pro

599 3698 662 3752 iis
679 3700 763 3769 qui
792 3699 843 3753 in
866 3701 1154 3768 paenitentia
1179 3711 1312 3765 sunt,
1340 3717 1622 3756 communes
1642 3713 1688 3756 et
1709 3718 1739 3754 a
1759 3701 2014 3756 sacerdote
2037 3711 2084 3754 et
2108 3702 2171 3755 ab

599 3790 722 3860 ipsis
743 3807 911 3860 preces
933 3791 1058 3861 ﬁunt
1079 3807 1098 3846 :
1126 3804 1273 3858 atque
1301 3811 1468 3848 omnes
1501 3809 1652 3847 unam
1690 3796 2010 3865 eamdemque
2053 3811 2170 3868 pre~

601 3898 708 3935 cem
747 3883 996 3948 emittunt,
1037 3901 1253 3954 precem,
1304 3887 1528 3956 inquam,
1569 3889 1910 3942 misericordia
1948 3890 2167 3960 plenam.

601 3971 798 4027 Rursus
817 3989 931 4026 cum
954 3990 1056 4039 eos,
1078 3975 1164 4044 qui
1189 3987 1518 4030 sacrosancta:
1555 3993 1739 4032 mensa:
1761 3980 2030 4050 participes
2066 3996 2171 4034 esse

602 4073 871 4134 nequeunt,
899 4068 1109 4121 asacris
1149 4069 1302 4136 septis
1344 4085 1590 4134 arcemus,
1634 4071 1852 4124 ineunda
1891 4081 1963 4125 est
2011 4072 2171 4127 altera

603 4154 784 4220 oratio,
813 4157 866 4210 in
886 4172 986 4226 qua
1010 4171 1179 4211 omnes
1199 4158 1336 4211 humi
1360 4159 1601 4225 iacemus,
1621 4175 1789 4213 omnes
1809 4174 1949 4228 teque
1961 4176 2171 4214 consur-

603 4249 785 4320 gimus.
811 4249 892 4305 Ad
917 4251 1044 4318 lucc,
1072 4255 1185 4306 cum
1208 4270 1309 4322 pax
1334 4254 1503 4308 danda
1539 4255 1847 4325 vicissimque
1883 4256 2171 4326 accipienda

603 4350 696 4408 est,
722 4357 892 4396 omnes
911 4354 1084 4398 mutuo
1118 4361 1209 4399 nos
1242 4345 1608 4399 exosculamur.
1653 4344 1773 4398 Jam
1817 4347 1868 4400 in
1907 4349 2172 4403 tremendis

603 4448 793 4504 quoque
818 4436 1084 4506 mysteriis,
1104 4446 1156 4489 ut
1180 4437 1412 4491 sacerdos
1436 4453 1527 4506 pro
1548 4436 1706 4508 plebe,
1720 4437 1790 4490 ita
1810 4437 1946 4510 plebs
1971 4455 2062 4508 pro
2084 4455 2172 4510 sal-

603 4524 802 4578 cerdote
823 4537 934 4578 vota
949 4526 1088 4595 facit.
1111 4525 1235 4580 Ηωε
1258 4529 1389 4581 enim
1414 4527 1560 4581 verba
1586 4543 1604 4582 :
1632 4527 1698 4581 Et
1721 4545 1834 4582 cum
1861 4529 2041 4604 spiritu
2063 4539 2169 4596 tuo,

606 4615 732 4668 nihil
750 4615 892 4668 aliud
909 4619 1168 4686 quamhoc
1192 4619 1498 4689 signiﬁcant.
1530 4618 1724 4672 Rursus
1761 4636 1820 4672 ea
1857 4620 2037 4684 oratio,
2073 4636 2174 4690 qua

608 4703 713 4758 Deo
741 4710 917 4777 gratia:
935 4720 1171 4778 aguntur,
1191 4711 1464 4762 communis
1490 4718 1579 4762 est.
1613 4707 1787 4778 Neque
1805 4711 1934 4764 enim
1956 4710 2062 4778 ipse
2085 4727 2171 4763 so-

605 4797 684 4851 lus
715 4800 903 4868 gratias
939 4801 1060 4870 agit,
1089 4800 1176 4852 sed
1219 4801 1368 4853 etiam
1411 4802 1546 4869 plebs
1588 4801 1836 4854 universa.
1887 4801 2024 4853 Nam
2060 4817 2173 4854 cum

607 4889 746 4957 prius
761 4888 962 4943 illorum
975 4907 1140 4944 vocem
1153 4907 1259 4943 sum
1266 4891 1535 4960 psit,atque
1547 4889 1624 4942 illi
1638 4901 1950 4944 assenserunt
1961 4891 2014 4943 id
2024 4891 2172 4962 digne

602 4990 649 5033 et
664 4981 805 5050 juste
821 4981 952 5049 ﬁeri,
971 4991 1073 5034 tum
1092 4982 1290 5034 demum
1310 4982 1586 5052 gratiarum
1601 4982 1846 5035 actionem
1859 4983 2169 5052 auspicatur.

679 5073 752 5127 De
778 5072 1052 5127 sacerdote
1074 5073 1321 5142 mysteria
1345 5073 1642 5128 celebrante
1667 5072 1781 5128 haec
1798 5073 1930 5128 dicit
1955 5074 2172 5130 homilia

609 5166 762 5218 tertia
793 5165 845 5219 in
889 5165 1055 5236 Epist.
1105 5164 1170 5219 ad
1217 5162 1558 5219 Colossenses
1593 5163 1794 5235 (Tomo
1822 5166 2086 5220 undecimo
2113 5169 2167 5236 ):

609 5252 1228 5323 «Cumingressusfuerit
1271 5255 1316 5308 is
1341 5255 1430 5325 qui
1475 5263 1664 5323 przeest
1692 5255 1962 5323 Ecclesiae,
1994 5258 2170 5312 statim

606 5343 769 5410 dicit,
801 5343 917 5399 Pax
939 5345 1201 5409 omnibus;
1226 5345 1435 5415 quando
1461 5346 1821 5414 concionatur,
1854 5345 1972 5401 Pax
2011 5349 2172 5402 omni-

607 5433 731 5498 bus,
761 5435 971 5506 quando
1015 5436 1297 5498 benedicit.
1328 5435 1446 5491 Pax
1492 5438 1752 5501 omnibus;
1777 5439 1987 5509 quando
2024 5439 2173 5510 jubet

608 5527 867 5592 salutare,
917 5525 1034 5582 Pax
1093 5528 1357 5594 omnibus;
1403 5529 1613 5598 quando
1685 5542 1954 5600 peractum
2015 5531 2174 5586 fuerit

610 5621 925 5676 sacriﬁcium
943 5665 959 5688 ,
996 5621 1108 5678 Pax
1129 5625 1374 5679 omnibus.
1405 5624 1472 5680 Et
1489 5641 1672 5682 rursus
1698 5627 1750 5682 in
1773 5627 1968 5695 medio,
1998 5625 2172 5682 Gratia

615 5711 746 5766 vobis
766 5723 812 5767 et
833 5730 952 5784 pax.
974 5734 992 5768 ι

686 5805 877 5864 Verum
908 5808 1022 5864 haec
1050 5823 1210 5879 pauca
1239 5809 1391 5867 nobis
1433 5811 1760 5869 subindicant
1801 5811 1856 5868 ξοδ
1884 5811 2172 5869 sacerdotis

2260 504 2310 556 in
2336 500 2565 571 Liturgia
2597 497 2750 553 dictis
2777 505 2830 553 et
2856 495 3038 567 gestis,
3066 493 3236 562 deque
3258 505 3440 546 eorum
3473 491 3612 544 inter
3640 499 3700 540 se
3728 503 3798 540 or~

2257 597 2400 650 dine.
2432 595 2504 648 De
2523 591 2769 663 Liturgia:
2789 600 2934 646 certe
2959 587 3128 652 initio,
3159 587 3328 656 deque
3347 583 3593 654 precibus
3608 589 3664 635 et
3683 579 3796 633 aliis

2257 703 2376 759 qua:
2410 683 2732 749 Praefationi,
2758 691 2818 738 ut
2846 695 3114 743 vocamus,
3155 676 3504 748 prmmittebat
3549 670 3798 728 sacerdos

2258 779 2386 835 nihil
2431 778 2588 834 habet
2625 777 3056 848 Chrysostomus.
3110 769 3439 826 Praefationis
3484 776 3661 824 autem
3715 765 3798 819 ha:

2258 871 2416 926 verba
2458 868 2666 924 refert:
2710 866 2970 922 Sacerdos
3007 863 3258 918 dicebat:
3300 861 3514 916 Sursum
3553 857 3796 911 habeamu

2257 972 2470 1016 mentem
2484 970 2531 1015 et
2551 959 2704 1015 corda
2721 958 2902 1028 (Tomo
2918 951 3555 1025 secundo).Respondehat
3577 947 3798 1019 populus

2263 1051 2514 1106 Habemus
2535 1052 2603 1104 ad
2623 1049 2912 1104 Dominum.
2939 1047 3008 1104 Ut
3052 1061 3180 1101 vero
3220 1044 3469 1114 liquidum
3504 1043 3718 1095 videtur
3761 1055 3797 1094 ei

2260 1143 2693 1214 praecedentibus,
2715 1141 2963 1213 pergebat
2987 1138 3257 1204 sacerdos,
3280 1135 3478 1191 Gratias
3491 1150 3707 1204 agamus
3727 1131 3798 1185 Do

2257 1237 2392 1288 mino
2416 1233 2520 1288 Deo
2545 1244 2751 1288 nostra:
2781 1232 3002 1302 populus
3029 1245 3174 1296 vero,
3205 1228 3420 1299 Dignum
3446 1235 3493 1280 et
3511 1227 3714 1296 justum
3735 1234 3798 1276 est

2260 1325 2316 1380 ld
2337 1341 2462 1380 vero
2487 1325 2748 1396 signiﬁcat
2769 1324 2878 1389 ille,
2901 1338 3020 1378 cum
3040 1321 3167 1376 dicit
3193 1333 3350 1389 supra
3379 1335 3392 1370 :
3426 1318 3585 1388 Atque
3622 1316 3702 1368 illi
3741 1331 3796 1368 as

2257 1427 2513 1470 senserunt
2538 1417 2591 1469 id
2612 1417 2759 1487 digne
2777 1424 2823 1468 et
2835 1415 2974 1484 juste
2999 1412 3128 1481 ﬁeri.
3159 1410 3354 1481 Pergit.
3377 1407 3463 1462 ille
3505 1424 3520 1462 :
3567 1405 3700 1460 Tum
3736 1407 3795 1458 de

2260 1526 2395 1562 mum
2417 1510 2694 1580 gratiarum
2723 1509 2966 1561 actionem
2999 1505 3308 1574 auspicatur.
3339 1500 3712 1557 Prmfationem
3749 1498 3798 1553 ni

2259 1601 2448 1656 mirum
2478 1599 2775 1670 proferebat
2801 1597 3052 1654 sacerdos
3078 1605 3274 1651 nostra:
3306 1609 3408 1650 non
3434 1593 3756 1647 absimilem.

2329 1693 2385 1748 ln
2414 1693 2679 1748 oblatione
2707 1706 2832 1745 vero
2871 1690 3079 1746 dicebat
3105 1687 3390 1744 sacerdos:
3423 1686 3542 1740 Sive
3574 1685 3797 1738 volentes

2259 1785 2361 1839 sive
2395 1785 2537 1838 inviti
2590 1783 2927 1853 peccavimus,
2977 1781 3205 1835 condono
3241 1777 3422 1851 (Tomo
3451 1775 3788 1844 duodecimo)

2261 1877 2411 1946 queis
2443 1876 2630 1930 similia
2661 1875 2920 1929 habentur
2947 1874 2998 1927 in
3029 1872 3261 1942 Liturgia
3301 1871 3422 1936 illa,
3461 1869 3798 1941 Chrysoston

2261 1969 2474 2024 nomine
2537 1983 2567 2022 a
2622 1967 2772 2022 nobis
2835 1954 3093 2036 publicata
3149 1964 3303 2020 Tom.
3350 1963 3435 2018 12.
3477 1960 3798 2029 Quandonar

2263 2068 2438 2113 autem
2479 2057 2593 2113 hmc
2632 2056 2789 2112 verba
2833 2054 3066 2120 diceret,
3101 2053 3313 2109 Oremus
3347 2068 3519 2108 omnes
3553 2067 3797 2105 commun

2264 2158 2357 2214 ter,
2409 2164 2513 2203 non
2561 2147 2820 2203 indicatur
2861 2163 2894 2203 a
2937 2145 3316 2218 Chrysostomo
3355 2142 3447 2214 qui
3483 2141 3573 2198 illa
3629 2139 3798 2211 profel

2265 2239 2449 2312 (Tomo
2471 2239 2777 2311 undecimo).

2334 2330 2589 2402 Martyres
2611 2331 2768 2386 etiam
2794 2330 2845 2385 in
2873 2327 3104 2399 Liturgia
3129 2326 3578 2382 memorabantur.
3606 2322 3798 2380 Nomia

2263 2435 2474 2492 quoque
2500 2432 2838 2490 patronorum
2859 2432 2913 2475 et
2933 2417 3324 2474 benefactorum
3353 2432 3560 2486 semper
3582 2415 3637 2470 in
3668 2418 3797 2470 sacri

2265 2511 2618 2566 oblationibus
2645 2511 3062 2582 proferebantur,
3089 2509 3282 2564 additis
3301 2508 3542 2579 precibus
3569 2523 3672 2578 pro
3697 2506 3792 2560 vill

2265 2617 2450 2658 eorum
2503 2611 2557 2658 et
2607 2601 2819 2674 prmdiis
2867 2601 3046 2673 (Tomo
3090 2601 3270 2670 nono).
3291 2599 3615 2654 Mortuorum
3674 2598 3798 2652 etiai

2267 2695 2520 2749 memoria
2562 2693 2816 2749 celebrari
2843 2691 3046 2748 solebat
3081 2692 3135 2746 in
3159 2691 3452 2746 venerandis
3491 2699 3642 2762 atque
3670 2691 3797 2744 horr

2267 2789 2376 2859 ﬁcis
2401 2789 2646 2860 mysteriis
2673 2787 2851 2856 (Tomo
2877 2785 3187 2858 undecimo).

2341 2883 2463 2937 llaec
2499 2881 2568 2937 de
2610 2882 2884 2937 sacerdote
2911 2895 3059 2936 sacra
3102 2887 3418 2951 peragente:
3446 2893 3544 2934 nec
3585 2877 3798 2947 paueim

2268 2975 2334 3031 de
2353 2975 2574 3030 diacono
2601 2973 2780 3040 refert,
2812 2974 2898 3044 qui
2928 2971 3120 3029 divinis
3145 2971 3408 3043 mysteriis
3439 2970 3724 3032 intererat,
3750 2983 3798 3022 sa

2269 3083 2440 3139 peque
2466 3069 2569 3122 alta
2606 3082 2734 3123 voce
2759 3066 2955 3137 populo
2981 3065 3176 3120 monita
3202 3064 3390 3128 dabat,
3420 3078 3538 3132 quae
3576 3061 3700 3128 illo,
3744 3077 3798 3132 (ιι

2269 3160 2595 3226 dicebantur,
2639 3159 2828 3214 ordine
2869 3172 3148 3213 recensere
3191 3157 3243 3211 in
3289 3165 3536 3227 promptu
3577 3169 3694 3209 non
3745 3169 3798 3209 εξ

2269 3250 2543 3307 Clamabat
2566 3262 2741 3305 autem
2763 3292 2778 3317 ,
2810 3249 2978 3304 Erecti
3004 3261 3188 3303 stemus
3219 3249 3368 3318 probe
3396 3245 3580 3318 (Tomo
3605 3246 3795 3316 primo:

2271 3344 2460 3416 quibus
2501 3344 2709 3407 verbis,
2751 3357 2855 3397 non
2908 3351 2966 3396 ut
3014 3353 3206 3410 corpus
3243 3338 3430 3403 modo,
3481 3337 3574 3394 sed
3617 3346 3689 3391 ut
3738 3352 3795 3390 ar

2272 3451 2416 3492 mum
2438 3435 2594 3490 etiam
2615 3435 2875 3504 erigeret,
2907 3431 3134 3486 adstanti
3167 3429 3301 3499 plebi
3327 3427 3679 3499 signiﬁcabat.
3714 3427 3795 3481 Su

2272 3527 2400 3583 inde
2449 3527 2608 3582 etiam
2657 3525 2761 3580 alta
2812 3539 2942 3579 voce
2981 3524 3058 3578 sic
3103 3522 3308 3592 plebem
3361 3535 3578 3574 monere
3629 3519 3796 3573 soleb

2274 3617 2544 3688 Ibidem):
2573 3616 2676 3671 Alii
2720 3607 2846 3670 dlios
2886 3615 3108 3677 noscite;
3147 3623 3201 3667 ut
3227 3611 3471 3666 videlicet
3510 3610 3796 3664 internnsc

2272 3719 2410 3774 rent,
2442 3724 2565 3762 num
2593 3706 2758 3776 impii,
2780 3705 3011 3772 scelesti,
3037 3704 3115 3760 vel
3155 3702 3485 3772 judaizantcs
3521 3715 3716 3756 secum
3775 3703 3792 3755 i

2275 3799 2500 3855 termixti
2529 3806 2726 3854 essent.

2344 3890 2702 3947 Precationem
2728 3897 2924 3953 autem,
2949 3885 3074 3942 dum
3098 3899 3246 3939 sacra
3277 3890 3670 3954 peragerentur,
3706 3882 3794 3950 ple

2273 3981 2618 4053 suggerebat,
2648 3995 2804 4049 quam
2831 3979 2958 4049 ipsis
2985 3977 3160 4032 verbis
3189 3975 3366 4030 retulit
3389 3971 3793 4043 Clirysostomu

2278 4071 2488 4126 Oremus
2513 4087 2604 4140 pro
2628 4069 2859 4140 episcopo
2884 4078 2930 4122 et
2959 4076 3207 4122 senectute
3233 4073 3278 4118 et
3299 4063 3597 4134 patrocinio,
3631 4073 3686 4115 ut
3721 4079 3794 4115 rei

2274 4172 2449 4218 tractet
2472 4161 2670 4216 verbum
2689 4159 2908 4214 veritatis
2930 4199 2944 4222 ,
2981 4167 3028 4212 et
3049 4173 3140 4227 pro
3159 4157 3221 4211 iis
3242 4156 3326 4227 qui
3345 4155 3426 4210 hic
3450 4165 3561 4209 sunt
3585 4164 3632 4206 et
3662 4154 3794 4223 ubiq

2276 4263 2518 4307 terrarum
2541 4250 2720 4318 (Tomo
2749 4251 2932 4320 sexto).
2955 4247 3195 4303 Addebat
3220 4247 3376 4301 etiam
3401 4262 3414 4299 :
3445 4243 3547 4298 Pro
3570 4244 3636 4297 iis
3674 4245 3780 4312 qui

2274 4341 2470 4399 Christo
2493 4341 2713 4412 defuncti
2737 4348 2852 4394 sunt
2873 4381 2888 4405 ,
2915 4349 2960 4393 et
2982 4354 3074 4410 pro
3102 4338 3165 4392 iis
3191 4336 3277 4406 qui
3305 4336 3506 4390 illorum
3543 4336 3792 4387 memor-ii

2276 4435 2467 4506 faciunt
2497 4431 2676 4504 (Tomo
2699 4429 2877 4500 nono).

2346 4523 2541 4578 Vocem
2572 4536 2746 4593 porro,
2779 4535 2934 4590 quam
2959 4532 3099 4587 smpe
3124 4515 3402 4572 clamando
3429 4513 3718 4583 repetebat
3745 4514 3785 4568 d

2274 4631 2439 4673 conus
2485 4616 2596 4670 hzec
2623 4622 2756 4677 erat,
2781 4612 3108 4666 Attendamus
3133 4607 3354 4680 (lbid.):
3383 4622 3538 4677 quam
3569 4621 3673 4676 ego
3709 4625 3791 4661 sm

2275 4709 2448 4764 audivi
2478 4707 2658 4762 Romae
2688 4722 2717 4760 a
2747 4705 2969 4761 diacono
2995 4702 3216 4764 dictam,
3245 4711 3365 4754 cum
3411 4697 3660 4766 Liturgize
3705 4697 3792 4752 Gr

2275 4817 2457 4857 corum
2479 4799 2638 4853 animi
2665 4811 2818 4852 causa
2855 4792 3180 4849 interiorem.
3217 4789 3613 4847 Observandum
3665 4800 3792 4842 anti

2276 4903 2376 4957 est,
2399 4891 2539 4964 quod
2568 4890 2654 4945 hic
2677 4889 2822 4943 addit
2847 4884 3252 4958 Chrysostomns
3273 4924 3292 4948 ,
3319 4895 3506 4948 nempe
3537 4889 3660 4949 post
3707 4881 3790 4935 ill;

2273 4999 2478 5046 vocem,
2497 4983 2746 5037 lectorem
2769 4980 2997 5047 incipere
3020 4974 3341 5046 prophetiam
3367 4971 3541 5031 Isaiae;
3573 4985 3705 5037 qua:
3772 4989 3790 5019 π

2279 5075 2546 5147 prtemissa
2576 5072 2778 5135 fuerat,
2806 5078 2862 5124 ut
2889 5067 3168 5122 attentiore
3203 5065 3380 5118 animo
3421 5061 3567 5130 plebs
3617 5062 3790 5128 pmpl

2277 5180 2381 5226 tam
2403 5169 2626 5223 audiret.
2649 5166 2772 5221 Haec
2792 5177 2950 5233 porro
2971 5161 3148 5229 adjicit
3175 5157 3332 5212 etiam
3359 5155 3414 5210 S.
3437 5153 3626 5208 doctor
3649 5153 3709 5205 in
3749 5170 3789 5206 si

2277 5277 2435 5318 mone
2491 5260 2558 5314 de
2610 5255 2934 5312 Ascensione
2965 5269 2980 5307 :
3011 5250 3142 5305 Audi
3181 5250 3232 5302 in
3276 5247 3556 5319 precatione
3604 5243 3783 5296 diaco

2275 5368 2469 5424 semper
2517 5350 2766 5414 dicentes,
2819 5344 3066 5417 Angelum
3118 5340 3254 5412 pacis
3304 5347 3475 5408 rogate
3510 5333 3733 5404 (Tomo

2277 5442 2486 5514 eundo).

2349 5532 2563 5589 Diaconi
2613 5529 2843 5586 ofﬁcium
2886 5534 3000 5584 erat
3047 5522 3328 5579 tumultum
3372 5531 3779 5587 compescere,

2275 5626 2395 5683 cubi
2435 5626 2486 5680 in
2531 5623 2756 5679 ecclesia
2797 5615 3225 5689 oriretnr(Tomo
3253 5611 3462 5681 nono):
3494 5611 3788 5678 quamohr

2276 5729 2458 5775 monet
2482 5717 2569 5772 ille
2599 5725 2681 5780 ut,
2713 5715 2757 5769 si
2783 5712 2901 5782 quis
2925 5711 3083 5764 alium
3110 5707 3344 5762 dicteriis
3371 5704 3629 5772 impetat,
3658 5702 3773 5756 vel

2278 5809 2394 5877 sui.
2431 5808 2702 5867 cachinnis
2731 5817 2785 5864 et
2811 5804 3002 5861 fabulis
3041 5801 3307 5858 incumbat
3329 5839 3347 5861 ,
3384 5797 3642 5853 diaconus
3680 5798 3782 5852 ad
