3864 6408
123 353 184 408 63
899 341 1063 410 QUE
1101 340 1168 399 IN
1206 341 1544 403 OPERIBUS
1570 343 2062 401 οιιῐιγεοδτολιιλ
2085 341 2605 400 OBSERVANTUR.
3301 351 3384 406 (ιι.

121 489 296 536 cetur,
324 473 420 542 qui
456 469 614 527 sedet
655 467 823 524 fmilia
861 468 944 523 illa
971 509 987 534 ,
1013 476 1068 522 et
1103 465 1342 522 modeste
1369 478 1527 534 agere
1552 476 1704 516 com-

119 564 289 632 pellat.

184 654 259 708 De
287 651 668 706 sacerdotibus
703 658 879 703 autem
907 658 961 703 et
997 647 1236 701 diaconis
1276 645 1390 700 haec
1427 645 1702 701 continen-

117 755 190 797 ter
231 741 404 796 refert
447 741 865 808 Chrysostomus
907 737 1088 808 (Tomo
1141 737 1328 808 primo)
1362 755 1376 790 :
1405 734 1704 790 Sacerdotes

115 835 257 886 etiam
296 847 416 884 cunt
450 830 767 885 benedicturi
795 839 940 893 sunt,
971 827 1057 880 ubi
1086 828 1224 896 prius
1248 843 1420 896 pacem
1445 826 1580 880 vobis
1605 842 1704 894 ap-

122 923 310 992 prccati
341 923 569 991 fuerint,
607 922 842 990 deinceps
875 920 1117 988 incipiunt
1161 917 1462 971 benedicere.
1492 915 1558 968 Et
1587 931 1702 968 vero

117 1018 391 1079 diaconus,
421 1014 548 1066 dum
573 1029 690 1066 cum
718 1012 834 1064 aliis
860 1011 1054 1080 precari
1079 1009 1236 1075 iubet,
1268 1009 1362 1061 hoc
1386 1023 1583 1076 quoque
1608 1007 1704 1058 im-

121 1114 251 1170 perat
289 1104 344 1155 in
381 1104 646 1166 oratione,
691 1111 746 1154 ut
783 1101 1016 1171 angelum
1050 1100 1188 1168 pacis
1224 1114 1458 1169 rogemus
1481 1139 1495 1164 ,
1519 1106 1566 1151 et
1592 1112 1704 1166 qua

120 1193 371 1264 proposita
421 1202 562 1258 sunt,
589 1201 770 1245 cuncta
819 1192 1032 1261 paciﬁca
1062 1205 1082 1243 :
1111 1199 1158 1242 et
1206 1187 1268 1241 ab
1314 1188 1407 1241 hoc
1459 1196 1700 1240 conventu

121 1304 199 1339 eos
223 1287 490 1338 dimittens
515 1286 611 1338 hoc
629 1284 766 1338 vobis
789 1293 1021 1352 precatur
1046 1282 1215 1334 dicens
1241 1297 1259 1334 :
1289 1279 1357 1334 In
1387 1296 1508 1349 pace
1535 1279 1699 1334 disce-

123 1382 236 1432 dite.

182 1470 368 1540 Neque
391 1465 908 1540 prmtermittendum
938 1475 1019 1519 est
1047 1463 1096 1517 id
1133 1462 1275 1533 quod
1303 1462 1433 1517 dicit
1460 1460 1698 1532 Chryso-

119 1573 312 1616 stomus
337 1562 409 1616 de
433 1559 776 1613 daamoniacis
796 1567 849 1611 et
869 1566 1044 1610 mente
1069 1555 1258 1625 captis,
1283 1555 1366 1609 vel
1387 1559 1702 1623 energume-

120 1654 221 1714 nis,
252 1654 340 1722 qui
369 1658 663 1720 antequam
693 1647 946 1718 mysteria
975 1647 1389 1710 celebrarentur,
1419 1661 1448 1698 a
1475 1645 1702 1699 diacono

121 1745 509 1800 inducebantur
551 1751 606 1798 et
648 1742 817 1810 capita
868 1740 1126 1795 inclinare
1170 1739 1528 1809 jubebantur,
1575 1749 1701 1793 tunc

120 1835 278 1888 oratio
308 1847 411 1902 pro
442 1832 551 1885 illis
577 1831 690 1886 fieri
719 1830 943 1894 solebat,
970 1845 1089 1900 quae
1105 1838 1326 1884 catteras
1353 1844 1540 1884 omnes
1563 1845 1700 1898 prte-

119 1921 335 1976 eedebat
382 1921 406 1989 (
447 1919 613 1974 Tomo
638 1918 848 1991 prima).
889 1919 1133 1974 Graviter
1173 1928 1350 1973 autem
1391 1919 1562 1986 carpit
1613 1918 1702 1972 illo

125 2028 246 2078 eos,
279 2013 372 2082 qui
404 2010 549 2066 hanc
575 2010 868 2066 orationem
897 2026 1017 2064 cum
1047 2010 1165 2064 aliis
1201 2025 1306 2063 non
1338 2009 1699 2078 proferebant,

127 2107 206 2161 vel
234 2108 326 2176 qui
377 2117 509 2159 tunc
560 2115 747 2158 mutuo
795 2103 1188 2157 fabulabantur.
1240 2102 1412 2155 Prima
1460 2103 1699 2172 precatio,

117 2199 280 2268 inquit
332 2199 453 2261 ille,
475 2213 632 2264 quam
678 2211 772 2265 pro
819 2194 1161 2265 energumenis
1190 2192 1482 2245 adhibemus
1505 2231 1521 2256 ,
1554 2192 1701 2244 mise-

116 2290 348 2343 ricordia,-
399 2286 883 2340 commemoratione
921 2287 1070 2354 plcna
1115 2295 1184 2339 est
1209 2300 1229 2338 :
1255 2284 1476 2338 secunda
1509 2301 1703 2353 quoque

113 2399 195 2445 pro
219 2382 286 2434 iis
309 2422 323 2441 ,
347 2380 442 2446 qui
467 2379 521 2430 in
547 2378 840 2447 panitentia
872 2387 987 2430 sunt
1012 2419 1027 2440 ,
1069 2381 1278 2430 multam
1307 2375 1702 2430 misericordiam

109 2473 345 2540 postulat.
375 2469 561 2523 Tertia
587 2469 789 2522 demum
819 2484 910 2537 pro
938 2469 1079 2522 nobis
1103 2469 1226 2534 ipsis
1252 2476 1323 2520 est
1354 2483 1373 2521 :
1400 2476 1447 2520 et
1473 2468 1578 2520 haec
1610 2482 1702 2534 po-

110 2565 207 2630 puli
228 2565 464 2632 infantes
484 2563 776 2614 innocentes
800 2559 1009 2624 inducit,
1036 2557 1201 2613 Deum
1219 2560 1286 2612 ad
1309 2557 1704 2612 misericordiam
1751 2564 1771 2573 '

109 2663 460 2722 meantes.
491 2651 628 2717 Quia
647 2651 780 2704 enim
805 2666 898 2703 nos
923 2660 1128 2720 peccata
1153 2659 1324 2702 nostra
1362 2652 1660 2702 damnamus
1685 2687 1701 2713 ,

109 2763 188 2812 pro
213 2747 277 2798 .is
306 2746 399 2813 qui
439 2743 659 2795 multum
694 2751 963 2811 peccarunt
1003 2750 1048 2794 et
1082 2740 1312 2794 accusari
1353 2740 1564 2804 debent,
1611 2755 1703 2792 nos

115 2851 383 2903 precamur
417 2851 440 2887 :
476 2849 574 2904 pro
617 2832 760 2886 nobis
803 2847 916 2886 vero
941 2832 1100 2902 pueri,
1131 2848 1345 2901 quorum
1369 2831 1704 2902 simplicitatis

108 2928 384 2979 imitatores
405 2941 622 2996 regnum
644 2924 880 2978 caelorum
902 2932 1155 2993 exspectat
1177 2921 1358 2992 (Tomo
1383 2921 1641 2993 septimo).

686 3235 1006 3292 DIATRIBA
1047 3236 1134 3292 lli.

112 3395 182 3449 De
208 3396 472 3450 heretici:
499 3403 548 3448 et
591 3395 938 3449 hceresiarchis
974 3411 1096 3464 quos
1141 3399 1422 3465 frequenter
1463 3403 1706 3449 memorat

322 3485 723 3556 Chrysostomus
739 3527 757 3553 ,
786 3486 944 3556 deque
969 3486 1175 3539 illorum
1204 3485 1492 3540 ha'resibus.

180 3660 296 3713 Non
327 3658 563 3712 minoris
590 3673 769 3726 operte
793 3658 896 3712 erit
922 3673 988 3713 ex
1017 3667 1161 3713 tanta
1191 3674 1414 3728 operum
1444 3661 1591 3733 sylva
1617 3676 1702 3728 ea,

117 3769 227 3820 quae
257 3753 468 3822 passim
490 3750 904 3822 Chrysostomus
933 3761 1195 3806 memorat
1218 3751 1285 3807 de
1310 3751 1703 3820 hteresiarchis,

118 3846 177 3896 de
215 3843 521 3896 haeresibus
549 3852 602 3894 et
642 3841 910 3895 erroribus
931 3882 947 3905 ,
999 3843 1088 3912 qui
1126 3857 1240 3896 aevo
1265 3856 1363 3896 suo
1385 3842 1438 3896 in
1469 3842 1705 3898 Ecclesia

117 3935 374 3991 Orientaii
417 3934 824 4004 grassabantur,
863 3936 1040 3988 omnia
1077 3950 1365 4006 excerpere
1402 3944 1458 3991 et
1494 3951 1592 3992 suo
1620 3953 1708 3992 or-

120 4031 234 4084 dine
261 4043 577 4083 receusere.
610 4027 810 4082 Przeter
835 4043 928 4082 eos
951 4029 1093 4083 enim
1133 4029 1222 4098 qui
1249 4044 1364 4084 aevo
1400 4045 1498 4085 suo
1536 4033 1706 4086 exorti

120 4124 350 4186 fuerant,
381 4130 444 4173 ut
473 4121 740 4186 Anomtei,
769 4121 1152 4186 Macedoniam,
1184 4122 1482 4178 Pbotiniani
1507 4141 1521 4188 ;
1553 4133 1705 4180 vetu-

119 4214 308 4267 stiores
335 4213 504 4266 etiam
533 4211 728 4266 multos
761 4211 982 4278 inducit,
1011 4228 1233 4282 quorum
1259 4224 1402 4270 secta
1429 4215 1603 4270 adhuc
1625 4217 1707 4271 vel

120 4318 404 4358 snmerusa
432 4343 448 4365 ,
483 4302 567 4356 vel
604 4303 842 4356 nundum
876 4305 1133 4358 exstincta
1171 4314 1304 4360 erat.
1336 4305 1416 4360 Ad
1445 4305 1558 4360 haec
1579 4321 1708 4361 vero

121 4409 332 4449 ermres
357 4394 506 4448 circa
537 4391 695 4447 fidem
723 4395 1140 4464 quamplurimos
1160 4437 1175 4459 ,
1207 4397 1297 4466 qui
1341 4396 1480 4468 apud
1518 4398 1706 4468 vulgus

122 4488 202 4541 illo
229 4499 486 4555 tempore
510 4487 910 4557 spargebantur,
945 4489 1000 4542 in
1031 4490 1378 4545 conciouibus
1397 4492 1507 4546 suis
1531 4493 1709 4562 exagi-

121 4589 187 4630 tat
212 4594 280 4632 ac
311 4576 537 4634 refellit.
565 4577 964 4632 Observandum
991 4590 1167 4634 autem
1198 4581 1252 4634 in
1280 4580 1574 4637 haeresibus
1603 4583 1708 4640 illis

120 4687 226 4739 que
254 4680 392 4724 ante
417 4669 583 4722 tinem
613 4669 752 4724 tertii
790 4671 971 4725 seculi
1009 4681 1208 4726 exortae
1237 4671 1482 4739 fuerant,
1512 4675 1709 4730 multos

120 4763 194 4815 hic
220 4758 570 4830 deprehendi
597 4775 810 4814 errores
836 4775 864 4813 a
893 4762 1241 4831 scriptoribus
1267 4763 1419 4818 istius
1457 4765 1553 4819 aevi
1577 4781 1708 4821 nus-

119 4869 268 4919 quam
315 4859 670 4904 memoratos.
703 4850 808 4905 Eos
833 4851 975 4906 enim
1019 4852 1108 4918 qui
1171 4853 1338 4908 semel
1364 4855 1431 4907 ab
1457 4855 1710 4913 Ecclesia;

119 4941 412 4996 Catholicae
438 4941 777 5008 auctoritate,
804 4958 922 5011 qua:
946 4952 1031 5002 est
1056 4959 1157 4998 una
1179 4960 1320 5000 verae
1350 4945 1471 5000 fidei
1499 4963 1705 5016 norma,

119 5033 456 5089 deﬂexerant
478 5073 492 5097 ,
525 5031 580 5086 in
611 5047 778 5087 novos
801 5033 1038 5100 quotidie
1077 5034 1256 5104 lapsus
1283 5035 1537 5093 incidisse
1575 5039 1706 5095 nihil

120 5129 335 5182 mirum.

182 5219 408 5272 Docitas
434 5231 544 5270 non
571 5216 735 5272 semel
765 5218 1072 5287 perstringit
1092 5219 1201 5284 ille,
1229 5221 1342 5277 sive
1367 5223 1484 5276 illos
1511 5225 1598 5294 qui
1629 5226 1710 5280 di-

123 5311 304 5362 orbant
340 5308 616 5362 Christum
648 5311 863 5374 δοκήσει,
897 5308 948 5362 id
979 5317 1062 5363 est
1087 5351 1103 5375 ,
1134 5313 1298 5380 specie
1324 5353 1339 5375 ,
1368 5322 1568 5368 tantum
1595 5316 1708 5373 sive

123 5411 456 5470 apparati",
479 5410 538 5453 ut
560 5388 647 5453 alii
670 5399 874 5464 dicunt,
901 5409 992 5453 aut
1016 5403 1252 5470 putative,
1282 5411 1340 5458 ut
1359 5405 1432 5458 ait
1453 5403 1704 5473 lrenaeus,

122 5493 164 5544 in
196 5491 467 5544 mundum
496 5491 729 5543 venisse.
759 5490 1058 5545 Adventum
1088 5493 1229 5547 enim
1250 5534 1264 5558 ,
1294 5506 1452 5548 vitam
1483 5505 1537 5550 et
1567 5513 1709 5552 mor-

125 5592 219 5636 tem
264 5581 474 5637 Christi
518 5587 777 5653 φαντασίαν
796 5621 812 5646 ,
843 5583 1157 5649 phantasiam
1187 5595 1422 5648 tantum,
1454 5602 1556 5640 non
1593 5604 1705 5644 rem

123 5686 240 5729 vere
265 5681 482 5742 gestam
512 5671 675 5725 fuisse
705 5671 974 5740 putabant.
1004 5671 1411 5745 Cbrysostomus
1437 5693 1562 5732 vero
1583 5695 1706 5735 cum

131 5765 245 5818 dicit
271 5807 287 5829 ,
317 5762 598 5818 Christum
637 5763 900 5834 sepultum
928 5765 1094 5820 tribus
1119 5767 1303 5824 diebus
1329 5781 1383 5826 et
1413 5771 1580 5828 tribus
1605 5789 1703 5829 uo-

448 5846 724 5904 Pnncr..
775 5843 890 5904 Gn.
944 5845 1159 5903 LXIV.

1809 460 1980 514 ctibus
2007 463 2061 515 in
2085 463 2239 516 corde
2264 473 2412 516 terra
2440 463 2722 527 mansisse,
2748 460 2913 525 addit,
2943 471 2990 514 et
3011 477 3154 516 nemo
3182 464 3234 517 id
3262 482 3383 536 spe-

1808 552 1882 604 cie
1922 561 2120 604 tantum
2161 553 2352 606 factum
2395 552 2556 607 fuisse
2601 553 2897 622 suspicetur
2921 551 3101 622 (Tomo
3125 556 3386 624 septimo).

1811 641 1935 696 llaec
1963 643 2157 713 quippe
2185 642 2403 698 heresis
2435 659 2554 712 qua:
2587 643 2695 712 jam
2725 644 3026 712 apostolicis
3057 646 3381 712 temporibus

1808 744 1922 788 orta
1944 733 2134 796 fuerat,
2156 749 2270 789 aevo
2292 734 2654 806 Chrysostomi
2676 735 2847 790 adhuc
2867 735 3094 804 vigebat,
3121 744 3180 790 ut
3201 736 3383 790 videre

1809 835 1892 880 est
1948 827 2161 881 homilia
2206 838 2391 897 quarta
2451 828 2501 880 in
2558 828 2726 896 Epist.
2770 829 2834 882 ad
2879 829 3130 886 Hebraeos
3176 829 3382 897 (Tomo

1810 919 2130 989 duodecimo)
2157 938 2169 972 :
2203 918 2322 973 Pro:
2350 920 2541 990 pudore
2557 937 2610 974 se
2625 921 2931 975 abscondant
2961 922 3044 985 qui
3071 923 3243 974 dicunt
3271 937 3382 973 eum

1808 1010 2066 1063 advenisse
2096 1027 2183 1078 per
2209 1013 2425 1080 speciem
2447 1053 2462 1077 ,
2494 1028 2594 1064 non
2628 1013 2738 1081 ipsa
2763 1013 2833 1065 rei
2859 1013 3081 1066 ueritate.
3111 1011 3210 1078 Qui
3240 1013 3384 1080 prior

1811 1099 1967 1168 hujus
1995 1099 2212 1155 hazresis
2241 1102 2560 1156 mentionem
2589 1102 2714 1158 facit
2737 1110 2819 1156 cst
2849 1101 3077 1172 lgnatius
3104 1102 3303 1172 Martyr
3331 1103 3380 1154 iu

1809 1189 2043 1258 Epistula
2071 1190 2136 1244 ad
2167 1191 2460 1245 Trallianos
2498 1202 2552 1246 et
2595 1192 2650 1246 in
2681 1192 2910 1260 Epistula
2954 1192 3019 1247 ad
3057 1191 3378 1263 Smyrnaeos.

1809 1279 2129 1335 Memoratur
2149 1283 2306 1336 etiam
2339 1283 2404 1336 ab
2434 1282 2634 1338 lrenaco
2652 1325 2668 1350 ,
2697 1283 2968 1340 Clemente
2997 1285 3378 1347 Alexandrino,

1807 1375 1897 1442 qui
1939 1375 2216 1428 luereticos
2263 1375 2562 1445 hujusmodi
2591 1376 2803 1430 Docitas
2832 1385 3021 1442 vocat,
3049 1375 3115 1431 ab
3151 1374 3382 1444 Origene

1806 1465 1932 1520 item
1958 1475 2011 1520 et
2037 1467 2286 1521 Eusebio.

1876 1557 1981 1610 Alii
2029 1572 2156 1611 vero
2207 1557 2457 1612 dicebant
2505 1555 2773 1612 Christum
2822 1573 2917 1628 per
2961 1558 3180 1614 Mariam
3228 1573 3380 1629 quasu

1806 1660 1997 1714 aquam
2027 1661 2121 1714 per
2143 1648 2382 1700 canalem
2411 1647 2681 1705 lransiisse
2700 1657 2924 1716 tantum,
2965 1647 3016 1702 id
3059 1657 3160 1716 est,
3187 1663 3383 1718 corpus

1805 1737 1920 1805 ejus
1947 1752 2051 1792 non
2080 1739 2131 1792 in
2155 1746 2306 1792 utero
2328 1738 2558 1808 Virginis
2575 1741 2832 1805 crevisse,
2852 1740 2925 1794 uti
2955 1740 3093 1796 solet
3120 1740 3256 1805 fieri,
3286 1740 3378 1794 sed

1802 1829 1911 1898 jam
1939 1828 2217 1882 formatum
2249 1831 2520 1885 transiisse
2545 1839 2767 1890 tantum,
2790 1831 2934 1884 velut
2953 1846 3142 1900 aquam
3167 1846 3260 1900 per
3287 1847 3380 1886 ca-

1809 1920 1980 1974 nalem
2021 1937 2034 1974 :
2077 1936 2233 1988 quem
2275 1936 2512 1975 errorem
2552 1921 2724 1990 rejicit
2755 1920 3165 1992 Chrysostomus
3197 1920 3380 1994 (Tomo

1805 2010 2015 2078 septimo
2041 2009 2081 2080 ).
2114 2008 2346 2064 lrenaeus
2389 2025 2517 2065 vero
2567 2011 2704 2066 hanc
2739 2010 3042 2066 haereticam
3074 2011 3378 2080 opinionem

1811 2099 2190 2155 Valentinianis
2233 2101 2490 2156 adscribit
2534 2099 2807 2165 (Irenwus
2852 2119 2907 2172 p.
2959 2103 3100 2170 5'5),
3131 2112 3288 2172 atque
3313 2118 3382 2156 ex

1811 2191 2014 2246 Irenaeo
2059 2190 2385 2260 Epiphanius
2437 2191 2487 2244 id
2531 2193 2702 2261 ipsum
2748 2193 2946 2261 profert
2985 2191 3292 2264 (Epiphan.
3326 2214 3377 2262 p.

1811 2283 1914 2336 172
1938 2284 1983 2354 ).
2014 2282 2127 2338 lmo
2163 2292 2315 2338 erant
2343 2283 2555 2353 quidam
2587 2283 2821 2338 haeretici
2859 2285 2949 2353 qui
2989 2299 3053 2339 eo
3096 2285 3381 2354 impietatis

1806 2375 2182 2445 irrumperent,
2215 2388 2271 2427 ut
2293 2375 2470 2428 dicere
2491 2375 2604 2429 ausi
2633 2374 2758 2440 sint,
2788 2375 3204 2430 incarnationem
3229 2373 3324 2431 Clu
3341 2377 3382 2428 i-

1805 2467 1874 2520 sti
1909 2481 2028 2520 csse
2050 2465 2280 2521 fabulam
2311 2465 2396 2536 (Τ.
2419 2468 2494 2538 7).

1877 2559 2160 2615 Gnosticos
2204 2559 2370 2614 semel
2411 2568 2612 2613 tantum
2643 2567 3027 2614 commemorat
3062 2559 3382 2632 Chrysosto-

1807 2667 1945 2717 mus,
1973 2669 2104 2721 quos
2132 2652 2232 2706 hoc
2254 2653 2467 2706 nomine
2495 2667 2613 2706 sese
2633 2653 2984 2720 appellavisse
3007 2652 3154 2715 dicit,
3175 2654 3296 2722 quia
3323 2668 3382 2707 se

1806 2745 1943 2799 scire
1977 2744 2230 2812 putabant
2268 2743 2385 2812 plus
2423 2759 2581 2813 quam
2618 2744 2796 2798 caeteri
2827 2743 3028 2798 scirent
3070 2743 3253 2813 (Tomo
3283 2761 3380 2797 un-

1807 2833 2043 2908 decimo).
2067 2836 2169 2890 Sed
2191 2835 2258 2890 de
2281 2834 2680 2898 Valentinianis,
2703 2834 2792 2904 qui
2819 2843 2873 2890 et
2899 2835 2995 2902 ipsi
3025 2835 3077 2889 in
3103 2833 3384 2891 Gnostico-

1807 2941 1926 2980 rum
1952 2941 2176 2981 numero
2201 2926 2576 2989 censebantur,
2606 2927 2768 2981 multa
2806 2925 3010 2996 profert
3035 2927 3196 2981 variis
3225 2927 3276 2980 in
3305 2928 3381 2981 lo-

1806 3017 1908 3084 cis,
1959 3031 2079 3086 qua:
2115 3016 2426 3084 plerumque
2455 3031 2576 3070 cum
2620 3016 3075 3070 Marcionistarum
3118 3025 3173 3072 et
3216 3016 3384 3070 Mani-

1806 3105 2076 3161 chaeorum
2115 3105 2304 3161 lttnresi
2331 3107 2686 3161 consentiunt.
2718 3107 2936 3164 Dicebat
2969 3123 3130 3176 porro
3154 3107 3385 3163 Valenli-

1808 3212 1910 3252 nus
1939 3198 2212 3252 materiam
2242 3208 2367 3252 ante
2388 3200 2710 3253 creationem
2751 3198 2934 3253 mundi
2973 3199 3378 3267 praeexstitisso,

1806 3303 1964 3358 quem
2000 3299 2054 3344 et
2085 3289 2218 3343 alios
2255 3289 2450 3344 similia
2493 3288 2822 3358 proferentes
2853 3288 3192 3344 validissimis
3227 3304 3384 3355 argu-

1807 3378 2002 3435 mentis
2041 3381 2275 3434 confutat
2312 3380 2400 3434 ille
2424 3378 2604 3448 (Tomo
2628 3380 2852 3447 quarto).
2879 3381 3045 3433 Deum
3073 3394 3199 3434 vero
3217 3377 3380 3433 Grca-

1809 3481 1977 3525 torem
2018 3485 2138 3526 esse
2176 3473 2573 3541 negabatzerat
2620 3471 2762 3525 enim
2810 3485 2877 3524 ex
2923 3485 3144 3523 numero
3195 3484 3381 3523 eorum

1807 3563 1896 3634 qui
1939 3562 2202 3618 Eonibus
2262 3564 2439 3620 omnia
2495 3563 2858 3618 adscriberent
2905 3561 3201 3634 (ibidem).
3249 3563 3380 3617 Cum

1809 3656 2162 3712 Marcionistis
2223 3667 2403 3712 autem
2449 3666 2504 3712 et
2559 3655 2860 3712 Manicbteis
2900 3656 3147 3712 dicebant
3194 3655 3383 3710 Valen-

1809 3749 1993 3802 tiniani
2034 3749 2192 3802 deum
2237 3748 2781 3803 veteris'l'estamenti
2825 3757 3095 3802 auctorem
3120 3763 3240 3804 esse
3267 3765 3382 3801 nta-

1810 3841 1960 3895 lum:
1989 3854 2043 3895 et
2077 3840 2154 3895 sic
2189 3840 2324 3895 duos
2378 3839 2726 3895 admittebant
2771 3839 2932 3902 deos,
2982 3839 3139 3894 deum
3191 3855 3384 3905 nempe

1809 3933 1932 3986 novi
1960 3931 2280 3987 Testamenti
2307 3973 2321 3997 ,
2361 3948 2520 4003 quem
2565 3931 2760 3986 bonum
2803 3921 3185 4001 putabant,'et
3221 3932 3380 3988 deum

1811 4025 2011 4080 veteris
2035 4024 2380 4091 Testamenti,
2408 4040 2564 4094 quem
2593 4024 2814 4088 malum,
2838 4025 2944 4080 imo
2967 4024 3242 4082 Manicbaii
3268 4025 3384 4080 dia-

1809 4114 1992 4170 bolum
2018 4129 2136 4170 esse
2161 4115 2439 4180 dicebant,
2462 4125 2516 4171 et
2543 4115 2622 4170 sic
2645 4116 2816 4185 legem
2844 4130 2873 4168 a
2899 4116 3076 4186 Moyse
3101 4116 3380 4185 prolatam,

1813 4217 1868 4261 ut
1900 4223 1930 4261 a
1973 4208 2113 4261 malo
2139 4207 2241 4261 deo
2266 4207 2440 4260 datam
2472 4222 2538 4262 ex
2577 4207 2969 4275 Scripturarum
3016 4209 3257 4277 catalogo
3291 4225 3384 4260 ox-

1811 4301 2114 4368 pttngebant
2141 4299 2157 4368 (
2182 4296 2342 4351 Tomo
2369 4299 2532 4368 primo
2558 4307 2603 4352 et
2629 4296 2787 4351 Tomo
2807 4296 3062 4369 septimo).

1882 4391 2301 4446 lncarnationem
2339 4406 2466 4445 vero
2509 4389 2705 4444 Christi
2748 4405 2867 4444 cum
2911 4389 3382 4453 Marcioue,l\lani-

1806 4483 1964 4537 chazo
1991 4491 2044 4538 et
2086 4483 2203 4538 aliis
2239 4482 2467 4552 negabat
2505 4482 2814 4537 Valentinus
2849 4481 3028 4552 (Tomo
3056 4483 3222 4554 tertio)
3249 4522 3264 4546 ,
3295 4499 3382 4548 ματ

1811 4591 1867 4628 os
1919 4574 2108 4627 diaboli
2158 4574 2327 4628 dicens
2350 4615 2365 4639 ,
2397 4590 2512 4628 eum
2565 4590 2724 4643 neque
2771 4575 3086 4627 incarnatum
3147 4589 3270 4634 esse,
3297 4589 3384 4624 ne-

1810 4681 1908 4736 que
1933 4682 2135 4720 carnem
2163 4665 2389 4720 induisse
2409 4707 2425 4729 ,
2455 4666 2545 4720 sed
2570 4666 2782 4734 speciem
2820 4665 2874 4718 id
2898 4664 3168 4735 quamdam
3190 4665 3343 4732 fuisse
3363 4707 3378 4726 ,

1813 4759 2133 4829 phantasma,
2161 4760 2530 4812 simulationem
2561 4774 2579 4812 :
2605 4758 2799 4811 tametsi
2826 4757 3081 4828 passiones
3107 4769 3150 4810 et
3175 4773 3310 4810 mors
3335 4767 3384 4810 et

1811 4852 2097 4920 sepulcrum
2124 4861 2169 4905 et
2194 4852 2351 4921 fames
2375 4851 2712 4905 reclamabant
2737 4867 2755 4904 :
2782 4853 2823 4904 si
2861 4851 2988 4904 nihil
3015 4852 3192 4904 horum
3220 4853 3382 4905 conti-

1811 4945 1980 5015 gisset,
2019 4962 2184 4999 nonne
2227 4946 2384 4998 multo
2431 4945 2649 5014 amplius
2695 4945 2925 4998 diabolus
2972 4946 3078 4998 hinc
3115 4945 3386 5014 impietatis

1814 5039 2030 5106 pessima
2053 5038 2287 5108 dogmata
2315 5037 2723 5092 disseminasset?
2765 5036 2916 5102 Quod
2945 5037 3115 5107 ipsum
3142 5037 3264 5092 alibi
3295 5055 3378 5092 rc-

1814 5128 1944 5197 pctit
1969 5126 2380 5200 Clirysostomus
2409 5127 2603 5199 (Tomo
2635 5128 2840 5198 primo).

1886 5219 1963 5274 De
2004 5220 2268 5277 Marcione
2291 5232 2345 5276 et
2377 5221 2666 5282 Manicme
2708 5223 2981 5276 innumera
3023 5236 3160 5290 pene
3187 5222 3388 5276 haben-

1815 5319 1901 5364 tur
1943 5311 1994 5364 iu
2033 5311 2398 5384 Chrysostomi
2426 5315 2717 5384 operibus;
2752 5315 2980 5382 itemque
3006 5313 3072 5367 de
3105 5313 3386 5367 Marcioni-

1813 5412 1912 5464 stis
1936 5418 1991 5464 et
2029 5407 2350 5463 Manichteis.
2375 5407 2436 5461 lli
2463 5421 2590 5461 vero
2616 5405 2846 5460 haeretici
2879 5406 2930 5459 in
2953 5406 3133 5459 multis
3159 5422 3387 5459 consen-

1814 5500 2046 5562 tiebant;
2089 5499 2182 5553 sed
2213 5499 2330 5566 quia
2359 5497 2568 5567 utrique
2611 5497 2773 5550 multa
2806 5495 3072 5550 habebant
3097 5496 3195 5549 sibi
3226 5510 3386 5563 pecu—

1815 5592 1962 5645 liaria
1989 5632 2005 5658 ,
2036 5591 2102 5645 de
2139 5590 2398 5644 ambobus
2435 5588 2718 5659 separatim
2754 5588 3038 5658 agendum.
3094 5586 3342 5640 Marciani
3371 5626 3384 5646 ,

1813 5681 2003 5737 Maneti
2033 5689 2088 5736 et
2112 5680 2395 5735 Valentino
2421 5679 2632 5734 errandi
2660 5694 2873 5734 causam
2896 5678 3058 5733 fuisse
3082 5678 3225 5740 dicit,
3247 5679 3383 5746 ψιοά

1817 5789 2058 5845 qumnam
2087 5773 2155 5828 sit
2184 5774 2442 5827 malorum
2469 5786 2622 5827 causa
2660 5770 2967 5842 quaesierint
2991 5811 3004 5824 .
3032 5777 3085 5821 et
3125 5783 3218 5838 per
3255 5768 3386 5821 hanc

2995 5859 3034 5920 Ιι
