3818 6460
430 323 438 331 ’
465 359 533 410 er:
1804 365 2047 425 svsors

2163 366 2392 427 EORUM
3645 376 3710 437 66

467 481 814 549 qumstionem
864 483 1166 538 innumeras
1220 481 1451 537 haereses
1509 481 1813 537 suscitarint
1850 479 2048 553 (Tomo

470 574 676 646 primo).
711 574 929 628 Dicebat
957 574 1081 628 item
1123 573 1353 628 Marcion
1380 572 1654 628 materiam
1680 581 1803 628 ante
1823 576 2048 629 creatio-

470 682 590 721 nem
646 665 826 721 mundi
873 665 1251 736 prmexstitisse
1305 665 1324 735 (
1347 664 1504 720 Tomo
1550 670 1789 735 quarto).
1821 664 2046 720 Marcio-

470 760 622 813 nistte
644 774 774 815 vero
804 759 1057 829 putabant
1090 758 1396 814 Creatorem
1430 759 1629 829 justum
1659 759 1869 829 quidem
1896 773 2047 825 esse,

402 906 411 911 _
470 849 566 903 sed
596 865 701 904 non
732 850 926 905 bonum
958 849 979 922 (
1007 848 1163 904 Tomo
1187 848 1427 922 decimo).

541 939 703 996 Iidem
742 956 871 996 vero
909 940 1078 1010 legem
1125 941 1318 1013 Moysis
1361 957 1424 995 ex
1464 941 1706 1011 catalogo
1748 940 2048 995 divinarum

472 1032 867 1101 Scripturarum
905 1032 1281 1104 expungebant
1327 1031 1415 1101 (Τ
1416 1048 1529 1086 omo
1574 1031 1783 1103 primo).
1834 1031 2053 1087 Dicebat

471 1124 613 1177 enim
676 1123 929 1190 Marcion,
958 1141 1062 1179 non
1120 1139 1239 1180 esse
1293 1123 1538 1179 eumdem
1586 1123 1784 1178 veteris
1834 1128 1891 1177 et
1930 1122 2051 1177 novi

460 1214 800 1269 Testameuti
844 1213 1232 1287 Deum(Tomo
1275 1213 1463 1285 tertio).
1491 1213 1621 1268 Nam
1674 1214 1800 1269 licet
1842 1213 1895 1267 id
1947 1228 2051 1268 non

472 1320 726 1375 expresse
763 1304 980 1369 feratur,
1023 1306 1311 1360 verisimile
1338 1320 1553 1373 prorsus
1591 1312 1675 1359 est
1711 1304 1856 1358 illum
1879 1345 1894 1368 ,
1926 1320 2052 1373 per-

474 1395 601 1450 inde
643 1405 800 1463 atque
828 1396 1088 1450 Manetem
1108 1437 1123 1461 ,
1153 1396 1311 1449 deum
1348 1396 1544 1449 malum
1573 1403 1628 1451 et
1654 1395 1811 1450 deum
1856 1395 2053 1449 bonum

474 1486 754 1542 admisisse
776 1527 791 1549 ,
825 1502 889 1541 ac
921 1488 1078 1542 deum
1119 1487 1313 1541 malum
1347 1502 1443 1557 pro
1468 1499 1710 1542 creatore
1756 1487 1936 1541 mundi
1963 1487 2058 1541 ha-

476 1577 675 1637 buisse.
711 1588 868 1647 atque
898 1579 976 1632 sic
1002 1578 1370 1647 intelligendus
1394 1588 1507 1631 erat
1530 1593 1650 1632 eum
1675 1577 1875 1632 diceret
1890 1577 2054 1632 Deum

477 1685 581 1725 non
612 1686 731 1725 esse
754 1679 1049 1725 creatorem
1077 1670 1257 1724 mundi
1285 1668 1484 1743 (Tomo
1511 1678 1688 1739 quarto
1714 1675 1751 1738 ).

548 1760 777 1815 Marcion
834 1760 1082 1815 Ponticus
1131 1759 1342 1815 dicebat
1384 1759 1651 1814 Christum
1707 1759 1916 1814 nonnisi
1965 1774 2060 1829 per

475 1852 706 1921 speciem
746 1851 1026 1906 advenisse
1052 1849 1233 1921 (Tomo
1260 1852 1450 1923 tertio),
1477 1867 1581 1922 qua
1626 1852 1677 1904 in
1724 1865 1784 1906 re
1823 1866 2056 1905 consen-

477 1945 639 2000 tiebat
668 1960 771 2000 non
802 1945 959 2000 modo
979 1960 1102 2000 cum
1129 1943 1437 2001 Manicineis
1463 1954 1517 1999 et
1542 1944 1944 2007 Valentinianis,
1962 1941 2060 1998 sed

476 2038 633 2092 etiam
662 2053 781 2091 eum
817 2038 1191 2093 vetustioribus
1222 2037 1482 2091 hmreticis
1506 2038 1593 2107 qui
1621 2036 1870 2106 putabant
1900 2033 2059 2090 Chri-

479 2139 619 2184 stum
648 2129 827 2198 specie
869 2137 1071 2183 tantum
1106 2138 1165 2183 et
1208 2143 1304 2199 per
1343 2128 1671 2197 phantasiam
1703 2127 1930 2183 venisse.
1968 2126 2057 2180 ln-

478 2222 838 2276 carnationem
868 2220 1212 2276 vero‘Christi
1235 2221 1461 2291 negabat
1487 2262 1504 2286 ,
1534 2235 1635 2291 qua
1667 2220 1718 2273 in
1754 2235 1814 2275 re
1836 2234 1866 2274 a
1889 2217 2060 2290 Chry-

479 2322 720 2369 sostomo
741 2312 1063 2368 validissime
1092 2311 1396 2368 confutatur
1428 2315 1447 2382 (
1478 2311 1521 2367 Τ
1521 2329 1633 2367 omo
1657 2321 1797 2367 sexto
1822 2321 1869 2366 et
1897 2309 2059 2365 Temo

478 2405 732 2474 septimo).

549 2494 786 2566 Negabat
809 2509 1019 2565 quoque
1041 2493 1311 2551 Christum
1339 2511 1468 2551 vere
1495 2510 1708 2565 passum
1732 2508 1853 2552 esse
1877 2493 2058 2568 (Tomo

477 2586 753 2657 septimo).
781 2586 1115 2657 Quapropter
1159 2587 1288 2642 dicit
1332 2598 1546 2642 sanctus
1601 2586 1790 2642 doctor
1824 2602 1919 2642 eos
1967 2586 2059 2657 qui

478 2678 756 2733 Marcionis
795 2679 983 2733 morbo
1010 2678 1250 2733 laborant
1265 2678 1400 2733 ﬁlios
1428 2678 1624 2733 diaboli
1648 2693 1768 2733 esse
1792 2676 2055 2748 (Ibidem).

488 2768 703 2825 Dicebat
745 2769 907 2824 etiam
936 2769 1161 2825 Patrem.
1197 2769 1430 2840 ignotum
1473 2785 1593 2825 esse
1623 2770 1758 2825 Filio
1784 2770 1895 2824 Dei.
1922 2769 2060 2825 Mar-

476 2864 713 2918 cionista-
736 2862 1068 2918 adﬁrmabant
1096 2862 1365 2919 Christum
1407 2879 1512 2919 non
1551 2878 1671 2917 esse
1706 2863 2009 2918 Creatorem
2041 2879 2055 2917 :

479 2968 614 3022 quos
660 2954 871 3023 egregie
907 2952 1536 3027 refellit'Cbrysostomus
1566 2952 1855 3025 (Ibidem).
1884 2953 2057 3025 Nega-

478 3042 604 3097 bant
645 3044 806 3097 etiam
846 3042 987 3114 quod
1030 3058 1097 3098 ex
1153 3042 1315 3098 Maria
1346 3043 1561 3113 Virgine
1601 3053 1753 3098 natus
1800 3053 1963 3111 esset,
1995 3059 2058 3100 ae

374 3130 381 3137 ’
476 3133 617 3203 quod
647 3149 775 3189 vere
800 3135 1224 3191 resurrexisseta
1244 3137 1469 3191 mortuis
1493 3136 1677 3206 (Tomo
1706 3139 1921 3207 octavo).

546 3224 859 3281 Gchennam
906 3226 1104 3281 nullam
1150 3236 1272 3297 post
1317 3236 1542 3282 mortem
1583 3227 1697 3283 fore
1746 3227 2059 3283 dictitabant

476 3317 846 3382 Marcionisue,
876 3334 1101 3389 quorum
1133 3318 1512 3387 impudentiam
1543 3318 1847 3389 comprimit
1871 3318 2059 3374 doctor

477 3418 659 3464 uoster
683 3409 701 3480 (
723 3408 879 3463 Tomo
908 3410 1086 3482 nono).
1112 3410 1257 3465 Pauli
1294 3410 1450 3465 dictis
1496 3411 1743 3466 utebatur
1781 3411 2012 3467 Marcion
2036 3453 2052 3475 ,

476 3499 570 3555 sed
625 3501 907 3556 truncatim
943 3508 998 3557 et
1050 3503 1265 3558 concise
1307 3500 1491 3574 (Tomo
1553 3503 1786 3575 decimo).
1835 3505 2057 3560 Marcio-

478 3592 631 3647 nistae
668 3606 795 3647 vero
829 3607 989 3647 unum
1030 3602 1237 3648 tantum
1279 3594 1655 3664 evangelistam
1708 3596 2051 3665 recipiebant,

474 3696 633 3749 quem
658 3681 829 3751 ipsum
855 3690 1028 3737 tamen
1049 3682 1308 3738 arbitratu
1329 3696 1428 3738 suo
1449 3684 1890 3739 mutilaverantet
1908 3699 2054 3740 com-

480 3773 824 3826 miscuerant.

547 3862 898 3920 Marcionistae
923 3864 1191 3921 Salamine
1213 3876 1369 3922 erant
1400 3867 1451 3921 in
1480 3866 1679 3940 Cypro,
1709 3876 1765 3922 et
1794 3877 1959 3923 totam
1990 3870 2055 3923 il-

474 3956 579 4011 lam
606 3957 873 4012 civitatem
903 3960 1308 4029 opprimebant,
1345 3960 1513 4029 inquit
1541 3977 1555 4013 :
1581 3962 1666 4015 cui
1705 3960 1844 4015 malo
1881 3977 2054 4017 reme—

471 4045 620 4100 dium
649 4047 842 4115 aﬂ‘erre
869 4047 1089 4119 parabat
1117 4048 1530 4122 Chrysostomus
1554 4091 1569 4115 ,
1598 4060 1655 4106 et
1692 4066 1808 4106 rem
1835 4067 2051 4107 omnem

476 4137 702 4193 feliciter
738 4139 1077 4194 conlecturus
1105 4151 1256 4206 erat,
1285 4142 1387 4196 nisi
1416 4142 1617 4211 ejectus
1645 4152 1701 4199 et
1729 4144 1781 4198 in
1809 4144 2051 4199 exsilium

472 4228 668 4284 missus
697 4228 882 4284 fuisset
912 4228 1097 4299 (Tomo
1126 4230 1316 4303 tertio).

541 4319 992 4374 Marcionistarnm
1046 4336 1171 4376 vero
1233 4338 1384 4377 usum
1434 4323 1716 4394 quemdam
1774 4326 2049 4384 ridiculum

469 4411 543 4466 ita
587 4410 842 4465 describit
884 4421 1100 4467 sanctus
1139 4413 1338 4470 doctor‘
1371 4414 1570 4486 (Tomo
1599 4415 1792 4472 decimo
1817 4417 1858 4490 ).
1900 4419 2051 4475 Post-

467 4520 653 4571 quam,
701 4503 907 4572 inquit,
959 4505 1341 4561 catechumenus
1371 4508 1620 4579 quispiam
1656 4510 1794 4580 apud
1818 4512 1934 4566 illos
1963 4513 2051 4565 de-

470 4596 674 4664 functus
710 4604 819 4660 est,
851 4597 942 4649 sub
982 4597 1109 4650 lecto
1144 4599 1329 4651 mortui
1355 4601 1596 4655 absconso
1623 4601 1795 4672 aliquo
1829 4604 2045 4670 uiuente,

472 4686 713 4740 accedunt
737 4686 803 4738 ad
823 4696 1072 4740 mortuum
1089 4729 1103 4750 ,
1127 4698 1175 4740 et
1198 4688 1523 4758 alloquuntur
1545 4692 1746 4760 ipsum,
1773 4705 2049 4764 rogantque

467 4776 648 4831 velitne
684 4778 911 4844 accipere
948 4778 1269 4848 baptismum.
1310 4777 1510 4834 Deinde
1548 4782 1638 4835 illo
1674 4784 1800 4837 nihil
1838 4803 2048 4856 respon-

467 4867 632 4929 dente,
665 4866 751 4938 qui
776 4866 1049 4921 absconsus
1078 4877 1149 4920 est
1176 4885 1267 4937 pro
1292 4869 1382 4921 illo
1398 4869 1519 4923 dicit
1543 4887 1597 4923 se
1618 4872 1742 4925 velle
1760 4872 2008 4944 baptizari
2024 4892 2044 4930 :

468 4969 512 5010 et
541 4958 613 5012 sic
637 4975 756 5012 eum
780 4958 1037 5029 baptizant
1073 4976 1165 5028 pro
1194 4977 1252 5015 eo
1274 4961 1361 5030 qui
1388 4963 1636 5027 excessit;
1663 4981 1721 5018 ac
1744 4967 1790 5019 si
1812 4967 1864 5020 in
1889 4984 2041 5023 scena

469 5050 700 5103 luderent
739 5066 757 5103 :
782 5060 979 5104 tantum
1021 5050 1179 5105 ualuit
1227 5051 1457 5107 diabolus
1498 5054 1552 5108 in
1596 5056 1888 5128 ignavorum
1923 5061 2039 5114 ani-

467 5142 579 5194 mis.
615 5139 808 5195 Deinde
843 5157 956 5194 cum
992 5149 1326 5207 accusantur,
1366 5144 1637 5200 obtendunt
1677 5147 1772 5201 Itoc
1804 5150 2002 5204 verbum
2022 5192 2037 5215 ,

464 5229 756 5294 Apostolus,
784 5229 1035 5301 inquiunt,
1066 5230 1213 5297 dixit,
1247 5230 1348 5299 Qui
1372 5232 1668 5304 baptizatur
1692 5253 1791 5308 pro
1815 5242 2040 5297 mortuis

466 5321 556 5383 (l.
582 5318 702 5374 Cor.
732 5319 821 5377 15.
849 5319 976 5391 29).

538 5407 683 5462 Alias
706 5425 916 5479 quoque
942 5409 1222 5469 Marcionis
1249 5423 1303 5468 et
1327 5413 1778 5474 Marcionistarum
1815 5430 2036 5477 senten-

467 5498 568 5551 tias
607 5506 662 5551 et
694 5495 833 5552 dicta
877 5500 1031 5554 καῖεν-ι
1069 5501 1500 5575 Chrysostomus.
1538 5507 1651 5563 Non
1684 5520 1910 5580 poterat,
1955 5513 2039 5568 in-

466 5584 681 5652 quiebat
699 5586 949 5653 Marcion,
972 5590 1127 5653 Deus,
1144 5608 1412 5665 assumpta
1430 5615 1610 5666 carne,
1638 5616 1854 5658 manere
1877 5619 2036 5659 mun-

461 5673 585 5730 dus.
609 5676 682 5731 Ex
720 5675 792 5732 iis
827 5693 979 5746 vero,
1011 5696 1129 5751 quae
1163 5682 1236 5743 de
1268 5685 1619 5746 Marcionistis
1647 5694 1843 5763 passim
1880 5693 2028 5759 dicit,

466 5766 720 5836 liquidum
753 5781 832 5827 est
876 5772 1327 5830 Marcionismrnm
1364 5778 1605 5835 lueresim
1645 5798 1744 5836 suo
1786 5794 2023 5852 tempore

2155 482 2387 553 viguisse
2414 499 2429 535 :
2459 483 2567 537 imo
2603 483 3013 554 disputationem
3044 499 3203 556 quam
3245 500 3368 543 cum
3396 487 3718 552 Marciouiua

2154 572 2383 642 quodam
2435 572 2616 627 habuit
2661 574 2823 629 refert
2868 574 3092 630 llomilia
3137 577 3291 631 tertia
3338 579 3393 632 in
3441 578 3606 648 Epist.
3656 587 3713 639 ad

2158 663 2519 719 Philemonem
2534 663 2619 737 (Τ.
2649 665 2957 735 undecimo).
2984 664 3117 721 Cum
3141 668 3282 722 enim
3304 668 3531 738 probare
3555 670 3723 736 vellet,

2157 758 2320 821 Deum
2349 758 2505 812 etiam
2524 773 2646 812 eum
2669 772 2854 826 pinnas
2877 759 3096 827 expetit,
3118 758 3314 814 bonum
3342 770 3396 815 et
3414 760 3722 817 clementem

2154 861 2297 909 esse.
2326 856 2379 901 et
2408 847 2549 901 hunc
2574 847 2747 901 locum
2773 847 2986 902 all'erret
3016 865 3030 903 :
3061 848 3235 903 Solem
3269 850 3394 905 oriri
3421 862 3563 905 curat
3582 869 3725 923 super

2157 938 2319 992 malos
2345 948 2391 991 et
2416 937 2595 1000 bonos,
2620 938 2750 1008 pluit
2776 955 2928 1008 super
2942 940 3114 1010 justas
3146 950 3192 994 et
3219 941 3435 1011 injustas
3465 957 3485 996 :
3509 942 3720 998 Marciu-

2158 1031 2296 1086 nista
2321 1031 2410 1100 qui
2438 1028 2624 1084 aderat
2664 1030 2939 1099 reSpondit
2970 1049 2983 1083 :
3013 1029 3069 1085 Si
3107 1043 3445 1101 peccatorum
3473 1034 3727 1092 rationem

2158 1136 2264 1175 non
2304 1128 2597 1190 expeteret,
2639 1120 2689 1174 id
2730 1121 2982 1176 bonitatis
3015 1122 3161 1188 fore;
3194 1123 3238 1176 si
3279 1132 3521 1193 expetat,
3548 1124 3600 1178 id
3625 1124 3729 1194 jam

2157 1211 2412 1266 bonitatis
2445 1227 2550 1265 non
2587 1225 2726 1266 esse.
2763 1210 2960 1265 Contra
3000 1227 3128 1267 vero
3166 1211 3578 1284 Chrysostomns
3612 1230 3729 1285 pro-

2158 1302 2323 1369 bavit,
2378 1303 2566 1366 Deum,
2611 1302 2655 1356 si
2709 1303 2966 1357 rationem
3024 1318 3129 1358 non
3177 1314 3412 1373 expetat,
3461 1320 3566 1359 non
3615 1321 3730 1362 esse

2160 1395 2379 1458 bonum,
2418 1403 2472 1449 et
2497 1393 2617 1464 quia
2647 1395 2866 1464 expetit,
2897 1393 3018 1448 ideo
3048 1394 3242 1449 bonum
3269 1411 3411 1452 esse.
3448 1396 3580 1463 Quia
3609 1412 3731 1452 vero

2159 1494 2469 1556 argumenta
2499 1485 2615 1554 ejus
2643 1485 2818 1539 omnia
2851 1485 3049 1540 referre
3077 1485 3328 1555 longioris
3355 1497 3497 1543 esset
3522 1503 3695 1559 operae
3712 1530 3729 1554 ,

2161 1579 2226 1631 ad
2255 1578 2428 1632 locum
2460 1581 2630 1647 ipsum
2656 1577 2913 1632 mittimus
2940 1576 3124 1645 (Tomo
3152 1579 3377 1650 quarto).

2232 1668 2411 1724 Manes
2440 1676 2495 1723 et
2528 1667 2834 1734 Manichzei,
2864 1683 2999 1737 quos
3027 1670 3220 1738 passim
3252 1669 3540 1725 insectatur
3567 1672 3733 1745 Chry-

2161 1772 2427 1813 sostomus
2465 1759 2734 1821 dicebant,
2776 1769 2832 1814 ut
2860 1759 3092 1815 Marcion
3118 1769 3174 1815 et
3205 1761 3531 1829 Valentinus,
3566 1774 3731 1820 mate-

2167 1852 2299 1905 riam
2331 1861 2455 1906 ante
2484 1852 2662 1906 mundi
2692 1852 3016 1907 creationem
3041 1852 3308 1908 exstitisse
3336 1852 3518 1925 (Tomo
3546 1855 3730 1928 tertio).

2161 1942 2276 1998 Non
2318 1953 2525 2012 poterat
2556 1944 2695 1998 enim
2730 1943 2888 2008 Deus,
2913 1944 3236 2013 iuquiebant,
3259 1944 3513 1999 mundum
3545 1961 3731 2001 creare

2163 2034 2363 2105 absque
2379 2035 2620 2090 materia.
2639 2033 2842 2089 Bomuu
2865 2042 2919 2089 et
2942 2035 3138 2090 malum
3173 2036 3330 2090 deum
3351 2035 3693 2093 admittebant
3718 2057 3731 2091 :

2164 2126 2362 2180 malum
2392 2125 2549 2180 deum
2580 2126 2779 2181 veteris
2812 2124 3132 2181 Testamenti
3177 2136 3449 2182 auctorem
3498 2144 3620 2184 esse
3655 2128 3733 2183 af-

2163 2216 2473 2282 ﬁrmabant,
2518 2217 2715 2272 bonum
2776 2225 2954 2272 autem
3001 2218 3123 2272 novi
3165 2217 3491 2275 Testamenti
3533 2220 3733 2292 (Tomo

2160 2307 2394 2378 septimo)
2431 2309 2538 2363 imo
2576 2318 2812 2364 veterem
2854 2309 3023 2380 legem
3064 2325 3131 2365 ex
3168 2311 3380 2366 diabolo
3426 2327 3546 2369 esse
3596 2314 3734 2369 dices

2163 2401 2310 2456 haut.
2347 2400 2528 2471 (Tomo
2557 2398 2742 2473 primo)
2774 2400 3108 2456 Patriarchas
3146 2413 3322 2469 autem
3364 2414 3418 2458 et
3451 2405 3737 2474 prophetas

2163 2492 2283 2547 ideo
2307 2491 2652 2561 spernebant,
2683 2490 2825 2562 quod
2861 2492 2914 2547 in
2940 2493 3105 2547 veteri
3135 2492 3252 2562 lege
3284 2492 3526 2549 fuissent.
3556 2495 3736 2566 (Tomo

2159 2582 2363 2652 quarto)
2391 2583 2555 2636 Deum
2579 2597 2706 2637 vero
2734 2591 3029 2638 creatorem
3047 2598 3166 2639 esse
3183 2584 3441 2654 negabant
3468 2584 3735 2654 (Ibidem);

2162 2674 2269 2727 imo
2296 2680 2536 2728 naturam
2553 2674 2703 2743 quasi
2726 2688 2829 2728 non
2851 2672 3041 2729 factam
3060 2674 3405 2742 honorabant(
3427 2674 3487 2730 Τ.
3513 2678 3731 2749 octavo).

2160 2762 2340 2833 Neque
2353 2772 2531 2818 tamen
2546 2764 2644 2819 sibi
2661 2764 3045 2830 constabant,si
3058 2765 3127 2821 de
3142 2765 3243 2821 illis
3256 2766 3654 2838 intelligendum
3670 2772 3735 2825 sit

2161 2857 2212 2913 id
2229 2858 2367 2929 quod
2390 2857 2518 2912 dicit
2531 2856 2963 2928 Chrysostomus,
2982 2867 3038 2913 ut
3066 2859 3283 2913 omnino
3311 2861 3602 2915 verisimile
3617 2872 3729 2917 est:

2164 2949 2402 3016 Quidam,
2424 2950 2593 3017 inquit
2609 2947 2817 3016 (Ibid.),
2839 2949 2998 3002 alium
3029 2964 3136 3003 esse
3160 2949 3336 3003 mundi
3362 2961 3642 3005 creatorem
3660 2953 3735 3005 di-

2160 3049 2297 3105 cunt,
2322 3056 2572 3108 operaque
2598 3040 2814 3095 t'isibilia
2846 3056 2945 3094 non
2972 3041 3083 3110 ejus
3110 3056 3234 3104 esse,
3263 3041 3352 3095 sed
3385 3041 3593 3098 alterius
3622 3043 3735 3111 Dei,

2160 3130 2259 3199 ipsi
2281 3131 2538 3184 contrarii.
2577 3129 2700 3185 Ideo
2727 3140 2902 3185 autem
2943 3132 3278 3200 reprobatam
3309 3133 3471 3188 fuisse
3495 3145 3733 3190 veterem

2160 3221 2329 3292 legem
2360 3222 2623 3284 dicebant.
2652 3223 2774 3291 quia
2800 3238 2828 3275 a
2857 3223 2996 3277 malo
3034 3222 3136 3278 deo
3165 3220 3323 3286 facta,
3353 3224 3491 3279 mala
3530 3234 3586 3279 et
3625 3226 3734 3297 ipsa

2159 3324 2292 3378 erat,
2320 3324 2478 3384 atque
2509 3316 2609 3368 hoc
2625 3314 2864 3385 Apostoli
2897 3314 3040 3369 dicto
3068 3316 3352 3371 utebantur
3383 3333 3398 3370 :
3431 3315 3733 3386 Reprobatio

2156 3406 2357 3474 quidem
2381 3406 2437 3474 fit
2463 3405 2791 3475 praecedentis
2815 3406 3042 3461 mandati
3065 3418 3270 3477 propter
3304 3408 3658 3474 inﬁrmitatem
3692 3419 3735 3467 et

2156 3495 2475 3550 inutilitatem
2500 3494 2681 3564 (Hebr.
2699 3497 2752 3550 7.
2782 3496 2890 3566 l8).
2916 3496 3056 3553 Ecce
3079 3497 3289 3558 Paulus,
3312 3498 3620 3569 inquiebant
3639 3500 3734 3566 illi,

2156 3587 2351 3641 malum
2374 3581 2502 3641 dicit
2520 3587 2823 3641 mandatum
2841 3586 3022 3654 (Tomo
3039 3587 3379 3660 duodecimo).
3406 3589 3514 3645 Sed
3527 3593 3734 3647 attende

2156 3677 2440 3749 diligenter,
2471 3679 2683 3748 reponit
2709 3677 3125 3750 Chrysostomus
3163 3697 3177 3734 :
3206 3697 3307 3734 non
3333 3681 3455 3734 dicit
3498 3685 3639 3751 quod
3672 3685 3737 3737 sit

2156 3772 2389 3826 vitiosum
2430 3781 2477 3825 et
2515 3788 2746 3842 prauum,
2788 3771 2877 3827 sed
2914 3780 3120 3843 propter
3158 3773 3509 3843 inﬁrmitatem
3546 3775 3659 3846 ejus
3692 3786 3738 3830 et

2155 3864 2494 3918 inutilitatem.

2224 3955 2475 4011 Naturam
2515 3965 2750 4012 nostram
2785 3971 2906 4013 esse
2946 3956 3140 4011 malam
3180 3954 3519 4012 affirmabant
3550 3956 3736 4028 (Tomo

2155 4047 2392 4120 secundo)
2428 4066 2441 4102 :
2473 4057 2754 4118 tamenque
2802 4049 2924 4118 quia
2965 4064 3069 4103 non
3121 4056 3296 4117 petest
3342 4049 3591 4119 impietas
3644 4066 3735 4106 se—

2154 4153 2275 4194 cum
2326 4154 2536 4208 semper
2579 4139 2880 4194 consentire
2900 4181 2915 4204 ,
2948 4139 3001 4193 in
3029 4154 3180 4193 canes
3226 4148 3273 4193 et
3301 4140 3473 4194 simias
3499 4144 3737 4211 ferasque

2154 4230 2318 4284 omnis
2357 4232 2553 4301 generis
2589 4230 2812 4284 divinam
2855 4232 3119 4285 essentiam
3157 4231 3478 4298 inducebant,
3512 4232 3737 4288 dicentes

2152 4324 2375 4391 ferarum
2403 4321 2627 4373 omnium
2652 4321 2849 4375 animus
2874 4337 2936 4374 ea:
2959 4320 3131 4375 divina
3158 4323 3373 4375 essentia
3397 4338 3542 4388 esse;
3572 4322 3647 4376 ita
3678 4332 3737 4377 ut

2153 4415 2307 4482 longe
2328 4416 2612 4470 nobiliores
2636 4417 2829 4471 anima:
2852 4416 3081 4473 ferarum
3111 4428 3291 4473 essent
3316 4419 3601 4476 animabus
3632 4420 3734 4475 ho-

2152 4507 2372 4560 minum.
2400 4508 2705 4563 Creaturam
2755 4524 2881 4563 vero
2926 4509 3200 4564 Manichwi
3227 4511 3409 4581 (Tomo
3456 4513 3659 4583 tertio),
3687 4524 3736 4567 et

2150 4600 2239 4653 alii
2267 4601 2486 4655 [ueretici
2520 4602 2745 4671 quidam,
2776 4604 2858 4657 dei
2886 4592 3129 4658 non'boni
3165 4621 3293 4673 opus
3321 4623 3429 4661 esse
3455 4608 3738 4663 dixerunt:

2148 4692 2353 4762 quidam
2377 4709 2531 4745 unum
2548 4694 2660 4763 ejus
2686 4703 2878 4763 partem
2898 4697 3126 4750 auulsam
3148 4712 3181 4749 a
3204 4698 3415 4763 ueteris,
3437 4706 3740 4766 spontaneo!

2148 4783 2371 4837 materiae
2393 4783 2744 4847 attribuerunt,
2768 4802 2973 4856 eamque
2994 4788 3255 4858 indignam
3276 4805 3381 4841 esse
3409 4788 3503 4842 Dei
3523 4789 3738 4859 api/icio

2136 4874 2462 4943 judicarunt.
2490 4876 2637 4930 Licet
2673 4886 2851 4931 autem
2898 4877 3216 4933 Manicltmos
3259 4894 3363 4933 non
3396 4880 3644 4934 nominet
3683 4880 3736 4934 in

2149 4964 2283 5019 libro
2311 4965 2379 5020 de
2408 4965 2810 5034 Prophetiarum
2836 4968 3181 5033 obscuritate,
3214 4970 3333 5024 illos
3360 4980 3536 5025 tamen
3569 4972 3739 5041 respi-

2144 5056 2216 5110 cit
2243 5072 2360 5111 cum
2394 5058 2664 5127 impugnat
2706 5075 2800 5114 eos
2837 5061 2927 5130 qui
2959 5060 3205 5116 dicebant
3237 5078 3434 5133 corpus
3458 5078 3583 5117 esse
3613 5080 3734 5117 ma-

2144 5146 2287 5213 lum;
2330 5136 2648 5218 illoruinque
2688 5165 2926 5206 errorem
2961 5150 3200 5222 depellit,
3243 5168 3349 5222 quo
3388 5151 3736 5209 affirmabant

2143 5238 2333 5291 malam
2360 5253 2478 5293 esse
2502 5249 2742 5294 naturam
2769 5238 2949 5312 (Tomo
2976 5241 3233 5314 septimo).

2212 5330 2531 5385 Manichacus
2551 5332 2710 5387 Persa
2734 5334 3147 5389 incarnationem
3178 5335 3331 5390 Verbi
3359 5335 3448 5389 Dei
3472 5338 3737 5406 negabat,

2143 5430 2199 5474 ut
2244 5429 2301 5477 et
2343 5421 2575 5478 Marcion
2621 5434 2676 5478 et
2722 5424 3052 5489 Valentinus,
3096 5426 3409 5495 dicebatque
3447 5425 3735 5482 Christum

2141 5514 2353 5569 nonnisi
2410 5530 2505 5586 per
2549 5517 2782 5586 speciem
2825 5518 3135 5582 advenisse,
3184 5518 3365 5588 sicque
3414 5518 3734 5576 Docttarum

2140 5602 2365 5659 lneresin
2385 5607 2674 5662 renovabat
2705 5604 2886 5673 (Tomo
2913 5609 3104 5673 tertio).
3128 5608 3380 5677 Idemque
3396 5609 3735 5665 Manichtcus

2138 5696 2356 5763 perinde
2390 5705 2550 5768 atque
2588 5698 2837 5764 Marcion,
2884 5699 3152 5755 Christum
3198 5717 3302 5756 non
3345 5715 3465 5757 esse
3497 5715 3729 5757 creato-

2138 5804 2248 5842 rem
2276 5792 2613 5846 asseverabat
2640 5789 2821 5856 (Tomo
2850 5792 3105 5861 septimo).
