3864 6390
143 329 207 380 67
910 321 1076 390 QUAS
1119 321 1182 376 ΙΝ
1221 320 1558 379 OPERIBUS
1594 323 2074 382 CHRYSOSTOMI
2113 323 2638 382 OBSERVANTUR.
3320 335 3386 390 68

196 459 504 525 ﬂanichzei,
531 457 708 529 inquit
731 455 1170 529 Chrysostomus,
1198 470 1358 511 canes
1393 456 1525 510 muti
1548 465 1603 511 et
1631 471 1717 511 ra-

134 560 234 616 hidi
258 553 505 622 speciem
534 550 750 621 quidem
781 566 891 620 pra:
925 565 985 604 se
1020 548 1198 604 ferunt
1233 549 1542 616 modestiae,
1576 549 1717 603 intus

134 662 249 699 vero
288 658 516 713 gravem
555 657 748 696 canum
790 641 1049 695 insaniam
1091 641 1287 706 fovent,
1333 650 1386 695 et
1424 641 1539 695 ovis
1579 641 1718 708 pelle

133 745 305 804 lupum
373 734 653 788 occultant
703 731 902 803 (Tento
949 732 1173 802 quarto)
1215 750 1228 786 :
1270 747 1333 785 ex
1404 730 1506 786 hoc
1564 731 1714 804 ιοφ,

130 827 280 877 Anien
301 824 423 878 dico
450 825 561 885 tibi,
595 824 747 877 hodie
769 839 961 876 mecum
981 823 1080 876 eris
1100 823 1154 875 in
1176 822 1414 892 paradiso
1439 821 1590 889 (Luc.
1619 825 1710 878 25.

132 920 239 986 45),
274 919 600 983 inferebant,
649 916 1053 972 retributionem
1083 917 1224 970 illam
1264 918 1455 971 animie
1497 917 1718 972 latronis

135 1014 388 1078 integram
431 1008 627 1062 factam
668 1007 835 1062 fuisse
874 1017 928 1062 et
964 1023 1250 1076 numquam
1293 1006 1405 1061 fore
1434 1022 1715 1075 corporum

136 1101 578 1155 resurrectionem
605 1118 620 1154 :
647 1115 783 1170 quos
808 1100 1018 1169 egregie
1042 1097 1235 1152 refellit
1257 1097 1397 1152 idem
1420 1098 1476 1150 S.
1507 1098 1715 1162 doctor,

138 1204 188 1246 ut
212 1194 441 1262 quisque
469 1191 652 1246 videre
691 1191 876 1260 possit.
912 1190 1163 1244 Dicebant
1189 1204 1397 1259 quoque
1424 1205 1518 1258 per
1545 1204 1719 1243 resur—

140 1285 424 1337 rectionem
468 1282 692 1352 intelligi
735 1293 958 1336 mortem
987 1290 1040 1336 et
1075 1281 1441 1336 liberationem
1471 1297 1500 1334 a
1533 1296 1717 1350 pecca-

142 1381 197 1430 tis
221 1375 405 1444 (Temo
431 1374 648 1443 decimo)
661 1414 673 1426 .

201 1487 556 1542 Affirmabant
577 1529 592 1548 .
614 1487 785 1556 inquit
814 1486 1226 1557 Chrysostomus
1248 1484 1430 1558 (Temo
1455 1485 1713 1558 septimo),

141 1579 408 1633 Manichaei
459 1578 718 1632 malitiam
753 1593 874 1632 esse
919 1579 1191 1632 immotam
1239 1578 1324 1632 vel
1367 1578 1713 1644 immobilem,

140 1687 299 1740 neque
337 1683 501 1738 posse
535 1669 775 1739 superari
805 1677 860 1723 et
895 1668 1077 1734 avelli,
1121 1667 1311 1722 diaboli
1352 1685 1459 1722 rem
1491 1678 1710 1739 agentes,

138 1763 204 1814 ait
247 1761 356 1825 ille,
407 1768 454 1812 et
501 1776 698 1824 eorum,
751 1760 836 1829 qui
882 1759 1052 1812 virtuti
1102 1775 1308 1828 operam
1346 1759 1470 1814 dare
1512 1760 1712 1825 vellent,

140 1869 306 1905 manus
342 1852 702 1916 dissolventes,
741 1851 992 1914 vitamque
1027 1867 1224 1904 omnem
1259 1862 1546 1905 evertentes.
1577 1851 1716 1905 Nam

137 1945 216 2010 qui
247 1943 354 1994 lure
382 1942 694 2011 persuadere
727 1951 995 2005 conantur,
1027 1958 1129 1994 non
1167 1945 1342 2012 futura
1377 1950 1570 1995 tantum
1599 1959 1716 2012 pes-

138 2035 385 2096 sumdant,
424 2034 515 2087 sed
551 2035 821 2104 prtesentia
860 2049 1056 2105 quoque
1087 2034 1334 2104 susdeque
1358 2046 1572 2090 vertunt.
1605 2036 1717 2092 lmo

137 2129 378 2180 dicebant
419 2125 618 2178 malum
650 2139 769 2180 esse
807 2125 1118 2194 ingenitum.
1146 2125 1340 2192 Quanti
1369 2135 1548 2181 autem
1593 2128 1716 2182 hinc

135 2233 338 2271 errores
378 2225 739 2285 sequerentur
778 2221 968 2285 probat
997 2216 1083 2270 ille
1119 2225 1174 2270 et
1207 2217 1464 2287 lucifugas
1500 2218 1717 2288 depellit

137 2306 316 2372 (Temo
369 2304 566 2377 nono).
592 2306 729 2360 Alibi
781 2321 990 2376 quoque
1030 2306 1144 2362 hmo
1190 2308 1391 2377 profert
1422 2329 1434 2362 :
1465 2309 1564 2364 Per
1615 2327 1714 2380 pu-

135 2399 286 2450 tidum
299 2412 360 2449 os
388 2395 793 2449 Manichaeorum
814 2397 1043 2450 diabolus
1063 2414 1117 2451 se
1139 2398 1414 2468 ingenitum
1433 2416 1538 2454 esse
1556 2401 1675 2454 dicit
1697 2417 1716 2454 :

133 2507 282 2553 nam,
327 2489 508 2556 inquit
539 2487 658 2551 ille,
713 2487 988 2542 Manio/usi
1027 2491 1256 2544 dicebant
1311 2491 1450 2561 apud
1493 2491 1717 2546 Paulunt

131 2584 270 2634 ιίαωι
315 2582 478 2651 hujus
531 2581 704 2635 seculi
747 2582 1034 2652 signiﬁcare
1084 2583 1343 2638 diabolum
1383 2583 1581 2655 (Temo
1637 2586 1719 2640 de-

133 2676 255 2726 cimo
275 2675 320 2742 ).

192 2788 508 2842 Encratitas
560 2801 664 2841 una
721 2801 842 2842 cum
900 2786 1256 2844 Marcionistis
1308 2798 1363 2844 et
1414 2789 1717 2845 Manichaeis

128 2887 522 2934 commemorat
579 2877 992 2950 Chrysostomus
1029 2879 1212 2951 (Temo
1269 2882 1580 2952 undecimo).
1642 2883 1718 2938 De

129 2973 220 3028 hac
248 2982 439 3026 autem
479 2971 674 3026 hmresi
720 2973 992 3028 rarissime
1027 2973 1190 3028 verba
1232 2975 1393 3040 facit;
1434 2986 1718 3048 tamenque

128 3079 216 3115 suo
244 3073 498 3131 tempore
525 3061 818 3116 Encratitte
843 3063 1020 3119 adhuc
1048 3065 1346 3120 Antiochia:
1380 3077 1553 3134 erant,
1583 3077 1718 3123 teste

128 3153 452 3222 Epiphanio.
490 3153 794 3207 Encratitas
833 3169 938 3208 non
983 3157 1148 3210 semel
1179 3169 1562 3213 commemorat
1598 3158 1718 3214 Cle-

129 3260 276 3298 mens
306 3243 732 3309 Alexandrinus,
760 3245 849 3314 qui
881 3246 1018 3300 libro
1039 3247 1070 3300 7
1092 3246 1420 3302 Stromatum
1455 3251 1565 3315 ait,
1597 3251 1718 3306 illos

128 3342 218 3391 ad
265 3337 532 3406 ἐνεργείας,
575 3340 672 3391 ἀπὸ
722 3344 989 3410 ἐγκρατείας
1031 3341 1108 3394 sic
1157 3341 1433 3410 appellari.
1461 3342 1718 3412 Origenes

129 3439 308 3484 contra
351 3431 574 3484 Celsum
625 3431 754 3485 dicit
803 3433 948 3501 ipsus
987 3449 1090 3486 non
1135 3433 1413 3489 admisisse
1454 3436 1718 3505 Epistolas

132 3521 295 3576 Pauli.
349 3523 548 3576 Narrat
596 3539 724 3578 vero
781 3526 1040 3580 Eusebius
1089 3527 1226 3583 Hist.
1280 3529 1428 3585 Eccl.
1485 3547 1538 3600 p.
1593 3531 1716 3595 M9.

133 3612 287 3681 hujus
334 3615 610 3669 haereseos
658 3624 928 3671 auctorem
985 3618 1145 3673 fuisse
1201 3619 1500 3675 Tatianmn.
1557 3623 1719 3693 quue

132 3705 415 3758 confirmat
453 3706 614 3758 etiam
647 3706 994 3776 Epiphanius,
1035 3709 1125 3781 qui
1163 3711 1308 3766 addit
1352 3713 1475 3768 illos
1510 3713 1717 3768 Tatiani

133 3798 388 3852 doctrina:
436 3799 682 3868 quaedam
736 3800 1017 3869 adjecisse.
1073 3804 1351 3872 scripturis
1398 3807 1719 3878 apocryphis

133 3906 256 3944 usos
281 3891 478 3954 fuisse.
508 3907 700 3961 nempe
719 3893 868 3947 Actis
895 3895 1142 3962 Androm,
1163 3895 1380 3951 Joannis
1401 3908 1455 3953 et
1473 3899 1713 3965 Thamar;

134 3984 342 4052 nuptias
380 3997 452 4035 ex
485 3982 701 4037 diabolo
743 3999 864 4038 esse
901 3985 1165 4047 docuisse,
1205 3989 1435 4042 animata
1475 3989 1722 4059 repudia-

133 4077 290 4135 visse,
325 4087 524 4141 aquam
566 4073 739 4126 solum
768 4074 1076 4130 adhibuisse
1116 4077 1168 4130 in
1210 4079 1508 4148 mysteriis,
1538 4081 1717 4135 vinum

132 4176 249 4217 esse
308 4161 637 4217 diabolicum
685 4167 984 4232 potavisse,
1043 4171 1488 4225 resurrectionem
1541 4180 1718 4227 tamen

137 4255 249 4311 fore
279 4255 604 4322 credidisse,
638 4260 1046 4327 temperantiam
1078 4261 1432 4318 simulavisse.

197 4371 352 4426 Multi
386 4381 544 4424 erant
584 4381 824 4442 tempore
857 4373 1245 4447 Chrysostomi,
1277 4379 1365 4448 qui
1395 4379 1578 4449 genesi
1608 4382 1721 4437 sive

132 4462 572 4531 genethlialogite
612 4461 809 4517 dabant
836 4481 1076 4533 operam,
1113 4468 1307 4538 quique
1347 4484 1415 4524 ex
1453 4480 1720 4526 astrorum

132 4567 286 4607 cursu
325 4563 382 4607 et
413 4549 792 4621 conjunctione
819 4555 991 4611 futura
1025 4559 1404 4627 priedicehant,
1435 4572 1487 4616 et
1518 4571 1574 4616 ut
1599 4579 1719 4618 cre-

133 4648 255 4699 dere
297 4655 408 4710 est,
456 4646 653 4702 multos
695 4647 1020 4714 alliciebant,
1059 4653 1147 4720 qui
1192 4663 1249 4706 ut
1288 4645 1460 4707 futura
1498 4656 1596 4708 sibi
1637 4656 1721 4710 vel

134 4738 263 4792 bona
298 4741 384 4793 vel
419 4739 558 4794 mala
589 4751 1004 4814 przrnosccrent,
1036 4745 1100 4798 ad
1132 4747 1428 4817 astrologos
1456 4749 1572 4802 illos
1601 4765 1723 4819 pro-

143 4833 430 4897 perabant,
462 4841 522 4886 ut
551 4833 669 4886 data
699 4835 974 4900 mercede,
1005 4853 1126 4907 qua:
1153 4839 1253 4892 sibi
1290 4851 1545 4896 eventura
1570 4853 1725 4898 erant

137 4923 446 4976 ediscerent
491 4922 693 4991 (Temo
740 4927 1008 4995 septimo).
1051 4927 1159 4983 Hos
1187 4923 1542 4986 vehementer
1585 4935 1724 4988 inse-

134 5026 304 5068 t'lalllr
351 5007 776 5086 Chrysostomus
815 5015 996 5086 (Temo
1026 5020 1342 5092 duodecimo)
1381 5041 1394 5074 :
1434 5023 1722 5096 Usqueque,

137 5103 324 5174 inquit,
357 5106 550 5159 ludetis
578 5106 934 5162 revolutienem
965 5119 1010 5163 et
1035 5113 1254 5182 genesim
1283 5113 1612 5170 inducentes?
1646 5115 1724 5170 Ex

137 5199 275 5252 falsis
316 5214 457 5253 vero
505 5199 959 5270 pra‘dictionibus,
1004 5219 1136 5273 quas
1183 5221 1327 5274 sape
1367 5207 1720 5275 protulerant,

136 5310 287 5360 quam
331 5309 472 5347 vana
519 5295 590 5347 sit
623 5311 712 5350 ars
751 5297 1051 5365 hujusmotli
1095 5298 1302 5366 probat,
1343 5301 1580 5372 nihilque
1618 5317 1726 5356 non

137 5388 234 5456 agit
263 5396 322 5441 ut
342 5386 627 5441 auditores
652 5403 776 5442 suos
801 5405 828 5442 a
855 5392 1062 5444 curiosa
1089 5401 1143 5446 et
1169 5393 1309 5446 inani
1335 5395 1718 5464 perquisitione

137 5487 359 5534 avertat.
394 5478 626 5543 Quidam
665 5495 792 5533 vero
838 5496 902 5534 ex
944 5482 1111 5552 magis
1151 5492 1206 5537 et
1236 5484 1388 5538 stella
1416 5499 1534 5554 qua:
1559 5501 1726 5555 appa-

139 5573 232 5624 ruit
271 5573 325 5626 in
368 5581 495 5625 ortu
533 5570 753 5636 Christi,
798 5574 1020 5642 probare
1050 5576 1356 5631 nitebantur
1389 5579 1726 5649 astrologiam

140 5680 314 5718 veram
344 5681 474 5720 esse
501 5663 866 5733 disciplinam,
897 5683 1029 5736 quos
1064 5678 1279 5725 strenue
1309 5669 1499 5725 refellit
1525 5683 1576 5727 et
1603 5688 1730 5728 con-

137 5756 262 5810 {utut
291 5757 742 5825 Chrysostomns.

1893 449 2082 506 lnsana
2109 467 2319 522 quoque
2345 449 3010 524 Anthropomorphitarum
3039 452 3257 510 litercsis
3281 471 3396 507 :evo

1823 542 1916 596 illo
1945 543 2171 611 vigebat.
2197 542 2259 596 lli
2289 557 2352 598 ex
2385 546 2484 598 hoc
2505 543 2730 599 Genesis
2747 544 2904 607 dicto,
2935 543 3202 598 Faciamus
3231 546 3397 599 hemi—

1822 649 1934 686 nem
1954 633 2226 686 secundum
2246 633 2513 703 imaginem
2539 644 2583 687 et
2603 634 2980 687 similitudinem
3001 643 3219 688 nostram
3247 643 3258 690 t
3269 634 3397 690 Gen.

1823 723 1873 776 l.
1900 721 2016 792 26),
2049 723 2212 776 Deum
2256 725 2481 777 humana
2528 723 2692 778 forma
2749 735 2802 779 et
2844 740 3069 794 corpore
3121 728 3397 796 praeditum

1822 815 1983 870 fuisse
2014 814 2505 881 inferebant(Tomo
2533 817 2865 887 quarte).llic
2891 819 3155 888 insurgunt
3181 821 3401 873 hwretici

1821 907 1930 972 alii,
1951 908 2119 976 inquit
2134 907 2242 972 ille,
2261 906 2501 960 Ecclesia:
2515 909 2750 978 dogmata
2765 908 3130 978 impugnantes,
3145 919 3189 961 et
3207 911 3399 976 dicunt,
3455 895 3474 912 ’

1821 996 1954 1051 Ecce
1981 999 2122 1063 dicit,
2156 997 2444 1051 Secundum
2482 998 2749 1068 imaginem
2787 1008 3049 1062 nostram;
3087 1008 3134 1051 et
3171 999 3289 1053 inde
3315 1015 3402 1054 vo-

1821 1090 1930 1143 lunt
1966 1089 2070 1142 Deo
2097 1090 2366 1143 humanam
2403 1091 2618 1159 formam
2645 1091 2894 1153 tribuere;
2918 1091 2973 1144 id
3004 1093 3135 1161 quod
3169 1103 3402 1146 extrenuc

1820 1180 1970 1249 fuerit
1989 1183 2238 1246 amentiae,
2271 1191 2322 1235 ut
2343 1183 2384 1235 is
2410 1183 2496 1252 qui
2523 1186 2686 1253 forma
2715 1185 2971 1252 specieque
2999 1196 3162 1251 caret,
3195 1197 3240 1238 et
3271 1189 3399 1240 nulli

1820 1274 2086 1326 mutationi
2105 1273 2348 1328 obnoxius
2367 1285 2460 1343 est,
2486 1275 2574 1329 sub
2597 1276 2868 1329 humanam
2887 1278 3142 1346 redigatur
3163 1282 3398 1348 formam,

1820 1370 1868 1414 et
1906 1363 2198 1432 incorporeo
2225 1364 2448 1418 membra
2485 1375 2529 1418 et
2557 1367 2857 1420 lineamenta
2883 1367 3220 1422 attribuantur
3245 1386 3262 1422 :
3290 1387 3404 1440 qua

1821 1456 1935 1508 huic
1962 1457 2159 1510 insania
2187 1475 2282 1528 par
2307 1460 2498 1529 fuerit?
2525 1460 2656 1525 Quia
2688 1476 2812 1515 vero
2840 1461 3400 1532 Anthropomorphita:

1824 1543 1948 1599 hinc
1991 1560 2138 1600 suam
2190 1547 2507 1604 confirmare
2551 1551 2870 1604 sententiam
2922 1567 3076 1620 posse
3119 1555 3398 1622 putabant.

1819 1635 1961 1704 quod
1990 1637 2041 1690 in
2071 1635 2338 1704 Scriptura
2361 1652 2511 1692 sacra
2541 1641 2804 1694 diceretur
2835 1641 2973 1696 Deus
3003 1659 3211 1709 manus,
3243 1644 3402 1712 pedes

1820 1738 1875 1782 et
1916 1729 2096 1783 oculos
2138 1729 2352 1794 habere,
2379 1747 2498 1800 qua}
2541 1732 2678 1785 dicta
2734 1734 3018 1787 humanam
3055 1734 3277 1788 fortnam
3304 1752 3397 1789 ex-

1819 1818 2049 1887 primere
2088 1818 2188 1872 sibi
2239 1819 2556 1874 videbantur
2591 1821 2785 1893 (Temo
2814 1824 3019 1894 quinto)
3057 1841 3070 1875 :
3103 1824 3220 1878 illos
3274 1841 3398 1894 pro-

1819 1909 1963 1979 ﬂigat
1989 1909 2420 1980 Chrysostomus,
2457 1912 2573 1968 h:ec
2599 1914 2828 1968 vicissim
2852 1915 3109 1985 objiciens
3143 1935 3156 1970 :
3189 1918 3400 1986 Ergone

1821 2000 2007 2063 Deum,
2032 2001 2150 2070 quia
2182 2001 2231 2055 in
2257 2002 2526 2070 Scriptura
2553 2004 2745 2059 dicitur
2772 2021 2953 2060 arcum
2987 2008 3203 2063 tendere
3229 2020 3279 2063 et
3311 2025 3402 2061 sa-

1819 2093 1975 2160 gittas
2004 2093 2268 2156 emittere,
2301 2095 2664 2163 sagittarium;
2698 2105 2750 2150 et
2778 2096 2897 2166 quia
2936 2097 3164 2167 gladium
3195 2099 3402 2154 vibrare

1819 2179 2007 2247 fertur,
2051 2183 2272 2238 militem
2319 2184 2657 2253 putabimus?
2694 2203 2870 2240 annon
2911 2187 2997 2241 illa
3043 2189 3241 2252 ointiia,
3285 2206 3401 2259 qlia.-

1819 2272 2156 2338 metaphorice
2183 2281 2386 2327 tantum
2417 2273 2556 2328 dicta
2591 2285 2740 2343 sunt,
2770 2277 2847 2331 sic
2882 2277 2948 2332 ad
2982 2277 3211 2334 litteram
3241 2279 3403 2335 inter-

1821 2364 2017 2432 pretari
2037 2375 2296 2419 extremae
2320 2367 2600 2421 dementia:
2623 2368 2814 2422 fuerit?

1891 2453 2180 2520 Sabellius,
2230 2457 2398 2526 inquit
2438 2457 2626 2512 doctor
2675 2469 2856 2514 noster
2906 2459 3110 2532 (Temo
3166 2462 3328 2530 primo
3357 2465 3396 2533 ),

1819 2561 1998 2616 genere
2017 2545 2160 2615 Afer,
2183 2563 2296 2600 cum
2333 2548 2587 2613 audisset,
2611 2547 2722 2621 Ego
2741 2559 2788 2605 et
2812 2550 2966 2604 Pater
3001 2569 3156 2606 unum
3186 2571 3359 2608 sumus
3383 2597 3398 2619 ,

1821 2645 1904 2702 et,
1937 2636 2035 2701 Qui
2074 2637 2194 2690 vidit
2233 2655 2341 2706 me,
2383 2640 2502 2692 vidit
2537 2639 2744 2694 Patrem
2774 2643 3398 2713 (Ιοαη.10.50;12.45).

1820 2741 1883 2780 ea:
1911 2727 2005 2779 hac
2034 2727 2291 2781 verborum
2314 2731 2705 2807 propinquitate,
2736 2750 2836 2801 qua
2862 2735 2928 2785 ad
2956 2737 3226 2805 genitorem
3261 2755 3404 2791 acce-

1820 2817 1936 2871 dere
1974 2818 2252 2886 videbatur,
2298 2822 2606 2874 occasionem
2645 2823 2915 2892 impietatis
2956 2826 3188 2896 arripuit,
3234 2828 3307 2880 ita
3347 2837 3402 2881 ut

1819 2926 1974 2962 unam
2031 2927 2136 2965 esse
2181 2928 2445 2982 personam
2470 2955 2486 2980 ,
2526 2925 2571 2966 et
2619 2915 2926 2984 hypostasim
2971 2935 3122 2970 unam
3163 2933 3399 2974 censeret.

1821 2999 2073 3068 Spiritum
2113 3018 2305 3072 quoque
2330 3015 2558 3056 sanctum
2602 3022 2701 3059 non
2747 3024 2898 3060 unant
2943 3009 3240 3062 constituere
3281 3009 3402 3064 Tri-

1819 3095 1992 3147 nitatis
2047 3110 2310 3164 personam
2369 3096 2644 3166 afﬁrmabat
2669 3096 2862 3168 (Temo
2913 3100 3120 3173 octavo)
3141 3142 3156 3166 ,
3187 3102 3406 3156 dicebat-

1818 3202 1914 3256 que
1956 3184 2161 3240 Patrem
2214 3195 2260 3240 et
2309 3186 2504 3242 Filium
2558 3199 2605 3242 et
2665 3189 2914 3260 Spiritum
2967 3204 3222 3259 sanctum,
3267 3197 3405 3249 nuda

1820 3293 1926 3330 esse
1977 3278 2180 3331 nomina
2213 3280 2303 3332 uni
2347 3297 2571 3349 persome
2610 3283 2847 3352 imposita
2879 3282 3060 3353 (Temo
3089 3287 3400 3356 undecimo).

1821 3384 2013 3438 nempe
2052 3371 2342 3426 secundum
2381 3371 2732 3428 differentiam
2774 3376 3142 3443 operationum
3191 3395 3205 3431 :
3243 3393 3400 3446 quam

1823 3460 2090 3525 haaresim,
2121 3475 2173 3517 ut
2201 3481 2314 3518 ςυνο
2340 3480 2438 3520 suo
2465 3466 2748 3534 vigentem,
2775 3467 2970 3535 passim
3003 3467 3088 3522 ille
3114 3467 3331 3538 depellit
3349 3479 3404 3526 et

1821 3553 2051 3621 exagitat
2078 3552 2258 3624 (Temo
2287 3555 2623 3626 duodecimo).

1890 3641 2366 3714 Frequentioribus
2410 3663 2537 3702 vero
2577 3649 2699 3703 telis
2737 3649 2956 3706 Paulum
2999 3653 3401 3709 Samosatenum

1821 3735 2026 3804 impetit
2052 3746 2108 3791 et
2145 3741 2262 3806 ejus
2299 3739 2550 3804 asseclas,
2580 3741 2666 3810 qui
2714 3741 2837 3796 tunc
2877 3760 3068 3814 magno
3104 3745 3264 3801 fuisse
3306 3764 3406 3801 nn-

1821 3844 1971 3883 mero
2009 3829 2270 3884 videntur.
2318 3831 2534 3887 Dicebat
2579 3843 2754 3889 autem
2796 3836 2987 3892 Paulus
3025 3837 3404 3896 Samosatenus

1823 3921 2114 3991 Christum,
2138 3923 2244 3979 imo
2271 3925 2497 3980 Verbum
2526 3926 2638 3991 Dei,
2668 3937 2790 3983 tunc
2813 3930 2982 3983 Solum
3005 3933 3252 4001 erupisse,
3278 3949 3400 3988 cum

1824 4014 1984 4068 Maria
2018 4016 2187 4084 ipsum
2217 4018 2399 4086 genuit
2427 4017 2621 4087 (Tento
2649 4022 2837 4088 tertio).
2875 4020 3000 4075 Cum
3030 4025 3160 4077 enim
3180 4065 3195 4089 ,
3229 4025 3398 4094 inquit
3484 4016 3493 4026 ’

1823 4104 2254 4176 Chrysostomus,
2284 4124 2342 4160 ea
2393 4124 2504 4177 qtae
2555 4110 2607 4162 in
2659 4111 2851 4163 deserto
2905 4122 3045 4179 gesta
3098 4125 3248 4178 sunt,
3279 4125 3398 4167 ante

1826 4195 2047 4249 Mariam
2075 4201 2209 4266 facta
2237 4201 2356 4263 sint,
2379 4210 2426 4252 et
2447 4200 2674 4254 Christus
2705 4204 2909 4272 (nempe
2933 4202 3030 4257 Dei
3069 4203 3304 4276 Verbum)
3327 4224 3405 4260 se-

1824 4289 2042 4341 cundum
2066 4288 2222 4342 Pauli
2245 4305 2410 4344 vocem
2433 4291 2524 4344 illa
2549 4293 2719 4346 omnia
2735 4296 2929 4364 fecerit,
2954 4313 3151 4350 necesse
3169 4307 3240 4350 est
3260 4299 3404 4350 illum

1827 4381 1982 4450 fuisse
2019 4390 2064 4432 et
2105 4391 2221 4434 ante
2262 4391 2462 4450 partum
2490 4393 2537 4436 et
2575 4393 2689 4437 ante
2721 4387 3119 4455 parturitionem.
3155 4387 3408 4443 Dicebant

1825 4472 2020 4542 quippe
2063 4472 2250 4525 Paulus
2290 4473 2665 4529 Samosatenus
2704 4485 2756 4530 et
2801 4476 2916 4546 ejus
2954 4493 3229 4548 sequaces.
3273 4496 3407 4549 quos

1827 4562 2110 4617 Paulianos
2141 4573 2292 4617 vocat
2317 4577 2532 4620 sanctus
2558 4567 2762 4630 doctor,
2790 4568 3017 4623 Verbum
3044 4570 3134 4624 Dei
3156 4588 3259 4625 non
3284 4581 3406 4627 ante

1828 4655 2020 4708 smeula
2043 4697 2056 4716 ,
2091 4656 2196 4709 imo
2228 4673 2324 4710 nec
2348 4668 2469 4712 ante
2497 4658 2672 4712 Marite
2705 4670 2909 4728 partum
2942 4661 3123 4716 fuisse.
3163 4664 3223 4718 Si
3249 4667 3405 4730 enim,

1828 4747 1902 4800 ait
1926 4748 2032 4810 ille,
2065 4758 2180 4800 ante
2208 4747 2259 4800 Μ
2266 4749 2388 4801 arite
2415 4762 2636 4818 partum,
2664 4764 2708 4804 et
2735 4764 3000 4822 antequam
3022 4756 3074 4808 in
3097 4773 3249 4811 carne
3271 4775 3323 4810 se
3345 4759 3408 4811 vi-

1830 4839 2049 4892 dendum
2090 4841 2348 4909 prteberet,
2379 4857 2476 4893 non
2509 4852 2612 4894 erat
2640 4841 2860 4909 (Ibidem
2884 4845 2937 4912 );
2977 4846 3225 4914 quomodo
3251 4850 3408 4918 legem

1832 4930 2038 5001 ferebat,
2063 4947 2174 4982 cum
2199 4947 2298 4984 non
2325 4931 2492 4983 esset?
2517 4933 2763 5000 quomodo
2797 4946 2965 4986 autem
3001 4936 3195 4990 dicebat
3227 4937 3411 5005 (Temo

1830 5023 2044 5091 quinto)
2075 5039 2086 5073 :
2119 5042 2135 5072 ς
2169 5022 2404 5075 Testabor
2460 5023 2593 5076 vobis
2648 5034 2996 5079 testamentum
3044 5043 3260 5093 novum,
3310 5047 3411 5084 non

1831 5114 1957 5167 sicut
1985 5124 2353 5180 testamentum,
2376 5116 2510 5184 quod
2539 5125 2745 5170 testatus
2773 5135 2885 5171 sum
2919 5121 3144 5186 patribus
3236 5125 3425 5175 vestris

1833 5206 1964 5276 (Jer.
1992 5207 2053 5260 51
2069 5248 2080 5258 .
2099 5208 2188 5260 51.
2208 5207 2337 5276 32)?
2365 5227 2384 5258 ι
2405 5211 2663 5277 quomodo
2681 5211 2812 5263 enim
2863 5220 3207 5265 testamentum
3261 5215 3411 5266 dabnt

1835 5298 2060 5366 patribus
2117 5314 2330 5363 eorum,
2364 5315 2476 5350 cum
2531 5301 2754 5352 nondum
2815 5311 2978 5367 esset,
3033 5313 3086 5354 ut
3146 5304 3222 5357 illi
3277 5306 3414 5373 a/ﬁro

1834 5401 1973 5443 ruant
1992 5391 2016 5444 ?

1909 5483 1961 5536 In
1985 5483 2222 5538 mulieris
2242 5482 2514 5552 cujusdam
2537 5484 2778 5554 gratiam.
2805 5485 2993 5556 inquit,
3017 5487 3240 5542 salutem
3259 5505 3407 5544 suam

1839 5576 2071 5647 prodidit
2091 5577 2287 5630 Paulus
2308 5578 2715 5641 Samosateuus;
2741 5577 2827 5632 illa
2849 5587 3024 5633 autem
3049 5577 3284 5633 Zenobio
3299 5589 3414 5632 erat

1841 5669 2018 5739 regina
2048 5669 2326 5740 Palmyrm,
2359 5684 2476 5737 qua:
2509 5667 2672 5722 Paulo
2697 5665 3045 5723 Samosateno
3083 5667 3306 5720 favebat.
3343 5669 3414 5721 De
3471 5725 3478 5730 ,

1843 5761 1983 5816 illius
2013 5778 2138 5817 vero
2179 5760 2447 5816 erroribus
2486 5777 2587 5815 non
2630 5760 2774 5826 paria
2802 5761 3017 5814 omnino
3055 5758 3354 5815 referuntur
3382 5775 3410 5813 τι
