3864 6394
480 362 546 414 m
1789 344 2066 404 SYNOPSI

2177 344 2380 404 ;οιιωι

474 493 821 563 scriptoribus
851 493 1246 557 ecclesiasticis,
1289 492 1596 558 Athanasio,
1629 492 1880 561 Eusebio,
1922 493 2048 564 Epi-

472 588 668 657 phanio
697 597 749 640 et
787 583 1091 640 Pliilastrio.
1129 582 1352 653 Quidam
1394 593 1578 655 putant
1617 584 1800 651 illum,
1829 585 2051 654 perinde

472 691 630 746 atque
673 674 984 738 Sabellium,
1026 675 1334 728 identitatem
1389 689 1732 743 personarum
1782 675 1954 729 Patris
1997 684 2052 730 et

473 768 590 822 Filii
613 779 664 823 et
691 769 920 838 Spiritus
946 768 1135 830 sancti,
1161 783 1332 835 neque
1356 777 1459 820 tres
1479 781 1732 836 personas
1755 766 2050 822 admisisse.

409 898 413 902 .
475 859 842 914 Theodoretus
880 875 1008 913 vero
1047 859 1139 914 lib.
1189 861 1212 912 1
1261 859 1326 912 de
1367 857 1640 912 Hmreticis
1677 857 1893 920 fabulis,
1925 859 2052 913 dicit

473 951 689 1006 Paulum
733 952 1136 1007 Samosatenum
1181 967 1400 1020 negasse
1433 950 1574 1021 quod
1609 951 1764 1005 Jesus
1801 951 2050 1008 Christus

477 1047 634 1099 luerit
664 1047 818 1110 Deus,
854 1045 1009 1112 idque
1037 1044 1181 1100 clare
1210 1044 1336 1098 dicit
1383 1043 1712 1098 Philastrius.
1749 1045 1897 1098 Illam
1925 1059 2054 1100 vero

473 1137 788 1192 sententiam
837 1143 1106 1206 Oppugnat
1144 1144 1197 1190 et
1246 1136 1414 1204 carpit
1455 1150 1518 1189 ex
1565 1134 1648 1188 his
1687 1133 2053 1206 Chrysostomi

474 1225 848 1292 verbis(Tomo
879 1227 1164 1295 undecimo)
1194 1244 1207 1280 :
1240 1227 1336 1294 Qui
1367 1226 1618 1281 descendit
1643 1229 1748 1296 ipse
1775 1237 1866 1291 est,
1898 1239 1944 1281 et
1969 1229 2055 1298 qui

473 1319 694 1371 ascendit
721 1335 870 1386 super
893 1335 1061 1372 omnes
1087 1319 1256 1383 caelos,
1286 1331 1338 1371 ut
1358 1318 1654 1390 adimpleret
1684 1321 1871 1374 onmia.

543 1409 675 1464 Cum
717 1409 780 1463 iis
823 1411 980 1462 etiam
1021 1409 1239 1463 Paulum
1269 1409 1673 1465 Samosateuum
1718 1413 2052 1476 annumerat,

475 1502 559 1570 qui
583 1501 952 1554 resurrectioni
972 1515 1072 1554 non
1091 1499 1378 1554 credebant
1399 1499 1581 1572 (Temo
1612 1502 1830 1572 quinto).

545 1592 1084 1646 Melchisedecitarmn
1112 1607 1320 1662 quoque
1345 1592 1564 1647 Interesis
1591 1594 1797 1662 vigebat
1820 1592 2054 1663 Chryso-

480 1683 637 1735 stomi
668 1697 803 1744 tevo,
850 1698 981 1750 quos
1017 1681 1516 1738 Melchisedecianos
1553 1693 1704 1737 vocat
1735 1683 2057 1752 Epiphanius

477 1773 670 1841 (Tomo
697 1776 896 1840 sexto).
962 1773 1022 1828 lli
1076 1774 1321 1829 dicebant
1360 1775 1797 1830 Melcltisedecum
1849 1773 2059 1830 Christo

477 1864 730 1932 majorem
773 1879 913 1938 esse.
960 1864 1063 1918 Alii
1101 1880 1287 1919 rursus
1328 1865 1573 1920 dicebant
1613 1866 2058 1921 Melohisedecum

477 1969 595 2008 esse
619 1955 870 2022 Spiritum
894 1965 1154 2019 sanctum,
1179 1955 1329 2024 cujus
1355 1957 1552 2010 erroris
1580 1965 1849 2010 auctorem
1876 1953 2061 2011 Hiera-

476 2059 592 2097 cem
644 2042 843 2112 profert
903 2043 1244 2112 Epiphanius.
1305 2045 1413 2098 lloc
1461 2055 1639 2100 autem
1691 2055 2058 2116 argumentum

479 2135 798 2204 objiciebant
821 2134 1304 2194 Mclcltisedeciani;
1336 2137 1385 2189 in
1409 2136 1631 2190 Psalmis
1658 2137 1723 2192 de
1745 2137 1958 2192 Christo
1979 2138 2060 2192 di-

481 2229 616 2281 citur
644 2246 657 2280 :
691 2225 771 2280 Tu
814 2244 865 2280 es
901 2227 1134 2280 sacerdos
1165 2227 1216 2279 in
1255 2238 1495 2280 wternum
1534 2229 1804 2282 secundum
1835 2231 2061 2283 ordinent

483 2317 814 2370 Melchisedec
841 2315 1010 2386 (Psal.
1037 2317 1156 2372 109.
1182 2316 1237 2388 4)
1267 2335 1278 2370 :
1323 2319 1460 2373 unde
1503 2319 1797 2373 inferebant
1823 2336 1942 2374 eum
1972 2320 2061 2389 qui

485 2409 534 2458 in
553 2407 736 2460 ordine
763 2406 1128 2461 Melchisedeci
1153 2419 1312 2470 esset,
1337 2409 1540 2462 ordinis
1563 2411 1718 2478 capiti
1752 2419 1806 2464 et
1837 2412 2060 2479 principi

485 2495 786 2550 inferiorem
809 2510 944 2550 eSse.
971 2497 1273 2567 Respondet
1293 2499 1702 2568 Chrysostomus
1723 2499 2064 2554 Melchisede-

485 2604 602 2642 cum
637 2589 854 2655 figuram
883 2596 1081 2640 tantum
1113 2587 1272 2641 fuisse
1301 2586 1517 2652 Christi,
1551 2598 1604 2642 et
1631 2605 1751 2643 cum
1781 2605 1970 2658 panem
2009 2599 2064 2645 et

485 2683 661 2734 viuum
693 2680 898 2744 obtulit,
929 2679 1246 2734 Sacrificium
1273 2696 1300 2734 a
1332 2679 1542 2736 Christo
1573 2681 1897 2735 offerendum
1923 2697 2062 2752 prte-

487 2772 796 2833 nuntiasse;
844 2786 906 2825 ac
939 2787 1058 2825 cum
1085 2771 1364 2838 Apostolus
1407 2771 1567 2833 dicat,
1610 2770 1676 2824 In
1717 2774 1915 2826 nomine
1938 2773 2065 2826 Jesu

487 2879 631 2915 omne
664 2878 792 2932 genu
827 2863 1056 2931 ﬂectatur
1103 2860 1358 2932 (Philipp.
1395 2861 1448 2915 2.
1489 2863 1602 2932 10),
1645 2862 1769 2917 hinc
1809 2863 2063 2932 consequi

487 2954 644 3006 etiam
678 2953 1122 3009 Melchisedeeum
1163 2969 1332 3026 genua
1365 2954 1576 3010 ﬂexisse
1616 2967 1740 3011 ante
1772 2957 2062 3012 Christum.

491 3045 565 3098 lie
591 3043 1074 3100 Melchisedecianis
1102 3047 1210 3116 agit
1246 3048 1402 3102 etiam
1430 3047 1797 3104 Theodoretus
1840 3051 2064 3105 Haereti-

489 3149 670 3188 earum
720 3133 885 3187 fabul.
913 3134 950 3188 l.
982 3135 1068 3198 il,
1098 3146 1151 3190 et
1178 3135 1330 3191 Joan.
1376 3137 1729 3194 Damascenus
1761 3140 1958 3194 Iheresi
1997 3141 2064 3196 55

490 3223 647 3294 (Ibid.
677 3224 839 3292 d.e.).
883 3223 1049 3279 Judzei
1087 3241 1211 3280 vero
1241 3226 1485 3282 dicebant
1509 3227 1946 3284 Melchisedecum
1995 3246 2063 3285 ex

491 3315 835 3370 fornicatione
880 3325 1059 3370 natum
1104 3317 1285 3380 fuisse,
1339 3317 1562 3390 ideoque
1605 3321 1718 3373 sine
1760 3320 2068 3390 genealogia

491 3424 628 3474 esse,
666 3409 804 3479 quod
833 3410 990 3464 etiam
1029 3410 1192 3465 refert
1219 3411 1565 3480 Epiphanius.
1599 3411 1790 3477 Quibus
1820 3430 1910 3466 nos
1935 3416 2070 3467 dice-

492 3518 622 3565 mus,
653 3502 784 3570 quod
820 3501 915 3570 ipsi
946 3518 1207 3572 perperam
1252 3502 1518 3574 loquantur
1545 3520 1564 3559 :
1597 3503 1886 3559 Salomonis
1913 3506 2064 3570 enim,

491 3593 573 3660 qui
599 3607 661 3644 ea:
686 3591 914 3644 adultera
948 3591 1086 3646 Uriae
1109 3609 1264 3646 uxore
1288 3603 1436 3647 natus
1465 3604 1556 3660 est,
1587 3595 1876 3666 genealogia
1903 3606 2069 3650 tamen

493 3681 710 3732 ducitur.
760 3681 864 3735 Sed
889 3684 1125 3749 quoniam
1155 3683 1484 3739 Melchisedec
1513 3695 1663 3754 typus
1703 3697 1810 3740 erat
1840 3686 2064 3752 Domini,

493 3781 538 3822 et
577 3771 843 3840 imaginem
880 3771 1065 3839 ferebat
1093 3771 1301 3839 Christi,
1344 3777 1762 3842 quemadmodum
1798 3789 1846 3832 et
1883 3776 2069 3843 Jonas,

495 3861 606 3913 ideo
631 3859 898 3928 Scriptura
939 3863 1047 3932 ejus
1077 3874 1269 3934 patrem
1313 3865 1487 3932 tacuit,
1538 3876 1593 3919 ut
1622 3867 1674 3920 in
1701 3866 1792 3919 illo
1816 3877 2070 3938 tamquam

495 3952 546 4004 in
571 3951 790 4022 imagine
813 3949 1062 4006 Christum
1081 3995 1094 4019 ,
1139 3955 1225 4023 qui
1254 3970 1362 4008 vere
1385 3957 1494 4010 sine
1521 3967 1666 4026 patre
1692 3966 1737 4008 et
1761 3957 1868 4012 sine
1891 3975 2069 4028 genea-

498 4043 634 4113 logia
658 4053 751 4108 est,
779 4043 1083 4099 intueamur.

568 4132 824 4188 Catharos
871 4135 1032 4189 etiam
1077 4135 1188 4190 sive
1235 4136 1403 4192 Puros
1442 4153 1546 4192 non
1585 4139 1748 4194 semel
1781 4141 2071 4212 impugnat,

499 4223 637 4292 quod
666 4239 724 4279 se
743 4224 1004 4280 Catharos
1028 4227 1139 4282 sive
1166 4244 1325 4296 puros
1353 4229 1610 4298 dicerent,
1643 4232 1731 4301 qui
1755 4235 1895 4287 omni
1919 4236 2076 4290 sorde

504 4315 645 4386 pleni
667 4327 868 4384 essent,
894 4333 992 4373 nec
1019 4319 1124 4374 alio
1148 4335 1367 4391 usquam
1399 4325 1614 4378 nomine
1636 4326 1864 4394 appellat
1887 4327 2075 4398 (Tomo

513 4408 773 4462 undecimo
820 4419 870 4463 et
921 4408 1077 4465 Tomo
1123 4412 1485 4484 duodecimo).
1534 4415 1698 4469 Erant
1758 4425 1935 4472 autem
2001 4421 2074 4474 illi

425 4509 428 4512 ’
503 4498 796 4566 Novatiani,
826 4499 893 4555 de
915 4516 1140 4571 quorum
1162 4505 1364 4572 origine
1393 4505 1552 4559 multa
1577 4505 1777 4575 profert
1798 4511 1848 4562 in
1869 4508 2078 4578 Episto-

506 4593 568 4644 lis
589 4595 698 4647 suis
727 4593 784 4648 S.
812 4595 1127 4664 Cyprianus,
1151 4610 1213 4651 ac
1244 4608 1361 4666 post
1390 4613 1509 4652 eum
1535 4599 1792 4655 Eusebius
1820 4601 2074 4672 Pamphili

507 4684 559 4736 in
588 4681 744 4750 llist.,
787 4683 1107 4754 demumque
1143 4685 1470 4755 Epiphanius
1503 4702 1565 4742 ac
1604 4698 1720 4757 post
1753 4705 1872 4744 eum
1900 4692 2083 4747 Phila-

506 4771 665 4827 strius
693 4791 706 4826 :
739 4787 856 4842 quae
883 4775 1037 4828 simul
1083 4775 1255 4829 omnia
1294 4791 1573 4831 recensere
1603 4794 1706 4832 non
1737 4791 1817 4834 est
1857 4783 2076 4839 instituti

509 4867 699 4920 nostri.
746 4867 824 4920 Ex
855 4866 920 4920 iis
950 4881 1099 4930 vero,
1141 4882 1259 4937 quae
1295 4870 1636 4924 concionatus
1673 4883 1753 4926 e~t
1792 4889 1931 4928 anno
1976 4877 2080 4933 599

503 4957 986 5026 Constantinopoli,
1035 4957 1183 5027 argui
1220 4957 1426 5012 videtur
1456 4961 1649 5014 multos
1681 4973 1805 5018 tunc
1836 4965 1996 5020 fuisse
2027 4971 2080 5021 in

511 5052 594 5104 illa
635 5050 767 5104 urbe
795 5049 1115 5105 Novatianos
1149 5065 1241 5105 seu
1261 5049 1516 5106 Catharos
1541 5055 1630 5123 qui
1661 5072 1717 5110 se
1740 5055 1839 5112 hoc
1870 5061 2082 5115 nomine

510 5140 1097 5212 compellabant(1‘omo
1125 5142 1748 5212 duodecimo).Auditores
1772 5151 1913 5205 enim
1935 5162 2085 5220 rogat

511 5242 563 5285 et
588 5232 830 5287 obsecrat
860 5244 914 5286 ut
948 5248 977 5285 a
1020 5232 1106 5286 tali
1131 5232 1382 5302 jactantia
1413 5250 1472 5289 se
1509 5239 1761 5302 eximant,
1793 5251 1845 5294 et
1873 5241 2081 5296 illorum

515 5325 866 5392 arrogantiam
911 5323 1162 5387 clevitent,
1209 5339 1272 5380 ac
1321 5327 1492 5395 potius
1521 5329 1712 5384 delicta
1742 5347 1835 5385 sua
1866 5333 2086 5388 abluant

515 5428 563 5467 et
593 5425 806 5484 peccata
828 5417 1196 5470 confiteantur.

588 5506 768 5559 Arium
791 5514 844 5560 et
859 5507 1084 5560 Arianos
1105 5506 1464 5578 infrequeutcr
1485 5521 1745 5564 memorat
1769 5511 2086 5582 Chrysostn-

517 5613 654 5662 "IIIS,
703 5598 822 5667 quia
855 5601 1118 5660 Anommi.
1163 5616 1228 5655 ex
1271 5602 1588 5657 Arianorum
1621 5605 1784 5672 stirpe
1822 5606 2081 5673 prognati,

517 5705 639 5746 tunc
661 5709 754 5762 per
780 5692 1046 5749 Orientem
1077 5696 1448 5764 grassabantur
1469 5706 1520 5751 et
1541 5696 1827 5751 catholicos
1842 5696 2088 5751 doctores

518 5789 830 5842 exercebant
863 5805 875 5842 :
911 5788 1134 5860 indeque
1154 5789 1212 5846 fit
1242 5798 1502 5847 utcontra
1532 5791 1819 5846 Anommos
1847 5789 1932 5845 ille
1963 5805 2082 5861 per-

3660 378 3726 431 'itl

2161 509 2320 568 petuo
2348 497 2659 552 velificetur.
2698 495 2773 551 De
2795 498 2921 551 Ario
2949 507 3122 550 autem
3144 497 3216 550 ait
3243 497 3327 550 ille
3350 497 3434 566 (Τ.
3456 499 3506 552 l.
3535 517 3585 560 ν.
3605 501 3728 556 ιω.

2157 590 2242 658 a):
2268 586 2434 640 Instat
2458 587 2609 641 Arius
2649 590 2702 640 in
2739 587 3070 641 diversitatem
3095 589 3383 641 substantia:
3413 607 3741 658 personarum

2156 678 2529 732 distinctionem
2570 679 2792 731 trahens.
2828 677 3042 732 Dicebat
3089 679 3228 732 enim
3261 680 3351 734 Dei
3374 679 3604 734 Verbum
3632 695 3738 733 non

2160 783 2377 837 semper
2408 766 2591 833 fuisse,
2639 767 2731 822 sed
2757 783 2820 821 ex
2850 767 3014 821 nihilo
3043 766 3236 822 factum
3264 779 3317 823 et
3341 779 3597 832 creatum,
3631 784 3736 823 non

2155 870 2438 925 aeternum,
2488 876 2592 913 non
2642 859 2783 913 Patri
2819 859 2992 914 simile
3031 860 3322 915 secundum
3365 860 3738 924 substantiam,

2158 971 2330 1032 neque
2355 969 2540 1009 verum
2574 952 2665 1007 Dei
2698 953 2949 1018 Verbum,
2979 962 3069 1007 aut
3113 953 3446 1022 sapientiam,
3479 953 3571 1008 sed
3599 964 3744 1006 cata-

2156 1047 2394 1101 chrestice
2444 1047 2514 1100 ita
2564 1045 2794 1099 vocari:
2848 1060 2966 1098 esse
3013 1055 3198 1098 natura
3246 1045 3520 1109 mutabile,
3565 1060 3745 1114 neque

2158 1154 2315 1194 nosse
2337 1139 2569 1201 Patrem,
2602 1137 2708 1191 imo
2745 1153 2809 1190 ne
2836 1151 2984 1190 suam
3015 1135 3225 1206 quidem
3255 1137 3420 1206 ipsius
3451 1149 3691 1190 naturam
3725 1154 3739 1188 :

2159 1242 2374 1302 propter
2421 1246 2516 1284 nos
2556 1229 2750 1284 factum
2783 1229 2965 1292 fuisse,
3012 1238 3068 1283 ut
3116 1230 3206 1284 illo
3244 1245 3340 1282 ceu
3386 1231 3744 1284 instrumento

2160 1338 2258 1376 nos
2285 1321 2540 1376 conderet
2571 1321 2710 1374 Deus
2735 1336 2750 1385 ;
2783 1335 2954 1388 neque
2983 1320 3268 1374 creandum
3298 1320 3476 1386 fuisse,
3509 1320 3611 1375 nisi
3642 1335 3744 1375 nos

2163 1414 2299 1468 Deus
2331 1411 2561 1467 condere
2589 1411 2861 1464 voluisset.

2235 1504 2379 1557 llanc
2427 1517 2584 1572 porro
2636 1500 2951 1556 sententiam
3002 1499 3151 1568 quasi
3206 1498 3273 1551 ab
3303 1499 3430 1552 Ario
3480 1497 3742 1566 prolatam

2163 1593 2325 1647 refert
2362 1591 2772 1662 Chrysostomus
2817 1589 2997 1660 (Temo
3019 1589 3338 1657 undecimo):
3379 1587 3495 1641 Non
3544 1597 3744 1657 poterat

2161 1683 2299 1737 Deus
2323 1699 2565 1751 generans
2591 1697 2827 1751 generare
2862 1679 3225 1750 impatibiliter.
3269 1678 3494 1746 Ideoque
3533 1692 3598 1731 ue
3623 1692 3746 1746 pas-

2163 1774 2366 1827 sionem
2398 1771 2678 1842 quamdam
2711 1771 2760 1823 in
2795 1771 2900 1824 Deo
2929 1769 3249 1829 admitteret,
3273 1768 3482 1821 dicebat
3511 1767 3740 1821 Verbum

2163 1877 2194 1916 a
2225 1863 2334 1916 Deo
2370 1878 2474 1914 non
2507 1861 2766 1931 genitum,
2815 1859 2907 1914 sed
2936 1859 3129 1913 factum
3171 1861 3514 1928 creatumque
3554 1857 3741 1912 fuisse.

2169 1971 2188 2006 ι
2223 1954 2376 2007 Arius
2406 1952 2594 2006 Filium
2626 1952 2837 2019 quidem
2871 1952 3080 2017 fatetur,
3111 1951 3204 2005 sed
3253 1960 3452 2004 tantum
3488 1950 3743 2004 nomine:

2161 2052 2460 2099 creaturam
2486 2039 2626 2097 enim
2653 2056 2771 2096 esse
2807 2041 2940 2096 dicit
2978 2051 3033 2096 et
3065 2041 3223 2095 Patre
3253 2041 3406 2111 longe
3431 2040 3692 2095 minorem
3721 2057 3741 2091 ι

2165 2133 2432 2207 (Ibidem).

2235 2228 2394 2280 Arius
2423 2241 2550 2280 vero
2579 2234 2628 2280 et
2657 2225 2773 2294 ejus
2803 2238 3056 2294 sequaces
3080 2223 3271 2278 Filium
3297 2238 3410 2278 rem
3440 2233 3672 2279 creatam
3689 2233 3746 2279 et

2165 2317 2477 2372 dissimilem
2505 2331 2624 2371 esse
2651 2317 2789 2371 Patri
2819 2316 3199 2386 profitebantur
3227 2333 3243 2370 :
3274 2319 3392 2387 quia
3424 2326 3598 2372 tamen
3629 2328 3748 2388 post

2165 2419 2406 2462 exortum
2436 2423 2588 2461 suum
2616 2423 2645 2460 a
2673 2407 2963 2460 Catholicis
2985 2406 3160 2461 acrius
3183 2408 3592 2476 impetebantur,
3625 2409 3749 2464 inde

2168 2499 2361 2553 factum
2395 2510 2450 2552 ut
2487 2499 2540 2552 in
2573 2499 2694 2553 fidei
2737 2497 2979 2552 formulis
3015 2513 3077 2552 ac
3105 2499 3478 2554 controversiis
3505 2499 3750 2569 quaedam

2166 2589 2426 2656 celarent,
2461 2590 2562 2643 alia
2597 2589 2919 2660 mitigarent,
2949 2588 3106 2658 idque
3131 2588 3278 2644 vafre
3301 2599 3356 2643 et
3387 2589 3754 2645 fraudulenter

2167 2691 2310 2736 metu
2355 2681 2773 2748 impendentium
2826 2681 3111 2747 malorum,
3162 2689 3218 2734 ut
3263 2681 3472 2750 paulum
3522 2681 3753 2750 tempori

2167 2771 2539 2828 concederent.
2578 2773 2768 2828 Postea
2797 2788 2924 2827 vero
2949 2787 3068 2827 cum
3097 2773 3389 2840 imperante
3416 2773 3753 2839 Constantio,

2167 2881 2276 2920 suae
2311 2873 2470 2919 seeke
2509 2865 2740 2926 addicto,
2790 2866 2993 2934 majore
3021 2866 3320 2920 fruerentur
3349 2865 3611 2929 libertate,
3655 2864 3749 2919 Fi-

2167 2957 2294 3010 lium
2324 2957 2464 3011 Patri
2491 2957 2825 3020 dissimilem,
2843 2973 3143 3022 anomaeum,
3168 2957 3375 3027 publice
3393 2965 3448 3010 et
3471 2957 3520 3010 in
3547 2957 3753 3010 formu-

2168 3046 2232 3100 lis
2259 3047 2379 3101 ﬁdei
2407 3046 2670 3110 dicebant,
2703 3045 2929 3117 indeque
2960 3046 3176 3111 factum,
3209 3055 3262 3099 ut
3287 3046 3534 3109 Anomaei,
3559 3047 3752 3115 appel-

2168 3137 2424 3193 larentur.
2451 3138 2615 3192 Erant
2636 3147 2812 3192 autem
2837 3151 3029 3207 magno
3056 3152 3277 3191 numero
3304 3147 3410 3190 tum
3433 3136 3751 3202 Antiochiae,

2172 3241 2280 3284 tum
2311 3230 2800 3300 Constantinopoli,
2846 3238 2902 3285 et
2926 3229 3160 3300 quotidie
3194 3245 3314 3283 cum
3340 3228 3621 3284 Catholicis
3648 3227 3753 3284 de-

2169 3322 2459 3376 certabant.
2501 3321 2734 3376 Joannes
2762 3335 2890 3376 vero
2925 3331 3108 3376 noster
3135 3320 3326 3375 multas
3351 3320 3602 3374 adversus
3629 3319 3752 3373 illos

2170 3413 2457 3467 conciones
2507 3413 2690 3467 habuit
2743 3411 2832 3482 (Τ.
2885 3413 2967 3482 l),
3014 3427 3205 3482 nempe
3240 3412 3532 3466 Antiochia:
3563 3409 3753 3466 decem

2171 3505 2524 3567 continenter,
2548 3519 2699 3574 quas,
2728 3505 3056 3574 interpositis
3072 3503 3192 3558 aliis
3210 3503 3402 3558 diversi
3431 3503 3753 3571 argumenti,

2172 3597 2360 3666 partim
2391 3611 2533 3650 anno
2561 3596 2685 3657 586.
2733 3596 2922 3664 partim
2961 3595 3176 3650 ineunte
3203 3595 3325 3660 587,
3368 3594 3754 3664 pronuntiavit.

2173 3689 2319 3742 Alias
2361 3703 2570 3758 quoque
2598 3689 2752 3742 annis
2785 3689 3126 3758 sequentibus
3173 3689 3456 3743 conciones
3498 3687 3752 3742 habuisse

2173 3778 2399 3842 videtur,
2453 3793 2675 3847 quarum
2705 3793 2863 3832 uuam
2891 3793 3115 3847 eamque
3146 3778 3411 3848 egregiam
3451 3777 3646 3840 detexi,
3692 3787 3753 3831 ct

2173 3883 2201 3922 a
2237 3868 2506 3922 Bentzelio
2549 3885 2717 3940 nuper
2753 3869 2948 3924 editam
2986 3870 3165 3924 multis
3198 3871 3251 3924 in
3296 3869 3428 3924 locis
3468 3868 3757 3925 emendavi

2175 3956 2260 4028 (τ.
2281 3957 2358 4027 6).

2245 4050 2374 4115 Quia
2403 4065 2527 4104 vero
2556 4047 3011 4119 Constantinopoli
3042 4049 3200 4103 etiam
3232 4050 3610 4104 Anommorum
3639 4046 3754 4102 fre-

2175 4141 2392 4208 quentia
2423 4151 2570 4204 erat;
2610 4139 2863 4204 secunda,
2893 4155 3051 4208 quam
3081 4139 3165 4192 illa
3191 4137 3323 4193 urbe
3350 4139 3545 4192 Prtesul
3573 4137 3759 4193 habuit

2176 4233 2385 4298 concio,
2425 4243 2607 4288 contra
2632 4232 2921 4287 Anommos
2948 4239 3082 4286 erat.
3119 4230 3374 4296 Alteram,
3413 4244 3569 4299 quam
3591 4229 3757 4282 etiam

2177 4337 2362 4381 contra
2391 4327 2681 4380 Anommos
2710 4325 3162 4393 Constantinopoli
3187 4324 3384 4389 habuit,
3419 4322 3760 4376 continenter

2179 4420 2473 4490 posuimus,
2499 4417 2743 4484 forteque
2773 4417 2903 4470 alias
2939 4425 3119 4469 contra
3140 4416 3417 4470 haereticos
3443 4415 3562 4468 illos
3585 4413 3760 4468 homi-

2180 4512 2276 4565 lias
2299 4509 2452 4575 dixit,
2481 4524 2598 4580 quae
2623 4510 2703 4564 vel
2731 4509 2896 4563 latent
2917 4509 2967 4562 in
2987 4507 3220 4574 Oriente,
3249 4508 3329 4564 vel
3359 4521 3572 4578 prorsus
3589 4506 3761 4562 amis-

2181 4621 2253 4658 ετξ
2275 4613 2418 4659 sunt.

2252 4694 2496 4750 Anommi
2523 4708 2588 4750 eo
2617 4693 2951 4763 arrogantia,
2983 4691 3088 4745 imo
3119 4689 3452 4760 impudentiae
3478 4698 3763 4754 venerant,

2182 4798 2240 4844 ut
2266 4790 2505 4844 dicerent
2540 4802 2599 4842 se
2628 4801 2841 4841 omnem
2873 4785 3145 4839 scientiam
3183 4783 3467 4852 accepisse,
3498 4795 3662 4852 seque
3689 4783 3762 4836 ita

2187 4881 2349 4934 Deum
2395 4893 2586 4941 nosse,
2629 4885 2685 4931 ut
2738 4876 2850 4945 ipse
2891 4889 2949 4929 se
3009 4880 3230 4928 noverat
3273 4871 3474 4942 (Tomo
3523 4872 3685 4942 primo
3717 4880 3762 4939 ).

2185 4969 2374 5024 Filium
2429 4984 2532 5023 non
2578 4965 2868 5021 substantia
2907 4965 3135 5018 similem
3181 4962 3322 5016 Patri
3365 4977 3484 5016 esse
3521 4961 3762 5013 aflirma-

2188 5063 2313 5117 bant
2364 5061 2668 5133 (Ibidem).
2712 5059 2834 5113 Ideo
2878 5067 3053 5111 autem
3097 5056 3342 5110 dicebant
3385 5055 3554 5124 ipsum
3612 5052 3759 5107 Patri

2189 5169 2370 5223 parem
2402 5169 2507 5206 non
2537 5167 2685 5214 esse,
2715 5151 2834 5220 quia
2865 5149 3074 5204 Patrem
3105 5147 3418 5217 precabatur
3445 5146 3462 5214 (
3485 5143 3682 5197 Ibidem
3713 5145 3756 5210 ).

2191 5243 2500 5312 lnchualem
2553 5257 2672 5296 esse
2720 5240 2860 5296 Patri
2905 5238 3099 5308 passim
3148 5236 3456 5291 asserebant
3481 5232 3764 5302 (Ibidem).

2189 5334 2465 5389 Addebant
2518 5348 2726 5403 quoque
2778 5331 3046 5385 Christum
3110 5341 3410 5396 supremam
3447 5325 3626 5395 judieii
3680 5324 3763 5377 fe-

2192 5425 2339 5480 rendi
2384 5434 2696 5494 potestatem
2740 5438 2843 5476 non
2868 5421 3082 5475 habere.
3114 5419 3445 5487 Quapropter
3470 5417 3765 5470 Anomteoo

2193 5531 2311 5569 rum
2386 5525 2585 5568 sectam
2648 5514 2887 5582 apposite
2940 5511 3137 5580 carpsit
3185 5509 3594 5580 Clirysostomus
3638 5523 3762 5562 cum

2191 5608 2323 5661 dixit
2348 5609 2366 5674 (
2391 5605 2584 5660 Ibidem
2614 5606 2669 5675 ):
2707 5624 2724 5656 ι
2755 5609 3131 5678 Anommorum
3201 5599 3446 5656 breresim
3507 5599 3764 5670 plantavit

2196 5699 2589 5752 ratiociniorqu
2634 5695 2999 5762 intempestiva
3054 5693 3349 5747 curiositas.
3385 5711 3404 5744 ι
3439 5693 3763 5760 Argumenta

2197 5801 2371 5845 autem
2425 5803 2606 5842 eorum
2659 5797 2763 5841 tam
2812 5785 2975 5857 probe
3023 5796 3077 5840 et
3123 5787 3397 5855 perspicue
3443 5782 3660 5852 depellit
3709 5782 3764 5837 in
