3818 6398
135 387 187 444 τί
910 392 1074 464 QUAS
1114 393 1178 448 IN
1215 393 1551 450 OPERIBUS
1585 388 2051 449 CHRYSOSTOMI
2087 387 2616 447 OBSERVANTUR.
3321 381 3390 438 72

132 505 465 563 concionibus
489 506 637 574 suis,
669 514 728 562 ut
757 511 844 561 vix
875 505 1078 576 uspiam
1107 505 1231 576 quid
1281 503 1566 573 perfectius
1601 499 1708 558 hoc

130 599 178 651 in
194 612 392 668 genere
412 595 600 653 videre
625 598 799 667 possis
828 616 842 652 :
869 597 938 652 ab
969 597 1036 652 iis
1059 611 1185 664 vero
1205 594 1497 652 referendis
1537 594 1704 650 absti-

133 704 331 755 nemus,
364 704 437 744 ne
459 689 730 760 longiores
755 689 940 745 simus.

186 781 558 836 Macedoniam
601 797 813 852 quoque
842 782 1048 852 impetit
1079 791 1134 837 et
1172 783 1704 851 Pneumatomacbos,

126 875 199 945 qui
251 872 534 929 Paracleto
594 874 778 930 bellum
834 875 1115 945 inferebant
1176 874 1374 945 (Tomo
1419 876 1704 946 secundo).

125 967 305 1020 Contra
337 966 889 1022 Pneumatomachnm
931 967 1073 1024 enim
1113 969 1241 1038 agit,
1278 985 1398 1024 cum
1433 969 1708 1039 explicans

125 1059 259 1112 illum
291 1059 446 1113 Pauli
477 1059 676 1120 locum,
709 1058 834 1114 Haec
859 1071 1025 1115 autem
1053 1061 1222 1114 omnia
1242 1071 1478 1131 aperatur
1506 1078 1637 1114 unus
1660 1069 1709 1114 et

123 1149 241 1201 ﬂent
258 1148 514 1218 Spiritus,
535 1150 757 1204 dividens
768 1151 980 1221 singulis
996 1161 1143 1220 prout
1161 1149 1264 1204 vult
1280 1151 1328 1221 (l
1343 1190 1356 1203 .
1375 1151 1580 1205 Cor.l2.
1596 1153 1616 1205 l
1633 1152 1704 1220 Ι),

126 1240 236 1292 talia
258 1237 408 1293 fatur
435 1257 448 1292 :
482 1257 502 1290 α
539 1238 668 1294 Htec
695 1257 846 1309 porro
879 1243 1049 1294 omnia
1080 1251 1319 1309 aperatur
1351 1258 1483 1296 unus
1508 1251 1554 1296 et
1575 1241 1709 1294 idem

123 1329 362 1395 Spiritus.
395 1329 505 1384 Sed
535 1340 731 1395 motus,
766 1332 990 1400 inquies,
1013 1348 1042 1385 a
1068 1331 1198 1398 Deo,
1226 1331 1423 1387 Verum
1451 1331 1554 1386 hoc
1579 1348 1708 1386 nus-

121 1436 270 1487 quam
296 1420 460 1487 dixit,
506 1422 599 1476 sed
623 1431 678 1476 tu
706 1423 834 1477 illud
863 1423 1092 1493 eﬂingis.
1123 1423 1345 1491 Quando
1373 1424 1514 1478 enim
1557 1424 1704 1490 dicit,

125 1511 216 1576 Qui
227 1520 474 1580 operatur
501 1513 672 1566 omnia
695 1513 746 1566 in
775 1512 1174 1586 omnibus(lbid.
1193 1530 1248 1567 υ.
1269 1514 1348 1584 6),
1377 1514 1445 1569 de
1475 1515 1707 1570 homini-

123 1603 212 1657 bus
240 1604 344 1657 hoc
363 1603 500 1658 dicit
524 1623 537 1658 :
565 1621 827 1674 nusquam
848 1622 967 1660 cum
996 1605 1299 1662 hominibus
1323 1607 1576 1676 Spiritum
1607 1623 1707 1662 an-

123 1706 382 1760 numerat,
415 1697 627 1750 etiamsi
645 1698 839 1752 millies
854 1707 1096 1753 amcnter
1117 1699 1350 1770 loquaris
1372 1710 1426 1755 et
1449 1701 1702 1756 insanias.

122 1785 211 1852 Qui
238 1786 388 1840 enim
419 1787 553 1842 dixit
571 1788 715 1854 alibi,
759 1787 860 1843 Per
888 1789 1156 1860 Spiritum,
1189 1801 1241 1845 ut
1271 1806 1338 1846 ne
1363 1801 1513 1860 putes
1559 1793 1704 1858 illud,

123 1893 219 1946 per,
265 1877 660 1932 imminutionis
686 1894 809 1935 esse
846 1896 1053 1945 vocem,
1085 1897 1184 1937 nec
1225 1882 1376 1936 illum
1408 1883 1610 1938 moveri
1638 1884 1706 1938 ad

123 1969 524 2037 operationem,
573 1970 846 2042 subjungit
890 1975 1100 2042 operari
1154 1973 1432 2044 Spiritum,
1487 1992 1592 2031 non
1640 1977 1705 2032 ad

124 2059 486 2123 operationem
503 2063 702 2115 moveri
722 2077 738 2127 ;
757 2072 810 2116 et
837 2074 1089 2132 operatur
1114 2075 1169 2120 ut
1193 2067 1326 2130 vult,
1349 2079 1526 2123 nonut
1547 2070 1705 2138 jube-

125 2157 220 2202 tnr.
241 2148 711 2215 Quemadmodum
741 2155 884 2210 enim
914 2155 982 2210 de
1009 2156 1167 2212 Patre
1181 2157 1351 2214 Filius
1370 2160 1517 2227 dicit,
1546 2160 1707 2216 Exci-

124 2252 188 2293 tat
216 2252 451 2298 mortuos
476 2254 525 2298 et
563 2247 777 2313 viviﬁcat
805 2245 980 2318 (Joan.
1011 2250 1064 2302 5.
1094 2249 1187 2321 21)
1233 2269 1246 2305 ε
1280 2254 1525 2310 similiter
1550 2264 1605 2310 et
1639 2256 1707 2311 de

122 2335 314 2402 ξείνω,
346 2335 490 2401 Quos
515 2338 618 2391 vult
643 2338 891 2406 viuiﬁcat;
914 2342 991 2396 sic
1017 2351 1070 2396 et
1089 2342 1157 2398 de
1181 2343 1400 2414 Spiritu,
1429 2346 1553 2401 alibi
1582 2349 1704 2418 qui-

122 2426 231 2479 dem
251 2427 397 2495 quod
426 2442 550 2481 cum
573 2437 833 2498 potestate
851 2433 1029 2488 omnia
1055 2432 1230 2501 faciat,
1254 2445 1310 2490 et
1329 2437 1458 2497 nihil
1475 2438 1542 2492 sit
1563 2439 1704 2510 quod

122 2519 388 2588 impediat,
430 2539 451 2571 ι
475 2529 582 2576 etc.

184 2609 259 2664 De
307 2609 566 2666 Marcello
606 2615 889 2685 Ancyrano
925 2627 980 2672 et
1020 2617 1251 2676 Photino
1283 2622 1398 2692 ejus
1441 2623 1706 2694 discipulo

121 2697 225 2753 lia-e
255 2711 444 2755 narrat
474 2700 908 2775 Chrysostomus,
944 2709 1086 2777 ipsos
1125 2727 1316 2782 nempe
1344 2714 1530 2769 eadem
1553 2732 1705 2772 assc-

119 2795 285 2849 rnisse
309 2805 366 2850 et
377 2797 724 2866 praedicasse,
746 2816 862 2869 qua:
879 2801 1157 2868 Sabellius,
1178 2807 1266 2874 qui
1284 2807 1488 2863 dicebat
1512 2807 1702 2864 Filium

119 2894 166 2938 et
202 2885 419 2941 Patrem
459 2897 513 2942 et
540 2888 796 2958 Spiritum
825 2903 1062 2947 sanctum
1093 2911 1248 2950 unam
1276 2912 1396 2953 esse
1421 2915 1702 2967 personam

121 2973 296 3036 (Tomo
317 2978 668 3049 duodecimo).
698 2981 772 3036 De
810 2982 1038 3038 Marcelli
1071 3001 1196 3040 vero
1220 2987 1462 3044 doctrina
1490 2991 1701 3062 longam

119 3070 395 3124 diatribam
428 3071 693 3127 edidimus
722 3089 864 3130 anno
896 3076 1033 3132 l707
1065 3095 1078 3131 :
1123 3079 1210 3134 ubi
1245 3081 1361 3150 ejus
1385 3087 1700 3142 sententiam

120 3179 177 3217 ex
202 3163 444 3218 Eusebio
465 3165 725 3234 Pamphili
759 3177 1034 3238 exceptam
1065 3171 1142 3227 sic
1176 3175 1535 3242 expressimus
1563 3176 1702 3248 (Col-

118 3255 254 3308 latia
282 3253 441 3309 Nova
471 3254 680 3311 Patrum
705 3268 742 3313 t.
761 3259 817 3314 2.
844 3260 1010 3328 initio)
1055 3280 1068 3316 :
1097 3261 1242 3317 Unus
1269 3264 1330 3318 ab
1350 3276 1536 3322 wterno
1563 3268 1702 3324 Deus

116 3346 303 3398 assistit
341 3361 363 3398 :
409 3348 558 3416 cujus
610 3348 794 3416 Ratio,
856 3361 946 3404 aut
999 3351 1250 3422 Verbum,
1315 3373 1434 3410 nam
1491 3368 1704 3429 utroque

116 3437 254 3490 modo
281 3438 613 3505 exprimitur,
652 3443 841 3511 pariter
864 3453 1128 3513 aeternum,
1163 3463 1322 3500 unum
1349 3458 1422 3502 est
1449 3466 1564 3504 cum
1593 3450 1700 3506 Deo

115 3527 214 3594 ipso
229 3527 522 3582 substantia
547 3538 595 3583 et
624 3531 899 3601 hypostasi,
925 3534 997 3590 ita
1018 3546 1073 3590 ut
1099 3536 1241 3591 nulla
1261 3539 1327 3592 sit
1351 3540 1481 3595 inter
1505 3552 1700 3596 utrum-

115 3636 198 3685 que
214 3620 482 3674 distinctio
506 3638 526 3676 :
557 3632 725 3692 estque
747 3625 948 3680 uerbum
970 3627 1143 3694 silens,
1170 3629 1444 3685 internum.
1475 3632 1699 3703 Spiritus

116 3712 217 3765 itan
242 3723 460 3767 sanctus
496 3716 551 3769 in
581 3714 687 3770 Deo
722 3717 785 3770 ab
814 3727 1003 3772 artemo
1027 3721 1146 3790 fuit,
1179 3722 1322 3776 nulla
1344 3724 1575 3779 similiter
1601 3727 1698 3782 nisi

116 3805 326 3860 laminis
343 3814 391 3858 et
408 3807 624 3860 rationis
649 3807 984 3864 distinctione.
1011 3807 1140 3864 Cum
1155 3822 1322 3866 autem
1345 3812 1483 3870 Deus
1507 3830 1693 3885 opera-

117 3907 187 3949 tur
210 3906 257 3950 et
283 3897 536 3966 loquitur,
574 3909 693 3954 tunc
727 3898 944 3954 Verbum
981 3918 1072 3956 ceu
1098 3905 1330 3974 quedam
1353 3907 1572 3976 emissio,
1602 3925 1696 3963 ea:-

115 3991 260 4044 tcnsio
288 3998 338 4043 et
357 3990 595 4044 dilatatio
619 3992 818 4046 deitatis
839 3993 1023 4063 prodit,
1055 4004 1103 4050 et
1130 4006 1241 4066 post
1263 4005 1456 4068 gestum
1475 4015 1605 4068 opus
1628 4000 1697 4053 ad

117 4078 268 4134 Deum
291 4082 580 4147 reuertitur,
607 4092 656 4136 et
682 4083 737 4136 in
758 4084 971 4153 pristina
981 4085 1266 4140 conditione
1282 4097 1469 4143 manet.
1492 4087 1698 4143 Pariter

116 4176 344 4230 emissum
385 4177 490 4247 fuit
531 4176 769 4244 Verbum,
815 4189 869 4234 ut
899 4196 1102 4234 carnem
1128 4191 1438 4248 assumeret;
1482 4191 1696 4251 tuncque

117 4263 270 4320 Filius
296 4264 401 4319 Dei
430 4265 666 4332 eﬂ'ectum
690 4277 788 4334 est,
814 4269 927 4324 Rea:
952 4270 1092 4337 item,
1119 4269 1369 4338 Christus,
1403 4273 1571 4344 imago
1597 4271 1696 4328 Dei

114 4357 393 4423 invisibilis,
434 4367 482 4412 et
512 4357 882 4430 Primogenitus
907 4363 1071 4417 omnis
1098 4372 1366 4424 creatum,
1401 4381 1517 4419 cum
1541 4375 1694 4421 antea

116 4447 230 4501 nihil
251 4464 435 4503 eorum
461 4451 636 4520 {uisset
664 4467 684 4504 :
707 4468 770 4504 ac
796 4462 908 4523 post
932 4455 1177 4522 iudicium
1203 4456 1310 4510 hac
1339 4458 1510 4511 omnia
1534 4459 1692 4513 amis-

115 4553 295 4604 σπι,
327 4550 480 4608 atque
503 4551 556 4594 ut
585 4543 730 4612 prius
753 4561 908 4598 unum
926 4562 1040 4601 cum
1069 4545 1226 4601 Patre
1248 4551 1476 4618 futurum
1494 4558 1588 4604 est.
1620 4549 1688 4606 Ut

115 4640 270 4683 autem
311 4629 532 4685 Verbum
562 4643 636 4687 cst
654 4636 874 4689 extensio
899 4646 947 4690 et
971 4637 1204 4692 dilatatio
1220 4637 1335 4704 Dei,
1367 4641 1437 4694 sic
1457 4649 1503 4694 et
1523 4640 1692 4712 Spiri-

116 4734 181 4778 tss
205 4736 417 4780 sanctus
446 4726 654 4781 ulterior
676 4728 896 4782 extensio
922 4739 969 4783 et
996 4729 1227 4786 dilatatio
1252 4741 1344 4795 est,
1387 4734 1474 4802 qui
1503 4735 1692 4804 pariter

113 4831 139 4864 ι
160 4813 264 4869 Deo
289 4817 536 4870 emittitur
561 4827 609 4870 et
637 4817 705 4870 ad
721 4817 886 4872 Deum
910 4821 1171 4874 reuertitur
1191 4831 1244 4875 ut
1271 4819 1505 4889 Verbum,
1526 4840 1687 4879 unus-

115 4921 195 4966 ιιι
216 4917 291 4959 est
320 4923 439 4959 cum
467 4905 574 4961 Deo
599 4917 644 4960 et
687 4906 843 4962 Verbo
866 4910 976 4963 sine
996 4911 1104 4963 ulla
1129 4910 1465 4966 distinctione.

178 4995 301 5051 ibi:
328 4997 560 5053 Marcelli
581 5001 843 5054 sententia
867 5010 950 5055 est
965 5002 1254 5057 secundum
1280 5004 1490 5060 Eusebii
1513 5006 1685 5075 expli-

115 5088 386 5150 cationem,
426 5092 536 5154 cui,
577 5089 670 5144 sed
698 5106 803 5145 non
835 5091 905 5145 ita
933 5093 1096 5159 clare,
1127 5094 1513 5164 adstipulantur
1537 5096 1688 5151 Basi-

117 5177 204 5232 ὣς
232 5187 285 5234 et
314 5177 708 5246 Theodoretus,
744 5181 934 5250 quibus
959 5183 1012 5237 in
1043 5183 1161 5239 loco
1187 5199 1348 5254 supra
1388 5196 1684 5242 memorato

115 5271 328 5324 succinit
363 5269 799 5340 Chrysostomus.
850 5272 906 5328 Si
946 5287 1105 5342 porro
1142 5275 1263 5330 talis
1303 5276 1420 5342 ejus
1446 5276 1682 5333 doctrina

117 5359 214 5424 flii,
237 5361 291 5414 in
320 5361 472 5415 nullo
495 5377 622 5416 vere
646 5361 920 5418 diﬂ‘erebat
943 5379 972 5417 a
999 5364 1231 5420 Sabellio
1257 5377 1309 5420 et
1329 5366 1682 5436 Patripassia-

116 5450 217 5512 nis;
246 5461 303 5504 et
328 5450 629 5521 Epiphanio
658 5462 813 5519 teste,
842 5465 1120 5524 suspectus
1139 5457 1295 5510 etiam
1322 5456 1422 5511 fuit
1447 5457 1684 5512 Athana-

115 5539 182 5591 sio
213 5542 421 5610 pridem
468 5542 571 5596 sibi
597 5544 790 5598 amico.
832 5544 1026 5599 Verum
1071 5547 1123 5601 in
1152 5547 1268 5616 ejus
1303 5549 1514 5618 scriptis
1558 5548 1680 5604 illos

115 5638 269 5684 tantas
297 5646 516 5687 errores
555 5632 956 5702 deprehendere
983 5636 1195 5694 difficile
1224 5639 1399 5694 fuerit.
1440 5639 1570 5696 Utut
1597 5655 1680 5696 res

114 5732 199 5785 est,
219 5722 498 5779 [amellos
523 5742 643 5779 cum
669 5740 728 5780 se
751 5727 948 5781 videret
975 5743 1003 5783 tl
1029 5728 1222 5784 Basilio
1245 5739 1298 5784 et
1323 5730 1438 5784 aliis
1463 5733 1679 5786 damna—

112 5817 173 5878 ri,
211 5827 260 5868 et
284 5817 426 5884 apud
460 5831 708 5886 maguum
741 5817 1082 5873 Athanasium
1125 5830 1427 5889 suspectum
1473 5821 1672 5887 haberi,

1818 495 2112 568 Eugenium
2154 501 2433 558 diaconum
2461 504 2560 575 ipsi
2596 501 2741 560 misit
2768 517 2886 558 cum
2917 500 3036 557 fidei
3065 500 3395 558 confessione

1815 589 2076 662 (Collectio
2100 610 2226 646 nova
2248 593 2457 648 Patrum
2483 604 2518 648 t.
2535 593 2588 647 2.
2614 613 2664 666 p.
2689 595 2766 666 1),
2792 609 2894 664 qua
2921 607 2978 648 se
3005 605 3150 648 recte
3176 593 3394 659 sentire,

1812 692 1866 736 et
1894 698 1924 737 a
1953 682 2241 738 Catholica:
2272 687 2521 741 Ecclesiae
2549 686 2648 740 fide
2668 688 2719 740 in
2747 686 2891 740 nullo
2910 685 3195 742 deflectere
3222 684 3390 740 decla-

1812 776 1982 842 rabat,
2029 777 2112 831 cui
2161 778 2524 848 subscripsere
2573 779 2894 833 Athanasius
2940 788 2995 832 et
3040 779 3126 832 alii
3163 777 3395 851 Egyptii

1814 867 2066 938 episcopi.
2100 867 2225 922 Post
2253 868 2486 923 Marcelli
2510 885 2640 923 vero
2671 880 2896 924 mortem
2929 871 3044 937 ejus
3068 869 3309 938 discipuli
3340 870 3392 922 in

1815 958 2175 1028 DiOSpolitana
2204 961 2438 1030 Synodo,
2474 961 2702 1014 similem
2728 962 2846 1016 lidei
2868 962 3256 1016 confessionem
3281 976 3403 1026 pro-
3452 991 3466 1000 -

1813 1047 2067 1116 ferentes,
2113 1050 2178 1104 ad
2219 1053 2645 1106 communionem
2675 1061 2729 1106 et
2765 1068 2795 1106 a
2823 1052 3040 1122 Synodo
3067 1063 3119 1106 et
3148 1067 3176 1104 a
3205 1049 3395 1108 Basilio

1813 1143 2031 1197 admissi
2063 1153 2204 1198 sunt.
2232 1143 2364 1198 Rem
2392 1155 2544 1199 antea
2573 1145 2889 1208 intricatum.
2920 1145 3216 1201 luculenter
3242 1162 3270 1200 a
3301 1163 3391 1200 no.

1814 1234 1893 1289 bis
1916 1239 2228 1307 explicatam
2261 1238 2424 1293 habes
2451 1239 2502 1292 in
2533 1248 2827 1292 memorato
2857 1239 3010 1294 libro.

1884 1328 2141 1386 Photinus
2179 1340 2353 1385 autem
2385 1330 2616 1385 Marcelli
2661 1331 2950 1400 discipulus
2992 1331 3200 1385 dicebat
3235 1330 3398 1386 Chri-

1813 1425 1953 1475 stum
1980 1422 2124 1476 nullo
2149 1420 2308 1476 modo
2334 1421 2601 1476 exstitisse
2627 1432 2906 1490 antequam
2936 1422 2987 1475 in
3012 1421 3173 1475 Maria
3191 1422 3402 1492 Virgine

1812 1513 2069 1582 originem
2095 1513 2333 1569 duceret.
2363 1513 2510 1567 lllum
2540 1529 2659 1566 cum
2689 1514 2854 1568 Paulo
2887 1513 3236 1569 Samosatcno
3265 1531 3394 1569 con-

1811 1605 2010 1659 sentire
2037 1605 2295 1673 putabant
2323 1605 2474 1658 multi
2505 1622 2517 1658 :
2546 1605 2965 1675 Chrysostomus
2994 1620 3152 1673 supra
3185 1604 3399 1659 Sabellii

1811 1694 1981 1748 errori
2011 1694 2279 1750 addictum
2320 1695 2482 1749 fuisse
2507 1693 2635 1749 dicit
2675 1694 2895 1764 perinde
2935 1704 3095 1764 atque
3123 1695 3398 1750 doctorem

1811 1799 1963 1838 suum
1992 1785 2319 1850 Marcellum,
2341 1788 2432 1858 qui
2452 1785 2738 1840 Sabellium
2767 1785 2819 1839 in
2847 1787 3026 1841 multis
3055 1789 3396 1857 sequebatur.

1811 1878 1856 1932 si
1889 1893 2015 1933 vere
2044 1879 2133 1932 illa
2164 1879 2410 1943 senserit,
2440 1894 2560 1948 qua:
2587 1877 2849 1932 Eusebius
2877 1878 2976 1946 ipsi
3015 1894 3172 1947 supra
3200 1877 3401 1933 adscri-

1813 1969 1907 2024 bit.
1934 1969 2132 2024 Verum
2159 1969 2434 2025 Marcellus
2473 1970 2523 2022 in
2553 1979 2794 2023 extremo
2831 1970 2952 2022 vita:
2981 1985 3140 2024 cursu
3166 1968 3400 2024 Catholi—

1812 2075 1928 2128 cam
1972 2063 2152 2116 emisit
2201 2063 2321 2116 fidei
2368 2060 2774 2131 professionem.
2826 2061 3086 2117 Photinus
3131 2077 3258 2117 vero
3310 2063 3398 2116 illa

1814 2153 1994 2207 omnia
2022 2154 2304 2223 scripsisse
2332 2155 2562 2222 videtur,
2587 2169 2704 2224 quae
2729 2152 2933 2210 doctori
2965 2153 3127 2224 ipsius
3154 2153 3400 2210 Marcello

1814 2242 2070 2298 Eusebius
2099 2242 2370 2299 adscribit.

1883 2335 2084 2390 Printer
2107 2334 2241 2400 brec,
2265 2337 2366 2391 alia
2398 2335 2565 2392 refert
2585 2335 3001 2408 Chrysostomus
3017 2337 3158 2402 circa
3185 2352 3398 2392 errores

1811 2426 2008 2480 multos
2032 2428 2120 2497 qui
2151 2442 2248 2482 suo
2269 2442 2384 2483 πενο
2416 2427 2552 2496 apud
2580 2427 2941 2482 Antiochenos
2971 2429 3233 2498 vigebant.
3261 2444 3399 2499 quo-

1810 2534 1928 2573 rum
1955 2519 2176 2590 aliquot,
2202 2529 2261 2574 ut
2293 2535 2356 2576 ex
2387 2518 2544 2575 dictis
2573 2519 2688 2590 ejus
2711 2520 3017 2590 percipitur,
3051 2521 3103 2576 in
3136 2535 3230 2576 ore
3254 2521 3396 2590 vulgi

1811 2607 2134 2664 ferebantur.

1886 2720 1905 2752 ‹
1936 2701 2152 2756 Plurimi
2176 2711 2302 2756 tunc
2327 2711 2499 2768 erant,
2529 2703 2617 2772 qui
2640 2701 2799 2756 futuri
2823 2702 3003 2757 saeculi
3045 2711 3100 2756 et
3151 2718 3394 2757 resurre-

1809 2793 1997 2848 ctionis
2021 2794 2314 2850 doctrinam
2346 2795 2626 2850 admittere
2667 2795 3010 2864 pertinaciter
3035 2796 3328 2850 renuebant
3368 2816 3384 2847 ι

1814 2883 1994 2955 (Tomo
2022 2887 2231 2954 primo).
2266 2885 2328 2939 lli
2379 2885 2513 2938 haud
2558 2884 2718 2938 dubie
2746 2885 3000 2954 putabant
3027 2885 3229 2939 animas
3260 2887 3394 2940 mori

1808 2991 1928 3031 cum
1972 2992 2218 3047 corpore.
2248 2977 2564 3032 Guillelmus
2618 2991 2745 3032 vero
2796 2976 3167 3046 Pastrengicus
3195 2979 3211 3046 (
3240 2976 3395 3031 Tonm

1808 3068 2025 3137 decimo)
2057 3067 2377 3123 Veronensis
2433 3067 2484 3121 in
2545 3082 2710 3138 Opere
2737 3110 2749 3134 ,
2795 3067 2857 3120 de
2896 3066 3184 3139 Originibus
3229 3087 3393 3123 rerum
3483 3142 3491 3149 ἢ

1807 3167 1853 3211 et
1896 3158 1959 3212 de
2012 3158 2292 3228 Scripturis
2343 3158 2564 3212 virorum
2612 3157 2919 3224 illustrium,
2977 3158 3211 3213 Venetiis
3263 3176 3393 3215 cuso

1807 3265 1949 3304 anno
2011 3252 2182 3316 1547,
2225 3251 2314 3306 ubi
2355 3252 2518 3306 refert
2574 3266 2735 3321 opera
2785 3251 2842 3306 S.
2889 3251 3109 3306 Joannis
3159 3252 3393 3324 Chryso-

1809 3343 2185 3407 stomi,librum
2210 3343 2327 3413 ejus
2358 3352 2618 3398 memorat
2645 3343 2745 3398 hoc
2781 3343 2964 3397 titulo:
2989 3343 3239 3398 Adversus
3265 3346 3392 3398 Aru-

1807 3435 1888 3488 bes
1912 3435 1976 3488 de
2013 3432 2396 3488 Resurrectione
2425 3445 2731 3488 mortuorum
2753 3435 2866 3487 libri
2892 3436 3013 3498 duo,
3043 3435 3129 3505 qui
3165 3435 3392 3490 dicebant

1803 3529 1998 3581 animas
2037 3529 2164 3581 mori
2198 3545 2311 3582 cum
2354 3545 2581 3600 corpore.
2611 3529 2710 3596 Qui
2761 3529 3127 3598 Chrysostomi
3165 3530 3319 3596 libri,
3345 3533 3388 3585 si

1802 3634 1927 3674 vere
1957 3620 2108 3675 istius
2143 3622 2310 3675 sancti
2332 3621 2564 3676 doctoris
2603 3621 2835 3688 fuerint,
2867 3623 2948 3678 vel
2973 3623 3134 3678 latent
3159 3623 3384 3688 alicubi,

1804 3711 1890 3766 vel
1916 3726 2135 3778 prorsus
2165 3712 2498 3768 interierunt.
2546 3713 2809 3769 Eusebius
2837 3731 2962 3769 vero
2995 3716 3046 3770 in
3075 3717 3208 3771 llist.
3237 3716 3361 3772 Eccl

1802 3815 1858 3872 p.
1897 3802 2022 3870 135,
2045 3801 2192 3870 dicit,
2215 3803 2418 3858 Arabas
2439 3804 2682 3874 Origenis
2704 3815 2941 3874 tempore
2967 3807 3135 3876 palam
3166 3807 3385 3871 dixisse.

1801 3893 2003 3948 animas
2042 3909 2179 3948 mort
2219 3909 2339 3948 cum
2364 3907 2611 3964 corpore.
2653 3905 2857 3951 etcum
2898 3911 2962 3951 eo
2993 3909 3387 3953 resurrecturas

1800 3997 1952 4039 esse:
1984 3991 2142 4054 atque
2178 3984 2435 4040 adversus
2477 3986 2593 4040 illos
2624 3995 2862 4040 coactam
2895 3986 3056 4042 fuisse
3084 3987 3382 4058 Synodutn,

1799 4075 1885 4130 cui
1907 4074 2076 4130 adfuit
2103 4075 2380 4146 Origenes.

1870 4169 2068 4224 Verum
2095 4171 2413 4226 Antiocheni
2445 4171 2519 4224 illi
2550 4172 2661 4241 qui,
2709 4180 2843 4226 teste
2868 4170 3270 4243 Chrysostomo,
3303 4172 3380 4227 fu-

1801 4268 1971 4315 turum
1987 4261 2237 4315 saeculum
2256 4262 2542 4331 negabant,
2563 4276 2734 4332 neque
2756 4265 2958 4316 animas
2977 4277 3145 4332 neque
3162 4278 3381 4331 corpora

1801 4361 2165 4406 resurrectum
2193 4366 2312 4406 esse
2340 4352 2618 4420 putabant.
2654 4352 2916 4421 Insignem
2961 4369 3174 4421 quoque
3218 4354 3381 4407 alium

1800 4442 2252 4498 Antiochenorum
2302 4443 2658 4512 complurium
2711 4459 2946 4498 errorem
3001 4457 3380 4499 commemorat

1799 4533 2024 4587 Homilia
2051 4531 2120 4588 28
2145 4534 2196 4587 in
2227 4533 2553 4587 Matthmum.
2601 4533 2706 4589 Sed
2738 4551 2858 4601 cur,
2891 4535 3094 4604 inquit,
3123 4535 3378 4591 dtemoues

1796 4624 1849 4678 in
1888 4624 2136 4693 sepulcris
2186 4623 2394 4678 libenter
2440 4635 2702 4678 versantur
2746 4624 2942 4696 (Tomo
2987 4627 3284 4697 septimo)?
3313 4628 3381 4683 Ut

1795 4716 2127 4787 perniciosam
2173 4717 2453 4771 doctrinam
2501 4718 2776 4772 multorum
2821 4721 3069 4773 mentibus
3113 4721 3376 4788 inserant,

1795 4823 1973 4876 nempe
1997 4809 2192 4861 animas
2233 4818 2546 4862 mortuorum
2583 4815 2841 4863 dwmonas
2865 4811 2997 4876 ﬁeri,
3034 4811 3169 4881 quod
3197 4829 3260 4866 ne
3288 4829 3377 4867 co-

1791 4900 1910 4972 gitet
1935 4899 2184 4970 quispiam
2203 4900 2350 4953 absit.
2381 4899 2486 4954 Sed
2517 4900 2641 4971 quid
2665 4901 2824 4964 dicas.
2848 4900 3112 4971 inquiunt,
3152 4902 3214 4956 de
3239 4919 3372 4971 pra:-

1791 4992 2131 5062 stigiatoribus
2172 4992 2378 5056 multis,
2420 4992 2506 5058 qui
2552 5002 2728 5057 captos
2775 5009 2954 5062 pueros
2989 4993 3271 5062 jugulant,
3319 5005 3373 5049 tt

1790 5085 2014 5138 animam
2061 5095 2232 5156 postea
2272 5083 2366 5138 sibi
2410 5085 2778 5138 ministrantem
2805 5085 3220 5140 liabeant?Nam
3244 5088 3376 5154 quod

1782 5179 2041 5252 jugulent,
2077 5181 2171 5233 hoc
2207 5180 2352 5232 multi
2393 5181 2604 5244 dicunt;
2637 5180 2770 5247 quod
2799 5189 2969 5233 autem
2998 5195 3240 5234 ctesorum
3260 5183 3374 5234 ani-

1789 5288 1886 5326 ma:
1908 5288 2022 5326 cum
2054 5272 2178 5342 ipsis
2205 5273 2325 5337 sint,
2350 5271 2502 5336 unde,
2536 5287 2723 5342 quaeso,
2752 5270 2883 5324 nosti
2904 5269 2929 5322 .9
2948 5268 3082 5339 Ipsi,
3110 5269 3373 5340 inquiunt,

1790 5364 2084 5418 daemoniaci
2122 5364 2216 5418 hoc
2258 5363 2431 5416 dicunt
2463 5379 2480 5415 :
2512 5362 2621 5432 Ego
2662 5379 2773 5416 sum
2812 5361 2982 5416 anima
3022 5362 3157 5416 illius
3191 5363 3367 5432 cujus-

1793 5457 1948 5524 piam.
1992 5454 2175 5509 Verum
2217 5457 2324 5509 Ittec
2363 5457 2506 5523 [rans
2531 5465 2576 5506 et
2608 5454 2818 5525 fallacia
2861 5452 3110 5506 diabolica
3149 5464 3220 5506 est
3243 5468 3261 5504 :
3283 5468 3374 5504 ue-

1788 5565 1884 5618 que
1909 5549 2041 5604 enim
2082 5549 2252 5601 anima
2282 5548 2464 5600 mortui
2508 5556 2580 5600 est
2619 5561 2730 5616 qua:
2765 5545 2988 5609 clamat,
3017 5545 3108 5598 sed
3134 5559 3327 5596 amen
3353 5585 3366 5605 ,

1786 5641 1874 5708 qui
1903 5641 1994 5692 hoc
2041 5640 2244 5694 simulat
2271 5648 2325 5692 ut
2363 5640 2619 5694 auditores
2666 5639 2900 5708 decipiat.
2949 5637 3083 5690 Nam
3125 5638 3168 5688 si
3205 5647 3371 5705 posset

1793 5733 1964 5784 anima
1991 5729 2043 5782 in
2083 5731 2323 5783 dtemonis
2348 5731 2680 5783 substantiam
2722 5730 2916 5798 ingredi
2937 5770 2948 5788 ,
2981 5727 3137 5779 multo
3165 5718 3368 5794 [acilius

1790 5826 1840 5876 in
1865 5836 2047 5888 corpus
2075 5838 2219 5874 suum
2243 5821 2600 5888 ingrederetur.
2629 5820 2879 5874 l’ra'terea
2905 5817 3013 5886 quis
3035 5817 3227 5869 ratione
3245 5828 3365 5883 pne-
