3864 6448
472 451 543 506 π,
1813 424 2133 486 SYNOPSIS
2157 427 2395 486 sonum
3665 433 3734 489 π

470 566 606 619 ditus
635 562 833 616 cudere
857 560 1011 631 possit
1040 558 1259 610 animam
1285 555 1476 615 (cesam,
1503 568 1556 606 se
1597 551 1797 606 laedenti
1820 552 2055 608 sociare?

480 662 568 707 aut
603 653 853 706 hominem
884 665 1029 719 posse
1052 648 1148 700 vim
1171 647 1518 716 incorporeum
1536 644 1589 696 in
1624 643 1830 695 alteram
1865 651 2057 696 mutare

480 741 860 800 substantiam?
904 739 1043 794 Nam
1070 739 1114 791 si
1142 738 1195 790 in
1239 735 1530 806 corporibus
1568 733 1622 786 id
1664 732 1774 802 ﬁeri
1813 741 2052 800 nequeat,

473 853 561 890 nec
587 835 847 905 quisquam
876 831 1032 902 possit
1057 845 1237 900 corpus
1263 827 1478 880 hominis
1504 828 1557 877 in
1582 839 1762 892 corpus
1789 822 1918 875 asini
1946 837 2055 874 mu-

470 940 596 993 tare,
627 925 782 979 multo
805 923 964 993 magis
989 923 1041 974 in
1075 921 1244 973 anima
1272 917 1504 972 invisibili
1531 915 1583 968 id
1609 914 1721 983 ﬁeri
1759 914 1943 982 nequit,
1968 927 2058 966 nec

477 1019 589 1087 quis
611 1017 764 1088 possit
786 1015 928 1070 illam
952 1015 1004 1068 in
1029 1013 1271 1068 dwmenis
1290 1011 1616 1065 substantiam
1639 1016 1843 1063 vertere.

562 1106 909 1163 Antioclienis
954 1106 1114 1160 etiam
1153 1104 1280 1157 dicit
1309 1101 1589 1156 nonnullos
1627 1099 1902 1154 haereticos
1938 1111 2058 1154 esse

474 1200 564 1269 qui
592 1199 922 1252 affirmarent
942 1196 1095 1267 aliud.
1113 1209 1307 1263 corpus
1333 1193 1546 1256 cadere,
1581 1190 1722 1244 aliud
1751 1205 2054 1259 resurgere.

477 1307 499 1340 τι
527 1288 805 1356 Quomodo
849 1301 974 1355 ergo
1001 1284 1315 1340 resurrectio
1342 1282 1496 1336 fuerit
1519 1299 1539 1334 ι
1574 1281 1591 1349 (
1617 1280 1771 1332 Τοηιο
1799 1278 2058 1348 decimo)?

471 1382 660 1451 inquit,
704 1399 724 1432 ι
773 1380 817 1434 si
847 1393 1036 1448 nempe
1061 1377 1201 1430 aliud
1226 1375 1414 1439 cadat,
1439 1372 1585 1428 aliud
1615 1370 1892 1440 resurgat?
1917 1369 2058 1424 unde

475 1474 576 1526 hoc
596 1472 813 1543 qumso?
841 1470 1051 1523 aliudue
1095 1466 1346 1536 peccavit,
1379 1474 1433 1519 ct
1467 1464 1608 1517 aliud
1639 1461 1888 1530 punitur?
1913 1459 2055 1514 aliud

475 1574 620 1618 recte
647 1563 770 1617 fecit
789 1604 804 1624 ,
834 1571 888 1615 et
912 1559 1050 1614 aliud
1081 1556 1403 1611 coronatur?
1431 1573 1450 1606 ι
1485 1552 1636 1622 Apud
1679 1551 2054 1606 Constantino-

480 1657 745 1728 politanos
791 1655 950 1709 etiam
1001 1652 1148 1705 multi
1202 1659 1353 1704 erant
1394 1647 1482 1717 qui
1529 1647 1765 1701 dicerent
1801 1645 1933 1699 alios
1973 1659 2057 1698 re-

471 1757 838 1811 surrecturos,
866 1746 1000 1799 alios
1040 1760 1145 1798 non
1186 1749 1579 1798 resurrecturos
1614 1753 1768 1804 esse,
1796 1752 1929 1808 quos
1966 1751 2056 1789 va-

481 1838 747 1893 lidissimis
795 1837 1118 1908 argumentis
1167 1832 1404 1888 confutat
1449 1828 2055 1901 Chrysostomus(Teme

473 1930 766 1993 duodecimo
787 1932 826 1999 ).

542 2023 706 2077 Erant
732 2022 892 2075 etiam
920 2018 1135 2090 quidam
1177 2017 1267 2088 qui
1292 2016 1542 2071 dicebant
1564 2014 1794 2068 animam
1817 2020 2054 2066 nostram

468 2131 536 2170 ex
562 2114 856 2170 substantia
903 2113 994 2166 Dei
1038 2127 1192 2174 esse;
1220 2120 1275 2164 et
1315 2110 1367 2164 in
1409 2109 1542 2162 alios
1586 2120 1797 2162 errores
1848 2113 2052 2158 temere

474 2206 812 2261 ferebantur:
843 2218 944 2273 qua
970 2202 1035 2256 de
1077 2217 1134 2254 re
1175 2199 1471 2254 audiendus
1497 2205 1579 2252 est
1619 2196 2051 2268 Chrysostomus.

473 2298 526 2350 In
582 2296 697 2350 haec
739 2293 1008 2350 Geneseos
1053 2293 1209 2344 verba
1256 2288 1451 2355 (Temo
1490 2285 1725 2357 quarto):
1779 2284 1846 2338 Et
1897 2284 2057 2350 inspi-

469 2391 596 2442 ravit
634 2389 687 2440 in
735 2387 915 2455 faciem
970 2387 1078 2446 eius
1130 2381 1437 2453 spiraculum
1487 2381 1639 2446 vitte,
1673 2389 1718 2431 et
1773 2383 1937 2447 [actus
1983 2388 2055 2433 est

468 2482 618 2533 homo
682 2478 734 2532 in
793 2477 1014 2530 animam
1069 2475 1343 2538 viventem,
1387 2473 1460 2526 ait
1507 2471 1647 2526 ille:
1692 2468 1791 2523 Hic
1850 2468 2054 2538 quidam

471 2572 602 2624 male
645 2568 850 2640 feriati,
901 2565 1124 2637 propriis
1165 2565 1287 2618 moti
1320 2563 1633 2627 ratiociniis,
1679 2561 1900 2631 nihilque
1943 2558 2053 2614 Deo

475 2661 684 2731 dignum
731 2659 1036 2729 cogitantes,
1091 2672 1249 2724 neque
1288 2658 1550 2708 verborum
1595 2651 2054 2719 attemperatienem

469 2769 635 2806 secum
664 2759 952 2821 reputantes
975 2791 992 2816 ,
1036 2750 1202 2801 dicere
1240 2747 1427 2800 audent
1471 2747 1691 2798 animam
1721 2760 1784 2797 ex
1809 2742 1901 2796 Dei
1935 2744 2051 2797 sub-

467 2847 651 2901 stantia
680 2857 803 2894 esse.
839 2840 882 2894 0
921 2838 1210 2894 insaniam!
1234 2854 1262 2890 ο
1286 2835 1596 2890 amentiam!
1643 2835 1777 2901 Quot
1819 2834 2053 2902 perniciei

465 2939 573 2996 vias
617 2936 848 2991 diabolus
896 2934 1091 3005 paravit
1136 2931 1412 2985 cultoribus
1456 2929 1607 2982 suis?
1645 2927 1711 2980 ιιι
1752 2937 1805 2979 ut
1847 2928 2047 2990 discas,

467 3028 718 3102 perpende
766 3042 915 3096 quam
956 3023 1166 3079 diversis
1227 3022 1461 3074 incedant
1512 3020 1622 3072 viis.
1662 3016 1799 3070 Nam
1842 3015 1930 3068 alii
1989 3032 2051 3068 ea:

467 3120 560 3172 hoc
613 3118 795 3179 verba,
853 3115 1168 3184 inspiravit,
1241 3127 1418 3165 ansam
1477 3109 1811 3178 arripientes,
1877 3108 2049 3160 dicunt

466 3210 660 3261 animas
689 3223 752 3261 ex
777 3205 1060 3260 substantia
1103 3202 1198 3256 Dei
1226 3218 1370 3266 esse;
1407 3201 1497 3254 alii
1517 3215 1720 3252 rursum
1757 3199 1928 3280 dicunt
1952 3238 1966 3260 ,
1995 3197 2049 3250 in

467 3299 815 3353 vilissimorum
841 3296 1099 3350 brutorum
1122 3293 1456 3348 substantiam
1486 3291 1623 3360 ipsas
1667 3291 1916 3342 transire:
1950 3305 2050 3359 qua

466 3389 682 3442 amentia
701 3388 821 3460 quid
845 3387 1060 3441 deterius
1081 3401 1184 3439 esse
1205 3384 1357 3454 possit
1377 3383 1401 3436 ?
1425 3382 1556 3450 Quia
1579 3382 1711 3435 enim
1733 3381 2051 3434 obtenebrata

467 3492 535 3535 est
555 3481 687 3536 ratio
716 3496 886 3534 eorum
906 3519 923 3545 ,
966 3486 1011 3532 et
1040 3493 1212 3531 verum
1250 3475 1531 3545 Scriptum
1553 3489 1753 3527 sensum
1779 3474 2012 3542 ignorant
2029 3515 2045 3539 ,

465 3572 609 3640 quasi
635 3570 871 3625 σπασαιὶ
914 3568 1093 3621 mentis
1121 3566 1280 3620 oculis
1321 3566 1376 3619 in
1417 3566 1612 3618 diversa
1640 3566 1871 3634 feruntur
1913 3579 2047 3631 prte-

465 3663 636 3733 cipitia
656 3701 671 3726 ,
703 3662 824 3713 dum
851 3660 939 3712 alii
965 3658 1106 3712 illam
1151 3673 1306 3727 supra
1331 3656 1626 3725 dignitatem
1667 3653 1884 3719 e/ferunt
1904 3692 1922 3719 ,
1957 3654 2050 3707 alii

466 3764 630 3808 autent
673 3753 810 3821 infra
856 3751 1147 3820 dignitatem
1194 3749 1521 3818 deprimunt:
1560 3746 1639 3799 illi
1694 3746 1919 3799 videlicet
1963 3748 2046 3815 qui

467 3843 878 3914 metempsycesin
903 3842 1227 3904 inducebant,
1276 3856 1362 3893 seu
1390 3839 1651 3892 transitum
1676 3839 1860 3893 anime
1883 3839 2045 3891 homi-

465 3937 543 3991 nis
582 3936 634 3988 in
672 3937 806 4005 [eras
833 3941 879 3985 et
925 3932 1068 3985 bruta
1092 3930 1352 3983 animalia.

536 4027 681 4081 Multi
713 4034 865 4080 erant
893 4023 1257 4094 Chrysostomi
1285 4037 1398 4075 τενο
1424 4062 1438 4084 ,
1488 4020 1576 4089 qui
1607 4020 1836 4074 divinam
1867 4021 2045 4089 provi-

465 4118 698 4172 dentiam
741 4123 1018 4184 negantes,
1043 4113 1220 4167 omnia
1271 4111 1379 4165 fato
1408 4111 1531 4164 ferri
1571 4110 1857 4174 dicebant,
1889 4120 2044 4182 puta-

469 4208 696 4276 bantque
723 4220 821 4259 nos
842 4220 904 4259 ex
933 4203 1022 4258 fati
1051 4202 1367 4256 necessitate
1390 4201 1472 4254 vel
1504 4202 1704 4254 bonum
1734 4201 1818 4255 vel
1847 4203 2042 4257 malum

469 4307 808 4370 perpetrare;
840 4297 909 4348 ita
945 4304 1002 4348 ut
1043 4309 1255 4348 onmem
1285 4292 1490 4346 arbitrii
1535 4277 1829 4346 libertatem
1863 4293 2046 4348 tollere

468 4389 793 4452 viderentur,
823 4386 1201 4453 hominemque
1248 4399 1277 4437 a
1323 4383 1498 4438 studio
1528 4384 1792 4438 sectanda:
1837 4386 2044 4440 virtutis

465 4487 521 4533 et
549 4478 796 4549 nequitiae
822 4475 1084 4546 fugienda:
1106 4482 1384 4528 avertere:
1412 4489 1516 4543 qua
1563 4483 1712 4543 peste
1737 4490 1854 4544 quae
1879 4478 2046 4545 possit

467 4585 588 4626 esse
617 4569 830 4636 major?
867 4570 1204 4637 Quapropter
1245 4564 1400 4634 hujus
1443 4564 1704 4634 opinionis
1753 4575 2043 4622 assertores

469 4660 813 4715 vehementer
840 4660 1071 4726 exagitat
1100 4656 1528 4727 Chrysostomus.
1558 4656 1718 4710 Erant
1743 4659 1882 4713 enim
1913 4675 2045 4714 non-

468 4751 599 4805 nulli
625 4749 973 4820 quidicebant
1001 4746 1344 4814 philosophos
1363 4746 1611 4815 prmclara
1629 4748 1868 4817 qutedam
1899 4751 2045 4807 inve-

468 4844 612 4896 nisse
658 4852 711 4896 et
741 4839 1110 4910 prsestantiora
1143 4837 1207 4890 iis
1234 4853 1350 4907 quze
1388 4837 1456 4893 de
1481 4841 1864 4897 resurrectione
1894 4844 2041 4900 dice-

468 4929 875 5001 bantur(Teme
928 4926 1127 5001 sexto);
1155 4929 1272 4982 illos
1319 4943 1509 4998 nempe
1556 4929 2044 5008 philosophos,qui

467 5026 632 5078 fatum
679 5021 1032 5085 inducebant,
1064 5019 1314 5074 docentes
1366 5035 1453 5074 res
1500 5021 1656 5090 hujus
1697 5026 1875 5080 mundi
1925 5042 2043 5082 om-

467 5131 562 5170 nes
601 5114 742 5169 nulla
778 5113 888 5183 geri
935 5110 1297 5183 providentia,
1329 5113 1627 5185 nullamque
1671 5118 1822 5173 nobis
1868 5135 2042 5174 rerum

466 5225 649 5263 curam
694 5222 813 5262 esse
855 5205 1049 5260 debere
1081 5205 1099 5277 (
1119 5205 1277 5261 Temo
1316 5209 1638 5283 undecimo).
1668 5213 1945 5270 Addebant
1973 5218 2046 5270 in.

466 5319 626 5374 super
667 5302 844 5355 omnia
889 5309 1133 5354 constare
1171 5315 1237 5355 ex
1261 5303 1469 5356 atomis.
1498 5305 1600 5358 Alii
1636 5321 1762 5360 vero
1799 5307 2046 5362 dicebant

474 5399 636 5450 Deum
663 5407 780 5448 esse
809 5401 864 5447 et
891 5394 1366 5463 metempsyehosin
1404 5396 1779 5461 admittebant,
1814 5397 2042 5451 homini-

468 5489 672 5555 busque
705 5484 996 5539 suadebant
1039 5485 1196 5540 talem
1238 5486 1322 5541 vel
1352 5487 1508 5542 talem
1549 5489 1834 5558 aliquando
1880 5487 2046 5543 fuisse

467 5597 676 5644 canem,
707 5579 787 5633 vel
819 5579 1013 5648 piscem
1042 5580 1120 5634 vel
1153 5580 1380 5634 lennem.
1415 5583 1577 5635 Erant
1605 5581 1799 5650 quippe
1825 5581 1914 5634 illo
1932 5596 2046 5633 mvo

471 5670 766 5742 philosophi
783 5671 1001 5742 gentiles
1022 5673 1194 5736 multi,
1210 5675 1296 5743 qui
1317 5673 1545 5727 tribonio
1562 5673 1749 5737 induti,
1771 5682 1824 5726 et
1845 5672 2044 5740 prolixa

470 5765 629 5820 barba
657 5763 916 5830 instructi,
943 5765 1120 5833 populi
1143 5765 1534 5820 venerationem
1549 5762 1650 5817 sibi
1669 5761 2040 5822 conciliabant,

470 5857 780 5932 plebemque
799 5856 888 5911 tali
914 5857 1215 5913 imbuebant
1238 5856 1537 5926 disciplina,
1556 5870 1674 5925 qua:
1696 5853 1764 5909 ad
1780 5852 2043 5908 Christia-

2163 563 2290 603 num
2310 563 2452 620 satpe
2485 549 2733 620 populum
2768 549 3041 605 transibat.
3082 546 3196 604 Fati
3216 549 3396 620 opinio
3421 550 3558 607 inter
3574 561 3737 609 etate-

2160 657 2248 697 ras
2270 643 2554 706 eminebat,
2571 659 2727 713 quam
2750 656 2856 698 non
2870 643 3289 698 raroinsectatur
3299 643 3733 716 Chrysostomus.

2232 734 2422 804 Ingens
2461 745 2577 790 erat
2599 735 2739 805 apud
2767 733 3062 790 Orientales
3090 735 3211 789 illos
3232 736 3540 807 opinionum
3570 748 3625 793 et
3645 755 3737 794 er-

2161 839 2341 879 rorum
2376 826 2686 882 diversitas:
2715 827 2996 882 levissimis
3019 827 3162 883 enim
3193 829 3323 883 moti
3370 830 3694 900 conjecturis
3717 875 3738 899 ,

2160 931 2280 984 qua:
2309 916 2360 970 in
2386 927 2615 971 mentem
2642 918 2943 985 veniebant,
2973 929 3172 973 temere
3195 930 3250 974 et
3272 920 3480 975 incaute
3502 923 3740 991 profere-

2161 1007 2288 1061 bant
2335 1008 2385 1062 in
2410 1007 2663 1071 medium,
2692 1017 2747 1064 et
2772 1014 2948 1064 statim
2971 1019 3265 1066 sectatores
3295 1010 3578 1066 habebant.
3609 1013 3738 1068 Inde

2161 1097 2356 1154 factum
2384 1111 2441 1154 ut
2466 1099 2834 1158 Occidentales
2867 1111 2971 1156 tam
3017 1103 3149 1156 levia
3181 1113 3236 1158 et
3276 1105 3550 1159 mutabilia
3593 1107 3736 1176 apud

2162 1192 2280 1246 illos
2303 1193 2542 1248 videntes
2562 1195 2869 1264 opinionum
2897 1195 3120 1249 divortia
3147 1195 3248 1251 hoc
3268 1197 3408 1252 dicto
3437 1207 3734 1266 uterentur,

2164 1281 2435 1336 Orientalis
2461 1282 2652 1338 levitas.
2685 1284 2759 1338 llli
2778 1300 2904 1339 vero
2924 1295 3106 1340 contra
3135 1289 3458 1356 reponebant
3487 1288 3736 1343 Occiden-

2162 1374 2262 1427 tale
2289 1375 2634 1444 supercilium,
2680 1377 2941 1446 superbia:
2971 1377 3276 1432 incusantes
3302 1394 3394 1434 eos
3420 1381 3507 1449 qui
3534 1381 3631 1435 sibi
3654 1381 3735 1436 le-

2159 1464 2374 1518 vitatem
2419 1465 2728 1534 objicercnt.
2769 1465 2898 1534 Quae
2926 1480 3057 1522 sane
3103 1468 3286 1523 levitas
3318 1479 3465 1524 tanta
3497 1481 3630 1535 erat,
3681 1482 3737 1526 ut

2159 1554 2394 1623 quotidie
2437 1556 2490 1610 in
2539 1557 2792 1626 religione
2833 1567 3068 1613 monstra
3103 1570 3332 1628 pareret.
3369 1562 3529 1616 Erant
3556 1573 3733 1618 autem

2159 1645 2299 1712 apud
2346 1646 2466 1701 illos
2509 1649 2595 1717 qui
2623 1649 2865 1708 dicerent
2892 1651 3068 1704 omnia
3093 1666 3221 1705 casu
3249 1652 3503 1708 exsistere
3536 1654 3555 1725 (
3575 1652 3734 1708 Temo

2159 1736 2497 1811 duodecimo).
2531 1739 2783 1795 Eamdem
2809 1782 2823 1806 ,
2863 1741 2958 1796 sed
3002 1742 3226 1798 diversis
3254 1745 3431 1800 verbis
3453 1786 3468 1810 ,
3498 1746 3736 1815 profere-

2159 1827 2286 1882 bant
2326 1831 2638 1885 sententiam
2669 1846 2788 1887 cum
2815 1833 3051 1888 dicerent
3099 1849 3187 1890 res
3227 1847 3432 1891 creatas
3468 1846 3730 1894 automata

2159 1935 2296 1975 esse.
2318 1940 2338 1973 ε
2367 1922 2488 1990 Alii,
2523 1942 2542 1976 ι
2561 1924 2727 1994 pergit
2743 1926 3172 1996 Chrysostomus,
3201 1946 3221 1979 ι
3243 1927 3572 1984 daemonibus
3593 1934 3734 1986 attri~

2160 2009 2326 2064 buunt
2357 2013 2536 2067 mundi
2567 2016 2890 2070 creationem
2919 2025 2972 2072 et
2997 2017 3404 2086 providentiam,
3435 2021 3573 2089 quod
3605 2037 3730 2092 pec-

2159 2111 2334 2155 catum
2362 2103 2448 2156 vix
2473 2105 2682 2158 veniam
2711 2105 2953 2161 admittat
2986 2125 3005 2158 ι
3039 2107 3058 2178 (
3082 2106 3240 2161 Temo
3269 2110 3529 2166 undecimo
3557 2113 3594 2168 l.

2228 2193 2652 2249 Necromantiam
2672 2197 2828 2250 etiam
2856 2197 2943 2252 illa
2968 2209 3278 2268 tempestate
3297 2201 3552 2270 quosdam
3573 2219 3732 2259 exer-

2158 2285 2332 2338 cuisse
2351 2285 2498 2347 dicit,
2520 2286 2608 2354 qui
2629 2285 3008 2343 absurdissima
3033 2289 3195 2344 multa
3219 2292 3508 2347 tentabant:
3531 2295 3596 2349 ad
3617 2295 3734 2354 hau:

2159 2376 2435 2443 pulverum
2462 2385 2516 2431 et
2543 2378 2773 2432 cinerem
2822 2379 3156 2446 adhibentes,
3206 2389 3263 2435 ut
3289 2383 3493 2438 scilicet
3531 2401 3728 2442 arcana

2159 2475 2212 2522 et
2239 2468 2412 2523 futura
2443 2470 2541 2523 hac
2569 2481 2684 2524 arte
2710 2470 3009 2525 divinarent
3036 2471 3056 2545 (
3078 2471 3234 2526 Temo
3262 2475 3472 2544 septimo
3493 2472 3536 2548 ).

2229 2561 2377 2616 Alios
2425 2572 2806 2617 commemorat
2862 2561 3273 2636 Chrysostomus
3330 2569 3421 2637 qui
3493 2569 3733 2627 dicerent

2157 2652 2411 2706 mundum
2453 2669 2571 2708 esse
2605 2653 2767 2710 deum
2798 2655 2996 2726 (Temo
3022 2657 3293 2730 decimo);
3343 2660 3434 2714 sed
3485 2661 3569 2716 hic
3604 2675 3733 2733 puto

2156 2748 2242 2818 agi
2272 2748 2338 2803 de
2365 2750 2554 2819 priscis
2583 2751 2684 2805 illis
2711 2752 3037 2822 philosophis
3083 2762 3192 2807 tum
3224 2753 3424 2810 Graacis
3468 2765 3575 2811 tum
3619 2757 3733 2813 La-

2159 2839 2316 2904 tinis,
2361 2855 2584 2909 quorum
2649 2857 2753 2896 non
2801 2843 2953 2911 pauci
3007 2844 3261 2913 putabant
3310 2847 3561 2900 mundum
3608 2863 3734 2904 esse

2155 2931 2334 2985 deum.
2380 2932 2558 3002 Pergit
2584 2940 2762 2988 autem
2805 2934 2998 2989 ibidem
3049 2935 3107 2989 S.
3153 2936 3341 2990 doctor
3378 2953 3392 2990 :
3427 2955 3446 2988 ι
3501 2937 3602 2991 Alii
3657 2939 3731 2994 ita

2156 3023 2336 3076 mundi
2380 3024 2820 3093 pulchritudinem
2864 3026 3192 3096 ignorarunt,
3224 3037 3280 3082 ut
3328 3028 3420 3083 Dei
3461 3031 3734 3087 creatione

2159 3113 2429 3182 indignum
2473 3113 2762 3182 haberent,
2809 3131 2873 3172 ac
2899 3117 3209 3187 perniciosa:
3237 3117 3445 3172 cuidam
3493 3121 3733 3174 materia:

2156 3220 2396 3274 magnam
2425 3206 2538 3274 ejus
2569 3216 2770 3276 partem
2792 3210 3148 3278 assignarent.
3185 3229 3204 3262 ι
3250 3210 3400 3264 Hanc
3443 3226 3568 3265 vero
3609 3214 3730 3282 opi-

2153 3297 2368 3350 nionem
2415 3298 2665 3354 tenebant
2691 3299 3000 3356 Valentinus
3021 3310 3078 3357 et
3120 3301 3210 3357 alii
3246 3301 3512 3368 haeretici,
3552 3315 3608 3359 ut
3647 3309 3732 3361 vi-

2153 3386 2329 3439 dimus
2356 3402 2536 3456 supra.

2223 3475 2411 3530 Malam
2437 3475 2680 3533 haeresim
2706 3489 2855 3534 vocat
2887 3494 3006 3534 eam
3047 3494 3147 3551 qua
3174 3480 3290 3536 sola
3338 3497 3471 3552 aqua
3500 3485 3729 3542 adbibe-

2152 3567 2306 3622 batur
2344 3567 2410 3622 ad
2451 3569 2761 3640 mysterium
2799 3571 3000 3636 calicis,
3031 3585 3189 3641 quam
3219 3571 3474 3628 hatresim
3501 3574 3733 3630 Tatiano

2151 3666 2206 3712 et
2232 3657 2520 3712 Encratitis
2545 3657 2798 3714 adscribit
2821 3661 3172 3730 Epiphanius,
3206 3671 3263 3716 ut
3288 3678 3445 3732 supra
3495 3663 3735 3724 vidimus

2157 3749 2174 3817 (
2196 3745 2350 3802 Tento
2381 3746 2637 3820 septimo).

2220 3838 2373 3894 Circa
2403 3843 2619 3910 angelos
2644 3849 2820 3894 autem
2867 3841 3107 3912 quaedam
3134 3843 3280 3906 dicit,
3313 3859 3430 3914 qua:
3455 3845 3542 3901 hic
3583 3847 3728 3902 refc-

2155 3928 2316 3983 renda
2346 3940 2624 3998 putamus,
2674 3928 3065 3985 Commentario
3098 3932 3153 3986 in
3187 3932 3438 3990 Genesim
3486 3936 3538 3990 in
3585 3937 3730 3994 bunc

2153 4020 2328 4077 locum
2362 4021 2554 4093 (Tento
2579 4021 2827 4094 quarto):
2862 4022 2928 4077 Ut
2957 4025 3182 4078 viderunt
3215 4027 3311 4094 ﬁlii
3349 4027 3439 4081 Dei
3469 4030 3601 4097 ﬁlias
3625 4031 3718 4084 Ito.

2151 4114 2345 4167 ntinum
2395 4117 2532 4183 quod
2573 4116 2796 4187 pulchrae
2838 4125 3016 4175 essent.
3043 4128 3362 4184 sumpserunt
3403 4120 3495 4173 sibi
3545 4138 3732 4176 uxores

2151 4223 2213 4260 ex
2239 4209 2468 4261 omnibus
2503 4224 2627 4280 quas
2667 4208 2916 4276 elegerant
2945 4208 2963 4279 (
2982 4206 3107 4260 Gen.
3134 4208 3190 4262 6.
3223 4208 3259 4262 2
3282 4211 3320 4279 ).
3354 4229 3373 4262 ι
3399 4212 3663 4282 Singulas,
3703 4234 3724 4267 ι

2151 4299 2340 4368 inquit,
2369 4319 2389 4350 ‹
2408 4299 2665 4353 dictiones
2692 4298 2973 4368 diligenter
2997 4299 3410 4365 consideremus,
3435 4302 3638 4371 nequid
3672 4305 3726 4357 in

2151 4390 2313 4446 fundo
2334 4392 2503 4444 latens
2517 4404 2612 4443 nos
2631 4397 2927 4458 prmtereat.
2951 4387 3138 4458 Opera:
3155 4391 3380 4459 pretium
3401 4393 3539 4446 enim
3562 4392 3732 4449 fuerit

2149 4482 2285 4538 bene
2303 4482 2523 4536 scrutari
2544 4481 2684 4535 hunc
2705 4479 2899 4546 locum,
2923 4490 2982 4548 ut
3000 4481 3366 4535 subvertamus
3389 4481 3590 4538 fabulas
3605 4500 3696 4539 om
3716 4515 3732 4525 -

2149 4576 2236 4630 nia
2265 4574 2653 4629 inconsiderate
2699 4572 3046 4642 loquentium.
3095 4573 3162 4628 Et
3189 4575 3413 4643 primum
3456 4576 3731 4634 efferenda

2149 4683 2211 4722 ea
2241 4683 2360 4737 qua:
2400 4666 2579 4720 dicere
2623 4663 2842 4729 audent,
2881 4673 2936 4718 et
2966 4674 3252 4719 monstrata
3279 4681 3483 4731 eorum,
3512 4683 3631 4737 qua:
3659 4673 3734 4726 ah

2150 4759 2254 4812 illis
2300 4757 2577 4820 dicuntur,
2624 4755 2981 4819 absurditate,
3031 4771 3312 4824 germanus
3342 4773 3550 4827 quoque
3581 4759 3735 4816 Scri-

2149 4859 2316 4919 ptura:
2345 4862 2530 4901 sensus
2565 4855 2752 4900 vestra:
2795 4847 2999 4901 caritati
3040 4847 3354 4916 aperiendus
3395 4858 3516 4916 est,
3566 4859 3625 4904 ut
3659 4868 3735 4907 ne

2149 4942 2456 5011 simpliciter
2470 4949 2522 4995 et
2537 4938 2688 4993 facile
2707 4953 2862 4993 aures
2877 4937 3284 4995 accommodetis
3302 4949 3404 4994 tam
3419 4941 3734 5010 blasphetna

2149 5033 2478 5093 dicentibus,
2507 5041 2562 5086 et
2587 5030 2868 5084 adversum
2899 5030 3069 5098 capita
3099 5045 3196 5084 sua
3225 5031 3487 5087 blaterare
3523 5033 3737 5086 auden-

2152 5127 2311 5179 tibus.
2357 5126 2620 5177 Asserunt
2643 5122 2784 5175 enim
2827 5121 2929 5176 hoc
2958 5135 3063 5175 non
3087 5121 3155 5176 de
3189 5121 3490 5176 hominibus
3517 5121 3734 5179 dictum

2148 5231 2287 5278 esse,
2313 5213 2407 5268 sed
2436 5212 2503 5266 de
2526 5212 2759 5283 angelis:
2795 5211 2892 5264 hos
2915 5211 3102 5275 enim,
3129 5213 3317 5276 aiunt,
3346 5213 3481 5267 filios
3510 5213 3602 5267 Dei
3629 5231 3736 5284 ap-

2152 5305 2381 5376 pellavit.
2414 5303 2644 5358 Primum
2676 5302 2960 5357 ostendant
2989 5303 3073 5357 ubi
3101 5305 3274 5372 angeli
3307 5304 3395 5358 filii
3426 5306 3518 5359 Dei
3545 5312 3740 5374 appel-

2152 5397 2239 5451 lati
2266 5397 2403 5453 sint:
2429 5395 2524 5450 sed
2555 5410 2660 5448 non
2707 5401 2953 5463 potet-unt
2993 5409 3212 5463 usquam
3250 5405 3562 5450 monstrare.
3616 5395 3738 5450 llo-

2151 5489 2320 5542 mines
2345 5487 2556 5557 quidem
2583 5485 2672 5539 filii
2703 5487 2794 5540 Dei
2822 5485 2951 5540 dicti
2982 5495 3130 5550 sunt,
3158 5488 3330 5557 angeli
3361 5499 3536 5542 autem
3567 5504 3741 5542 num-

2150 5595 2328 5648 quam.
2360 5578 2517 5647 Atqui
2547 5578 2613 5632 de
2653 5578 2854 5646 angelis
2894 5576 3044 5641 dicit,
3080 5577 3181 5644 Qui
3209 5579 3334 5648 facit
3359 5581 3562 5649 angelos
3615 5598 3744 5634 suos

2150 5669 2376 5737 spiritus,
2394 5677 2440 5721 et
2468 5669 2720 5720 ministros
2743 5684 2858 5721 suos
2878 5668 3135 5737 flammam
3160 5670 3290 5739 ignis
3315 5668 3628 5739 (Psal.105.
3651 5674 3686 5726 4
3706 5687 3739 5726 i.

2154 5761 2227 5812 De
2244 5758 2540 5811 hominibus
2558 5767 2755 5823 autem,
2779 5757 2886 5828 Ego
2898 5760 3024 5824 dixi,
3047 5759 3135 5812 Dii
3147 5761 3261 5814 estis
3281 5760 3448 5833 (Psal.
3471 5762 3558 5815 8|.
3581 5762 3664 5830 6):
3685 5778 3744 5818 ct

2154 5852 2361 5916 iterum,
2390 5848 2546 5904 Filios
2565 5850 2713 5918 genui
2733 5861 2776 5904 et
2798 5852 3012 5905 exaltari
3037 5851 3094 5921 (Ι
3103 5853 3198 5906 sai.
3225 5855 3274 5906 ί.
3299 5855 3331 5905 ‘2
3354 5857 3370 5922 )
3397 5871 3407 5905 :
3439 5863 3488 5907 cl
3516 5855 3744 5920 iterum,
