3818 6398
123 379 180 431 75
897 376 1058 446 ουιΕ
1095 375 1162 432 ΙΝ
1187 374 1522 432 OPERIBUS
1557 373 2024 432 CﬂliYSOSTOMI
2065 378 2585 438 OBSEllVANTUii.
3319 375 3382 430 76

122 492 486 562 Primagenitus
512 488 651 560 ﬁlius
675 504 816 543 meus
846 485 1008 542 Israel
1037 485 1058 556 (
1074 483 1240 540 Exod.
1267 485 1321 539 4.
1352 484 1424 538 22
1447 484 1487 554 ).
1525 487 1700 555 Ange-

117 594 189 643 lus
206 597 387 640 autem
411 594 674 654 nuSquam
703 591 919 636 vocatus
939 589 1022 634 est
1047 579 1208 644 illius,
1237 593 1409 648 neque
1429 578 1568 632 ﬁlius
1588 577 1699 632 Dei.

120 681 353 737 Profecto
373 678 551 748 angeli
574 677 787 747 quidam
804 682 986 737 erant;
1011 673 1104 728 sed
1119 673 1240 743 quia
1258 671 1324 726 ad
1347 671 1580 739 iniquum
1604 669 1707 724 hoc

118 791 241 844 opus
279 770 710 831 descenderunt,
734 768 991 836 dignitate
1036 779 1130 820 sua
1182 763 1513 827 exciderunt,
1549 781 1568 814 s
1599 771 1702 817 etc.

181 864 274 918 llic
299 875 502 931 aspere
526 859 633 930 agit
660 858 1082 929 Chrysostomus
1104 856 1154 908 in
1171 869 1265 909 eos
1293 853 1380 923 qui
1405 867 1562 922 supra
1590 867 1706 906 me-

119 961 376 1010 moratum
421 952 599 1006 locum
631 949 699 1004 de
731 949 934 1018 angelis
962 947 1306 1010 intellexere,
1350 953 1508 1013 atque
1563 943 1707 1011 ipsos

119 1050 244 1102 ﬁlios
268 1048 553 1101 hominum
583 1049 635 1099 in
669 1059 860 1098 uxores
889 1042 1158 1111 accepisse
1176 1080 1190 1104 ,
1217 1051 1546 1106 corporeque
1574 1050 1710 1104 prae-

121 1141 255 1194 ditos
284 1140 409 1193 illos
435 1138 656 1208 angelos
680 1135 864 1190 fuisse.
898 1135 966 1188 At
992 1132 1281 1187 multorum
1321 1139 1558 1184 veterum
1592 1127 1708 1180 hinc

121 1233 296 1300 Opinio
329 1230 455 1294 fuit,
484 1243 680 1297 nempe
707 1239 998 1296 corporeus
1023 1225 1168 1293 ipsos
1193 1222 1352 1275 fuisse
1371 1262 1385 1287 ,
1415 1231 1467 1275 et
1495 1235 1614 1274 cum
1645 1219 1708 1271 li-

119 1323 280 1376 liabos
295 1321 578 1375 hominum
602 1335 714 1374 rem
727 1317 974 1372 habuisse
995 1333 1008 1367 :
1033 1315 1252 1382 illosque
1268 1312 1484 1380 angelus
1497 1309 1709 1380 quidam

119 1425 370 1471 vocarunt
384 1414 583 1486 vigiles.
602 1411 867 1479 Iosephus
884 1411 1062 1478 Antiq.
1086 1408 1123 1461 l.
1149 1407 1195 1461 1.
1213 1422 1261 1460 c.
1281 1407 1315 1459 «1
1337 1423 1348 1458 :
1373 1405 1522 1458 Multi
1547 1403 1713 1472 angeli

119 1508 210 1562 Dei
237 1525 359 1561 cum
378 1507 678 1560 mulieribus
707 1503 872 1558 mixti.
895 1500 1124 1570 ldipsum
1146 1497 1528 1560 fereJustinus,
1553 1494 1717 1548 Athe-

121 1614 382 1669 ingeras,
423 1597 675 1652 Clemens
711 1592 1122 1654 Alexandrinus,
1154 1588 1526 1657 Theognoslus
1573 1585 1712 1654 apud

120 1691 365 1746 Photinm
397 1698 453 1743 et
483 1688 594 1742 alii.
624 1686 794 1753 Quam
824 1700 936 1740 rem
964 1689 1315 1754 persequutus
1339 1689 1422 1733 est
1449 1678 1716 1747 Josephus

122 1784 362 1854 Scaliger
400 1781 454 1851 in
488 1780 628 1835 notis
654 1779 722 1834 ad
752 1776 963 1832 Eusebii
993 1774 1294 1830 Chronicon
1315 1814 1330 1837 ,
1362 1781 1416 1827 et
1443 1781 1566 1842 post
1591 1785 1714 1826 eum

125 1877 205 1929 alii
235 1875 538 1939 innumeri,
569 1887 704 1941 quos
731 1871 941 1938 longum
968 1876 1108 1922 esset
1137 1879 1438 1920 recensere.

191 1969 282 2023 Ait
296 1983 429 2022 vero
440 1967 862 2036 Chrysostomus
881 1979 893 2014 :
920 1959 1200 2014 Ostendam
1221 1956 1306 2010 ubi
1322 1956 1489 2026 angeli
1510 1955 1604 2024 ﬁlii
1622 1952 1715 2006 Dei

128 2062 365 2134 appellati
391 2060 538 2114 sint?
567 2058 834 2127 Nusquam
859 2064 1005 2110 certe
1033 2052 1170 2124 apud
1202 2050 1343 2106 LXX
1374 2051 1712 2116 lnterpretes,

127 2168 254 2224 quos
275 2153 428 2208 solos
457 2151 664 2221 legebat
689 2147 1122 2220 Chrysostomus.
1154 2145 1346 2199 Verum
1373 2145 1426 2196 in
1457 2140 1718 2195 Hebr-nico

140 2255 282 2298 testu
321 2243 446 2298 libri
475 2241 577 2296 Job
601 2255 650 2295 c.
692 2241 745 2306 l,
773 2255 824 2292 ν.
854 2239 906 2304 6,
938 2236 1112 2307 angeli
1157 2234 1250 2289 ﬁlii
1283 2234 1375 2288 Dei
1420 2242 1678 2285 vocantur
1698 2269 1714 2295 ,

134 2313 435 2390 π’)κτ-Σι
484 2351 498 2386 :
539 2341 595 2388 et
636 2333 688 2386 in
740 2330 966 2399 Vulgata
1010 2342 1220 2398 quoque
1260 2325 1355 2394 ﬁlii
1402 2323 1518 2376 Dei.
1567 2319 1718 2376 Nihi-

133 2427 360 2480 lominus
412 2424 502 2478 hic
555 2422 719 2493 probe
743 2419 990 2476 ‘conl‘otat
1030 2419 1444 2488 Chrysostomus
1488 2428 1584 2469 eos
1625 2411 1718 2482 qui

133 2517 393 2581 dicerent,
429 2514 594 2570 hosce
618 2512 759 2566 ﬁlios
779 2511 871 2565 Dei
900 2509 1060 2565 luisse
1087 2507 1326 2579 angelos.

153 2658 1707 2684 *Μ’-*υ*

704 2759 1025 2814 DlATRlBA
1065 2757 1153 2811 Ν.

662 2915 715 2969 Μ
722 2915 990 2968 iscellanea
1020 2914 1198 2967 multa.

200 3073 399 3128 Narrat
429 3071 878 3143 Chrysostomus,
910 3086 1007 3125 suo
1033 3087 1146 3124 arvo
1177 3078 1344 3123 totum
1384 3067 1569 3122 orbem
1597 3110 1612 3132 ,
1645 3067 1722 3122 sic

135 3167 237 3228 ille,
263 3165 333 3219 ad
361 3164 638 3218 Bethleem
660 3163 1002 3228 conﬂuxisse,
1028 3177 1130 3216 non
1153 3161 1254 3214 alia
1277 3160 1342 3215 de
1367 3175 1546 3226 causa,
1565 3175 1721 3228 quam

135 3267 188 3309 at
238 3257 425 3309 locum
484 3253 729 3308 viderent
779 3253 868 3308 ubi
918 3262 1073 3307 natus
1121 3252 1494 3322 repositusque
1550 3250 1723 3304 luerat

131 3346 376 3400 Christus
399 3345 597 3416 (Tomo
625 3344 835 3414 primo).

196 3437 277 3491 De
302 3437 431 3490 Jobi
457 3437 582 3489 limo
604 3435 718 3490 bzec
743 3449 992 3504 perquam
1019 3433 1302 3504 singularia
1323 3432 1515 3500 profert
1542 3431 1722 3502 (Tomo

134 3527 375 3600 secundo)
407 3546 420 3581 :
457 3527 609 3581 Multi
643 3543 775 3579 nunc
824 3525 1024 3596 longam
1077 3534 1124 3580 et
1167 3527 1555 3578 transmarinam
1604 3541 1719 3592 per-

132 3622 502 3690 egrinatiouem
554 3635 586 3671 a
625 3628 771 3671 terra:
812 3617 996 3686 finibus
1031 3617 1084 3669 in
1130 3617 1367 3669 Arabiam
1409 3615 1720 3684 suscipiunt,

135 3723 183 3763 at
217 3713 410 3779 fimum
472 3710 617 3762 illum
664 3719 907 3774 cernant,
966 3717 1013 3761 et
1061 3708 1335 3776 conspicati
1382 3715 1563 3759 (errant
1599 3707 1722 3759 deo-

134 3805 388 3858 sculentur
414 3846 430 3868 ,
482 3819 596 3872 qua
635 3803 774 3856 illius
818 3803 1018 3856 victoris
1073 3803 1348 3855 certamina
1389 3812 1436 3855 et
1497 3818 1724 3854 cruorem

133 3898 263 3950 omni
303 3913 440 3950 auro
482 3897 824 3962 pretiosiorem
869 3895 1105 3963 suscepit.
1147 3891 1326 3963 Neque
1359 3895 1490 3948 enim
1529 3903 1722 3947 tantum

132 3989 354 4040 radiaret
385 4003 626 4057 purpura
646 4027 660 4050 ,
697 3993 938 4055 quantum
975 3985 1104 4038 illud
1132 4001 1314 4052 corpus
1350 3993 1466 4036 tunc
1495 3983 1720 4053 resplen-

135 4081 278 4133 ἀείδω
297 4121 316 4146 ,
342 4095 448 4131 non
471 4077 636 4130 alieno
658 4118 672 4140 ,
703 4077 792 4130 sed
822 4077 1026 4145 praprio
1047 4077 1252 4129 tinctum
1282 4076 1542 4146 sanguine.
1570 4073 1722 4129 Ulce-

135 4188 186 4223 ra
206 4187 328 4224 vero
347 4171 445 4223 illa
471 4170 678 4238 gemmis
701 4168 930 4222 omnibus
955 4177 1098 4220 erant
1118 4167 1332 4219 cariora.

199 4262 290 4315 Ait
317 4262 436 4329 ipse
459 4261 888 4329 Chrysostomus,
915 4257 1166 4326 reliquias
1185 4272 1322 4311 arcte
1343 4255 1469 4310 Non:
1486 4256 1723 4309 hactenus

141 4357 339 4407 servari
367 4353 421 4404 in
455 4351 726 4404 montibus
752 4349 1017 4404 Armenia:
1056 4348 1122 4402 ad
1150 4359 1384 4403 nostram
1410 4347 1725 4402 admonitio—

139 4465 248 4502 nem
281 4445 475 4516 (Tomo
505 4447 692 4512 sexto).

203 4537 322 4590 Non
351 4533 814 4605 prrtermitlenda
837 4542 959 4587 sunt
977 4547 1096 4602 qua:
1120 4531 1188 4587 de
1209 4542 1344 4586 terra
1371 4530 1722 4586 Sodomorum

140 4624 528 4691 dicitllbidem)
566 4641 580 4677 :
617 4622 803 4677 Verum
845 4624 952 4676 haec
999 4638 1129 4675 nunc
1180 4632 1251 4674 est
1286 4623 1507 4674 omnium
1555 4621 1723 4675 deser-

141 4729 296 4771 turum
340 4717 682 4771 desertissima
703 4725 870 4769 :stant
903 4716 1035 4770 enim
1068 4716 1269 4768 arbores
1303 4724 1349 4768 et
1387 4719 1603 4785 fructum
1633 4715 1725 4766 ha-

142 4812 243 4862 bent
265 4852 280 4873 ,
315 4819 370 4860 at
399 4813 600 4878 fructus
628 4806 714 4858 ille
742 4807 833 4859 ira:
857 4806 1040 4858 divina:
1067 4805 1422 4858 monimentum
1453 4815 1525 4858 est
1547 4820 1566 4858 :
1589 4813 1725 4858 stant

140 4903 494 4971 mlogranata
529 4898 829 4967 splendida,
859 4897 988 4968 facie
1009 4913 1149 4967 spem
1173 4895 1354 4950 bonam
1379 4895 1724 4967 ignorantibus

142 4992 413 5060 patentia
433 5030 452 5055 ,
495 4989 725 5042 manibus
761 4998 922 5040 autem
952 4997 1156 5058 accepta
1203 4997 1246 5040 et
1281 4991 1442 5057 fracta
1462 5027 1476 5050 ,
1505 4986 1724 5054 fructum

139 5083 332 5150 quidem
375 5079 607 5142 nullum,
645 5079 732 5132 sed
770 5078 1023 5148 pulverem
1062 5080 1371 5147 cineremque
1410 5078 1618 5129 multum
1645 5077 1723 5129 in-

140 5182 208 5225 uis
233 5173 464 5242 positum
491 5170 744 5224 exhibent.
772 5167 914 5223 Talis
939 5177 1011 5222 est
1041 5179 1175 5222 terra
1199 5209 1213 5230 ,
1244 5167 1366 5220 tales
1390 5167 1618 5237 lapides,
1649 5177 1724 5218 ta-

140 5264 192 5314 tis
220 5265 330 5334 ipse
351 5278 442 5314 aer
471 5274 490 5313 :
518 5262 690 5314 omnia
727 5260 930 5312 incensa
945 5268 1080 5322 sunt,
1101 5258 1269 5311 onmia
1292 5259 1344 5310 in
1365 5258 1578 5311 cinerem
1604 5256 1720 5309 red-

140 5364 276 5417 acta,
332 5361 672 5422 prceterquam
726 5351 819 5403 ira:
872 5350 1210 5413 monimenta,
1283 5349 1442 5419 futuri
1489 5347 1722 5419 supplicii

143 5446 341 5496 Μαίη.
1455 5457 1460 5460 ·

204 5537 342 5590 Dicit
367 5537 532 5590 etiam
555 5533 744 5588 doctor
765 5543 964 5597 noster,
987 5549 1017 5586 a
1046 5532 1304 5587 decennio
1323 5532 1565 5586 homines
1586 5547 1711 5601 pec-

145 5638 373 5680 catorum
406 5625 670 5679 rationem
718 5625 1018 5678 reddituros
1045 5639 1164 5678 csse
1188 5641 1200 5676 :
1226 5621 1293 5677 Ut
1315 5623 1484 5692 palam
1506 5623 1716 5692 faciunt,

147 5720 303 5788 pergit
329 5718 419 5774 ille
443 5759 460 5781 ,
495 5721 639 5788 pueri
662 5760 677 5783 ,
705 5718 790 5786 qui
829 5717 965 5786 quod
975 5763 979 5768 .
997 5715 1232 5770 Elistcum
1271 5716 1478 5770 irridere
1506 5716 1616 5770 ausi
1636 5732 1716 5769 es-

149 5824 267 5876 sent,
292 5811 356 5863 ab
381 5811 515 5864 ursis
543 5809 776 5864 devorati
805 5819 940 5863 sunt.

1881 483 1957 538 De
1984 483 2239 540 mendicis
2262 526 2276 548 ,
2309 500 2416 555 quo
2443 494 2596 555 pacto
2622 485 2824 541 scilicet
2847 494 2972 541 tunc
2994 489 3252 558 temporis
3283 491 3381 544 sti-

1807 590 1926 643 pem
1954 584 2223 645 cogerenl,
2254 576 2418 629 multa
2438 575 2709 645 dicitquaa
2737 595 2841 632 non
2863 589 2985 634 sunt
3011 576 3222 635 silentio
3250 596 3385 650 pra:-

1812 666 2067 720 tercunda
2105 663 2299 738 (Tomo
2325 667 2628 739 undecimo).
2652 668 2917 739 Principio
2936 672 3148 741 quidem
3181 673 3387 726 mendi-

1809 756 1892 822 ci,
1920 764 2031 810 uta
2063 758 2504 825 pneteretmtibus
2533 775 2692 813 unum
2730 762 2812 815 vel
2861 762 2994 817 duos
3039 763 3226 818 obolos
3252 766 3389 818 acci-

1810 854 1999 915 perent
2020 886 2034 910 ,
2068 861 2160 915 per
2189 847 2472 901 Dominum
2504 848 2850 917 adjurabant,
2882 861 2938 906 ut
2963 861 3160 908 metum
3189 854 3388 908 incute-

1813 949 1950 1002 rent,
1976 939 2236 1007 przccipue
2255 940 2510 994 matrOnis
2527 951 2574 994 et
2599 942 2809 1009 puellis,
2833 959 2949 1012 quae
2964 945 3248 1014 opulentia:
3273 961 3392 1015 spc-

1811 1027 1946 1082 ciem
1973 1044 2079 1097 prae
2101 1045 2158 1083 se
2184 1031 2419 1084 ferebant
2441 1049 2453 1084 :
2474 1030 2564 1086 scd
2586 1047 2706 1085 cum
2726 1033 2822 1087 hac
2841 1035 2923 1088 via
2952 1051 3134 1104 parum
3155 1037 3237 1092 vel
3260 1037 3390 1091 nihil

1813 1120 2250 1188 expismrculur,
2293 1122 2435 1176 aliud
2477 1123 2780 1189 tentabant,
2823 1126 2965 1195 quod
3014 1128 3092 1182 sic
3138 1130 3388 1196 exprimit

1814 1210 2232 1282 Chrysostomus
2263 1232 2274 1267 :
2309 1213 2444 1267 Nam
2467 1216 2702 1286 quoniam
2723 1216 2881 1270 verbis
2908 1228 3098 1271 utentes
3127 1220 3391 1273 vehemen-

1815 1304 1946 1356 tibus
1973 1315 2018 1357 et
2049 1305 2277 1369 acribus,
2321 1323 2422 1360 non
2461 1317 2671 1378 tangunt
2711 1311 2934 1361 animum
2958 1326 2977 1375 ;
3003 1311 3070 1363 ad
3109 1311 3238 1364 hanc
3265 1312 3392 1364 viam

1817 1406 2122 1463 properant,
2153 1413 2242 1466 per
2269 1414 2418 1467 quant
2443 1399 2660 1453 maxime
2689 1399 2968 1467 delectant,
2996 1413 3041 1454 et
3067 1419 3178 1455 eum
3199 1403 3286 1470 qui
3323 1413 3408 1457 est'

1815 1487 1869 1540 in
1896 1489 2183 1542 calamitate
2207 1499 2253 1543 et
2298 1490 2435 1558 fame
2464 1491 2717 1545 cruciatur
2741 1533 2754 1556 ,
2800 1493 2930 1562 cogit
2963 1495 3257 1564 improbitas
3303 1513 3393 1549 no-

1817 1590 1922 1632 stra
1949 1582 2228 1634 ent-omium
2259 1583 2426 1637 dicere
2454 1601 2472 1637 :
2498 1593 2543 1637 et
2573 1585 2767 1638 utinam
2804 1587 2897 1639 hoc
2922 1588 3124 1642 solum!
3148 1589 3237 1642 sed
3273 1588 3394 1642 alte-

1818 1688 1931 1724 rum
1949 1689 2144 1744 quoque
2171 1691 2325 1744 genus
2353 1677 2447 1728 hoc
2481 1677 2705 1729 acerbius
2729 1719 2745 1742 ,
2791 1695 2966 1748 nempe
3008 1681 3396 1750 pra’stigiatores

1818 1765 1952 1836 cogit
1981 1783 2086 1820 esse
2112 1784 2360 1836 pauperes
2379 1810 2394 1829 ,
2433 1785 2632 1824 scurras
2657 1779 2701 1821 et
2727 1771 2884 1824 risum
2906 1782 3174 1826 moventes.
3211 1774 3392 1841 Quan-

1819 1855 1884 1908 do
1905 1857 2039 1910 enim
2070 1857 2274 1924 calices,
2305 1857 2603 1912 hederaceas
2631 1869 2832 1929 pateras
2852 1869 2898 1914 et
2925 1863 3106 1931 pocula
3128 1863 3298 1932 digitis
3319 1866 3394 1918 in-

1819 1961 1986 1999 serens
2011 1955 2056 1999 et
2083 1947 2350 2016 imponens
2373 1989 2387 2012 ,
2413 1947 2540 2001 ludit
2561 1948 2801 2018 cymbalis
2823 1990 2838 2016 ,
2867 1959 2914 2004 et
2943 1952 3164 2018 ﬁstulam
3189 1953 3395 2017 habens,

1821 2038 1989 2108 turpia
2034 2038 2228 2090 cantica
2265 2047 2311 2091 et
2351 2054 2522 2092 amore
2550 2040 2699 2108 plena
2748 2056 2835 2108 per
2877 2057 2988 2094 eam
3031 2052 3181 2096 cantu
3211 2052 3256 2096 et
3286 2061 3397 2098 voce

1821 2129 2008 2182 clamat
2037 2144 2057 2182 :
2082 2139 2200 2183 tunc
2243 2130 2388 2184 multi
2435 2132 2792 2198 circumstant,
2845 2140 2890 2185 et
2937 2133 3025 2186 alii
3056 2135 3254 2203 quidem
3285 2137 3398 2205 fru-

1821 2231 1955 2274 stum
2006 2221 2188 2291 panis,
2241 2223 2329 2275 alii
2370 2237 2485 2275 vero
2532 2223 2772 2287 obolum,
2820 2223 2910 2276 alii
2955 2225 3213 2294 quidpiam
3259 2229 3399 2280 aliud

1822 2311 2042 2381 praebent
2065 2352 2080 2377 ,
2132 2322 2178 2366 et
2207 2312 2295 2365 diu
2323 2313 2562 2378 retinent,
2615 2322 2662 2367 et
2690 2313 3000 2368 delectantur
3026 2317 3119 2370 viri
3143 2327 3188 2371 et
3219 2320 3400 2372 mulie-

1821 2419 1902 2456 res
1929 2417 1949 2456 :
1977 2402 2098 2470 quid
2123 2411 2194 2456 est
2224 2404 2318 2457 hoc
2356 2405 2557 2474 gravius
2582 2405 2607 2457 Ζ)

1895 2494 1973 2550 Ex
2003 2495 2259 2549 mendicis
2283 2505 2462 2550 autem
2500 2495 2606 2550 illis
2634 2496 2847 2566 quidam
2876 2497 3100 2567 improbi
3132 2514 3194 2553 ac
3233 2501 3402 2555 scele-

1824 2585 1890 2640 sti
1930 2595 2101 2649 erant,
2127 2586 2194 2640 de
2225 2586 2417 2656 quibus
2449 2586 2948 2658 aitChrysostomus
2969 2587 3149 2658 (Tomo
3176 2591 3362 2662 primo)
3387 2609 3399 2644 :

1827 2677 2007 2729 Annon
2033 2676 2169 2730 vides
2191 2676 2533 2730 mendicorum
2557 2677 2800 2747 plurimos
2822 2677 2951 2732 inter
2973 2669 3235 2748 pressurus
3261 2681 3396 2750 ipsas

1827 2777 1872 2820 et
1899 2768 2162 2838 angustias
2186 2770 2460 2821 innumera
2480 2777 2822 2838 perpetrantes
2847 2770 3033 2824 scelera
3049 2812 3065 2834 ,
3087 2788 3298 2842 quorum
3323 2784 3402 2826 ta-

1825 2875 1937 2911 men
1961 2858 2184 2912 omnium
2213 2874 2368 2912 causa
2410 2875 2512 2912 non
2563 2860 2762 2929 afflictio
2811 2863 3122 2931 paupertatis
3159 2858 3266 2930 est,
3317 2865 3404 2918 sed

1825 2949 1936 3003 sola
1969 2950 2236 3018 nequitia?
2266 2949 2452 3003 Audivi
2493 2967 2582 3021 ego
2621 2951 2863 3022 quosdam
2887 2994 2902 3019 ,
2947 2954 3032 3023 qui
3060 2953 3275 3008 dicerent
3305 2957 3403 3008 hu-

1816 3041 2046 3111 jusmodi
2074 3041 2298 3095 homines
2316 3042 2572 3096 mulierem
2589 3043 2860 3112 quamdam
2887 3044 3144 3099 honestam
3169 3057 3215 3099 et
3237 3052 3403 3118 forma

1827 3133 2021 3186 liberali
2064 3134 2118 3187 in
2150 3133 2423 3187 solitudine
2466 3144 2660 3200 nactos,
2689 3135 2734 3188 ei
2761 3135 2999 3190 violenter
3037 3153 3097 3189 ac
3123 3138 3405 3206 petulanter

1827 3223 2063 3277 illusisse.
2096 3224 2244 3294 Atqui
2273 3241 2374 3294 qua
2402 3226 2691 3279 necessitate
2713 3268 2727 3292 ,
2756 3243 2855 3296 qua
2879 3227 3170 3283 calamitate
3207 3231 3277 3283 ad
3313 3233 3406 3285 hoc

1827 3317 2018 3372 inducti
2044 3328 2159 3371 sunt
2181 3318 2207 3371 ἱ)

1900 3413 2044 3466 Alios
2073 3413 2233 3467 etiam
2261 3423 2517 3467 memorat
2543 3417 2913 3484 marsupiorum
2951 3427 3187 3482 sectores,
3217 3419 3304 3487 qui
3353 3419 3404 3473 in

1834 3504 2113 3559 ecclesiam
2143 3504 2570 3568 conveniebant,
2602 3515 2657 3558 ut
2682 3521 2799 3559 cum
2831 3505 3079 3561 divitibus
3107 3509 3158 3562 in
3195 3511 3406 3562 concio-

1828 3613 1896 3652 ne
1923 3597 2237 3664 intermixti,
2269 3612 2572 3652 crumenam
2600 3607 2653 3652 et
2681 3615 2865 3653 aurum
2896 3600 3024 3670 ipsis
3063 3601 3406 3671 subriperent

1832 3689 2124 3762 (Ibidem).
2729 3696 2732 3705 ι
2792 3680 2794 3682 '

1899 3781 2087 3835 Narrat
2131 3780 2346 3836 Judzeos
2387 3785 2640 3852 templum
2699 3797 2852 3838 suum
2910 3794 3212 3840 restaurare
3265 3803 3408 3855 saepe

1827 3873 2022 3927 frustra
2079 3871 2619 3946 tentavisse(lbidem
2646 3864 2687 3945 );
2721 3874 2827 3928 imo
2872 3875 3136 3930 lulianum
3185 3877 3407 3945 Aposta-

1830 3975 1935 4020 tam
1990 3965 2114 4019 illud
2163 3965 2340 4035 aperis
2386 3967 2704 4036 suscepisse.
2749 3961 2888 4018 Nam
2925 3976 3070 4020 wtate
3102 3977 3303 4031 nostra,
3330 3969 3405 4020 in-

1829 4059 1974 4128 quit,
2011 4059 2284 4127 imperator
2327 4059 2410 4130 qui
2460 4075 2631 4112 omnes
2693 4059 2951 4130 impietate
3011 4060 3315 4128 superabat,
3361 4072 3405 4114 et

1833 4149 2131 4217 facultatem
2159 4157 2277 4202 tunc
2303 4147 2500 4202 Judteis
2527 4149 2661 4202 dedit
2685 4190 2700 4215 ,
2734 4160 2780 4203 et
2809 4161 3100 4220 coeperatus
3127 4161 3216 4205 est.
3265 4152 3405 4223 Opus

1828 4239 1909 4292 illi
1937 4240 2166 4308 incepere
2189 4280 2204 4302 ,
2231 4255 2290 4291 ac
2313 4256 2374 4292 ne
2393 4240 2466 4293 uel
2492 4240 2750 4292 minimum
2777 4243 3009 4311 progredi
3028 4242 3160 4294 ultra
3182 4253 3402 4312 potuere,

1828 4329 1917 4384 sed
1944 4330 2072 4399 ignis
2101 4346 2131 4380 α
2159 4330 2498 4398 fundamentis
2523 4331 2752 4384 cxsiliens
2781 4348 2951 4384 onmes
2994 4334 3208 4403 fugavit.
3257 4335 3404 4398 Quod

1827 4431 1993 4474 autem
2021 4422 2266 4475 voluerint
2285 4463 2300 4489 ,
2331 4421 2425 4475 hoc
2452 4423 2695 4475 indicium
2721 4434 2794 4476 est
2821 4463 2836 4487 ,
2869 4425 3002 4492 quod
3027 4424 3267 4478 hactenus
3285 4428 3372 4494 {an
3389 4457 3403 4466 ο

1828 4514 2065 4568 (lamenta
2085 4514 2276 4566 nudata
2298 4523 2578 4585 appareant
2606 4529 2625 4567 .'
2650 4524 2703 4568 ut
2729 4515 2898 4568 videas
2936 4516 3072 4585 ipsos
3098 4517 3298 4589 quidem
3328 4521 3408 4588 fo-

1828 4605 1945 4660 dere
1983 4606 2225 4676 cwpisse,
2271 4605 2359 4659 sed
2405 4605 2661 4674 wdiﬁcare
2701 4622 2800 4659 non
2848 4607 3103 4676 potuisse,
3144 4607 3408 4664 obsistente

1828 4701 2016 4756 Christi
2045 4701 2406 4754 sententia.....
2436 4700 2588 4770 Atqui
2607 4701 2651 4753 si
2675 4715 2774 4753 non
2797 4701 2965 4753 dicina
2984 4702 3138 4756 virtus
3157 4701 3404 4755 collucta-

1827 4801 1985 4856 retur,
2018 4792 2141 4860 quid
2169 4791 2428 4844 obstaret?
2451 4807 2621 4844 annon
2648 4807 2832 4861 magna
2861 4791 2931 4843 vis
2962 4793 3289 4861 pecuniarum
3317 4811 3404 4862 pe—

1830 4901 1916 4938 nes
1938 4884 2056 4938 illos
2085 4883 2198 4936 est?
2224 4899 2393 4936 annon
2429 4882 2492 4934 ab
2521 4881 2751 4934 omnibus
2781 4881 3006 4951 undique
3036 4881 3226 4934 tributa
3255 4883 3401 4936 colli-

1825 4994 1946 5048 gens
1964 4975 2272 5047 patriarcha,
2293 4975 2559 5028 immensos
2575 4975 2792 5044 possidet
2810 4974 3112 5043 thesauros?

1899 5073 1974 5126 De
2023 5072 2328 5127 Judaeorum
2371 5072 2608 5126 moribus
2657 5082 2712 5125 et
2759 5069 2945 5124 ritibus
2993 5068 3166 5123 inulta.
3206 5068 3406 5138 profert

1825 5164 2242 5236 Chrysostomus
2287 5164 2338 5219 in
2366 5162 2708 5219 concionibus
2747 5161 3005 5215 adversus
3037 5160 3405 5229 ,Ιυδτυοδῌὺί-

1831 5253 1984 5326 dem)
2013 5255 2305 5325 :siugulare
2330 5271 2457 5309 vero
2503 5252 2630 5307 illud
2659 5260 2776 5318 est,
2800 5249 2942 5317 Quod
2966 5266 3074 5304 non
3089 5251 3254 5305 setncl
3287 5266 3404 5315 uaro

1831 5357 1947 5412 rat,
1975 5347 2192 5402 Judmos
2240 5361 2431 5417 nempe
2453 5386 2469 5412 ,
2517 5343 2729 5416 quando
2764 5343 3102 5414 jejunabaut‘,
3133 5343 3286 5397 nudis
3319 5361 3398 5413 pe-

1823 5439 1978 5494 dibus
2006 5439 2056 5492 in
2088 5438 2202 5493 foro
2226 5439 2422 5494 saltare
2449 5435 2809 5492 consuevisse.

1884 5529 1998 5584 Non
2020 5529 2184 5584 semel
2211 5529 2450 5597 queritur
2470 5526 2611 5598 quod
2629 5525 2914 5580 Christiani
2936 5524 3150 5596 quidam
3165 5525 3403 5595 judaizu-

1821 5629 1972 5686 rent,
2023 5620 2326 5676 Judzeorum
2352 5619 2707 5674 conventibus
2753 5633 2816 5672 ac
2850 5616 3000 5671 festis
3028 5615 3214 5679 diebus
3242 5617 3404 5668 intar-

1821 5721 2034 5778 esscnt,
2067 5727 2165 5766 nec
2202 5726 2399 5781 paucos
2444 5726 2564 5766 esse
2604 5711 2692 5780 qui
2743 5711 2844 5764 hoc
2872 5708 3057 5763 morbo
3099 5706 3400 5760 laborarent

1826 5802 2086 5876 (Ibidem).
2111 5803 2330 5871 Quinam
2367 5813 2438 5857 est
2475 5802 2673 5857 morbus
2721 5802 2837 5866 iste,
2867 5798 3068 5868 inquit,
3096 5796 3262 5851 Feria:
3300 5796 3402 5851 Ju-
