3818 6392
502 356 570 411 77
1813 350 2078 410 SYNOPS

2195 351 2419 408 εοκωι
3684 352 3745 410 78

500 468 724 524 deorum
743 467 1037 523 miserorum
1049 466 1239 520 instant
1258 505 1273 527 ,
1302 477 1470 533 eisque
1481 470 1728 518 continuat
1738 477 1801 515 ac
1823 464 2060 532 frequen-

503 569 576 613 tes
595 599 610 620 ,
651 558 820 623 tubc,
864 558 1200 626 scenopegiat,
1242 555 1442 626 jejunio
1463 568 1485 608 :
1518 565 1569 608 et
1601 552 1744 606 multi
1780 552 1940 606 nostri
1983 566 2075 604 or-

502 650 635 703 dinis
652 692 668 713 ,
689 651 848 719 quise
870 649 1129 703 nobiscum
1155 648 1339 702 sentire
1366 646 1559 713 dicunt,
1586 647 1771 716 partim
1790 654 2072 715 spectatum

501 741 618 793 illas
645 743 800 809 ferias
830 739 1109 809 prodeunt,
1139 740 1323 809 partim
1344 739 1491 792 etiam
1518 755 1621 791 una
1653 737 1936 802 celebrant,
1971 752 2076 790 una

499 831 750 904 ieiunam,
766 846 917 898 quam
939 845 1146 900 pravam
1174 830 1581 887 consuetudinem
1601 844 1732 884 nunc
1755 829 1818 883 ab
1843 826 2076 883 Ecclesia

503 920 612 973 volo
631 935 825 974 arcere.

570 1009 793 1079 Quidam
823 1011 981 1064 etiam
1012 1026 1076 1065 eo
1112 1012 1394 1066 dementire
1422 1020 1914 1080 processerant,>nt
1952 1026 2076 1067 eum

502 1099 799 1169 quempiam
823 1099 1191 1168 adjurandum
1220 1101 1540 1169 compellere
1564 1100 1793 1164 vellent,
1833 1100 1979 1154 illum
2009 1101 2076 1155 ad

500 1189 672 1243 aedem
700 1187 1006 1243 Judaeorum
1032 1189 1281 1244 inducere
1307 1199 1645 1256 conarentur,
1660 1190 1809 1259 ‘quod
1833 1198 2077 1260 putarent

501 1282 859 1350 jnramentum
922 1278 995 1334 ibi
1036 1279 1216 1334 datum
1261 1280 1426 1350 magis
1476 1279 1863 1334 formidandum
1908 1295 2074 1336 esse:

429 1406 440 1417 -
503 1386 662 1442 quam
690 1386 804 1426 rem
831 1385 990 1441 supra
1027 1372 1262 1441 pluribus
1283 1374 1647 1428 enarravimus
1669 1373 1722 1427 in
1749 1372 1860 1427 Vita
1889 1372 1944 1428 S.
1975 1374 2076 1427 do-

505 1466 689 1518 ctoris.
720 1465 884 1518 Erant
912 1464 1072 1518 etiam
1102 1465 1191 1534 qui
1219 1464 1436 1518 sabbata
1462 1480 1580 1519 cum
1606 1464 1805 1520 Iudaeis
1830 1466 2080 1521 observa-

507 1567 652 1620 t'cttt,
684 1556 790 1611 imo
817 1564 870 1610 et
906 1554 958 1610 S.
1008 1555 1209 1613 Pascha
1242 1557 1572 1612 celebrarent
1600 1573 1720 1612 cum
1763 1558 1948 1614 iisdem
1977 1559 2077 1615 Ju-

507 1648 639 1701 ilmis
670 1646 855 1717 (Tomo
884 1647 1120 1717 decimo).
1149 1648 1261 1715 Qua
1290 1648 1359 1703 de
1395 1664 1456 1704 re
1483 1661 1655 1703 actum
1691 1664 1849 1720 supra
1875 1651 1929 1706 in
1959 1651 2079 1707 Vita

512 1738 878 1809 Chrysostomi
902 1739 967 1793 ad
996 1754 1193 1794 anitum
1219 1740 1345 1809 387.

578 1828 690 1882 Non
715 1830 864 1898 pauci
891 1845 1100 1900 quoque
1123 1840 1276 1885 erant
1302 1831 1390 1900 qui
1414 1833 1686 1902 gentilium
1709 1834 1876 1890 multa
1894 1835 2081 1893 obser-

508 1929 689 1974 varent
719 1918 976 1992 (Ibidem)
1002 1938 1018 1976 :
1043 1922 1298 1992 sortilegia
1322 1939 1499 1994 nempe
1518 1964 1533 1987 ,
1561 1925 1776 1996 auguria
1793 1967 1810 1994 ,
1832 1928 2001 1982 omina
2020 1943 2082 1982 ac

506 2011 699 2063 dierum
742 2010 1104 2065 observationes
1124 2053 1139 2077 ,
1185 2016 1579 2083 superstitiosam
1622 2032 1776 2087 super
1793 2019 1963 2090 genesi
1988 2036 2081 2074 cu-

507 2119 616 2155 ram
639 2144 655 2168 ,
685 2112 730 2156 et
756 2102 918 2156 omnis
955 2103 1225 2173 impietatis
1277 2104 1450 2174 plenas
1488 2106 1659 2161 literas
1679 2149 1692 2171 ,
1720 2124 1844 2175 quas
1891 2126 2075 2179 puero-

508 2211 654 2259 rum,
695 2195 923 2266 protinus
963 2205 1019 2248 ut
1058 2197 1164 2249 nati
1204 2207 1361 2263 sunt,
1397 2197 1642 2267 capitibus
1679 2200 1978 2268 imponunt;
2017 2201 2080 2257 ab

506 2287 617 2356 ipso
650 2288 817 2340 statim
850 2287 1054 2342 exordio
1091 2288 1324 2342 docentes
1358 2288 1473 2344 illos
1511 2290 1707 2345 virtutis
1744 2293 2084 2364 adipiscenda:

506 2378 728 2432 studium
750 2378 997 2451 abjicere,
1029 2389 1076 2434 et
1098 2380 1167 2433 ad
1205 2380 1441 2450 fallacem
1477 2382 1575 2453 fati
1611 2386 1928 2455 tyrannidem
1964 2387 2081 2442 illos

507 2468 826 2524 adducentes.

576 2559 654 2612 Ex
682 2558 747 2613 iis
776 2574 902 2613 vero
921 2600 936 2623 ,
965 2575 1083 2628 quae
1108 2559 1521 2634 Cbrysostomus
1544 2573 1724 2619 narrat
1755 2564 1809 2619 in
1835 2566 1939 2621 line
1970 2565 2082 2622 Ho-

508 2648 666 2702 milia:
694 2659 896 2719 quarta:
919 2652 969 2704 in
1000 2651 1170 2720 Epist.
1203 2653 1270 2708 ad
1301 2654 1584 2723 Ephesios,
1632 2656 1802 2725 palam
1830 2666 1912 2712 est
1935 2657 2076 2712 inter

490 2740 827 2796 Christianos
849 2743 1212 2799 Antiochenos
1225 2744 1481 2815 plurimos
1497 2745 1661 2803 fuisse
1676 2748 1764 2818 qui
1783 2749 2082 2818 genethlia-

511 2831 666 2902 logia:
690 2847 908 2903 cperam
933 2834 1142 2890 darent.

575 2923 741 2979 Erant
763 2927 924 2980 etiam
952 2943 1057 2981 nun
1084 2928 1233 2997 pauci
1280 2926 1568 2985 Christiani
1595 2930 1908 2987 Antiocheni
1932 2973 1949 3000 ,
1991 2935 2081 3002 qui

508 3030 610 3069 una
656 3031 775 3071 cum
805 3018 1088 3086 gentilibus
1133 3020 1199 3074 ad
1241 3021 1495 3091 Daphnen
1543 3033 1906 3091 prOperarent.
1951 3025 2079 3079 Erat

506 3117 679 3162 autem
711 3109 928 3175 Daphne
968 3110 1279 3166 suburbium
1306 3113 1698 3168 Antiochenum
1724 3156 1739 3179 ,
1773 3115 1851 3170 sic
1875 3131 2077 3170 nuncu-

507 3207 685 3267 patum
720 3214 754 3254 a
783 3200 1001 3269 Daphne
1044 3204 1216 3271 puella
1242 3244 1258 3270 ,
1307 3219 1465 3273 quam
1515 3205 1806 3277 mythologi
1848 3207 2080 3262 Ladonis

506 3291 651 3345 lluvii
682 3291 843 3346 ﬁlhtm
869 3294 1069 3347 dicunt.
1089 3294 1213 3350 Haec
1236 3310 1355 3351 cum
1374 3297 1675 3366 Apollinem
1700 3299 1929 3354 libidinis
1954 3316 2081 3356 rau-

505 3401 564 3441 Sa
590 3400 649 3441 se
682 3386 1045 3456 insequentem
1086 3388 1219 3442 ultra
1246 3388 1480 3460 effugere
1508 3407 1612 3444 non
1646 3402 1854 3461 posset,
1884 3392 2077 3463 implo-

507 3487 621 3529 rato
645 3477 849 3546 paterni
874 3479 1101 3533 numinis
1126 3481 1357 3546 auxilio,
1381 3482 1432 3536 in
1462 3483 1667 3538 laurum
1689 3499 1940 3540 conversa
1971 3494 2076 3545 est.

508 3565 633 3619 Erat
659 3580 820 3636 porro
850 3568 1070 3637 Daphne
1090 3571 1397 3626 suburbium
1418 3614 1433 3637 ,
1456 3573 1604 3627 locus
1624 3590 1864 3631 amamus
1883 3617 1898 3643 ,
1922 3577 2082 3632 l‘otiti-

508 3655 639 3719 bus.
683 3658 966 3713 arboribus
1009 3669 1064 3714 et
1107 3663 1374 3730 cupressis
1419 3673 1655 3718 ornatus.
1703 3665 1778 3721 lbi
1825 3670 2079 3738 templum

506 3746 801 3816 Apollinis,
833 3750 986 3819 cujus
1009 3761 1182 3806 statua
1212 3754 1426 3823 elegans
1449 3771 1569 3810 cum
1596 3774 1784 3812 novem
1814 3760 2078 3817 Musarum

506 3839 672 3891 choro
695 3840 1138 3907 conSpiciebatur.
1171 3842 1267 3897 lllo
1308 3848 1695 3916 properabant,
1728 3852 1933 3907 colendi
1961 3854 2079 3909 talis

507 3928 739 3983 utiminis
761 3944 939 3994 causa,
968 3934 1280 3990 Antiocheni
1300 3937 1558 4006 gentiles,
1590 3940 1780 4009 quibus
1806 3943 1965 3999 etiam
1994 3947 2077 3999 in-

508 4019 739 4073 termixti
768 4030 923 4075 erant
947 4039 1049 4076 non
1074 4027 1222 4093 pauci
1243 4026 1549 4095 Christiani,
1578 4047 1711 4101 quos
1734 4034 2078 4091 vehementer

507 4111 715 4167 mordet
740 4121 793 4167 et
821 4113 1058 4186 increpat
1085 4116 1514 4189 Chrysostomus,
1538 4121 1955 4181 Christianorum
1978 4144 2075 4182 no-

511 4204 658 4256 mine
687 4203 931 4274 indignos
958 4222 1186 4262 censeas
1210 4224 1302 4263 eos
1322 4250 1336 4273 ,
1366 4211 1454 4279 qui
1483 4226 1514 4265 a
1540 4212 1633 4268 tali
1662 4216 1931 4271 consortio
1968 4232 2075 4272 non

506 4292 876 4349 abhorrerent.
905 4296 1016 4350 Hoc
1045 4313 1171 4353 vero
1199 4301 1452 4370 templum
1481 4318 1600 4357 cum
1626 4306 1882 4374 Apollinis
1905 4316 2079 4363 statua

505 4384 723 4442 fulmine
738 4395 932 4442 tactum
954 4388 1068 4454 fuit,
1085 4406 1186 4461 qua
1206 4392 1270 4446 de
1289 4409 1346 4447 re
1366 4394 1662 4451 Monodiam
1676 4399 1788 4453 sive
1807 4399 2075 4470 planctum

506 4475 669 4530 edidit
688 4476 939 4534 Libanius
966 4480 1262 4549 idololatra,
1283 4485 1439 4555 cujus
1462 4499 1665 4557 partem
1683 4491 1938 4548 irridendi
1961 4508 2080 4551 cau-

506 4584 562 4619 sa
591 4566 752 4621 refert
777 4569 1208 4642 Chrysostomus.

578 4658 858 4714 Antiochia
888 4677 1014 4715 vero
1039 4663 1269 4719 Orientis
1298 4676 1455 4737 caput
1479 4677 1533 4724 et
1574 4673 1884 4742 metropolis
1924 4685 2040 4730 erat
2061 4716 2077 4740 ,

508 4752 913 4822 continebatque
937 4753 1117 4825 (Tomo
1147 4758 1384 4828 secundo)
1408 4759 1632 4816 ducenta
1659 4761 1933 4821 hominum
1969 4767 2082 4821 mil-

510 4841 600 4908 lia,
627 4857 695 4897 ex
727 4859 954 4912 quorum
974 4862 1196 4901 numero
1232 4846 1414 4919 (Tomo
1435 4853 1668 4924 septimo)
1699 4862 1912 4910 centum
1939 4857 2081 4913 mille

506 4934 719 4988 circiter
736 4934 1018 4990 Christiani
1045 4949 1200 4994 erant
1231 4958 1244 4994 :
1276 4941 1549 5012 majorque
1573 4957 1863 5003 conventus
1886 4946 2080 5016 (Tomo

509 5024 713 5097 primo)
753 5026 1169 5084 Christianorum
1208 5032 1501 5088 Antiochia:
1551 5048 1704 5102 erat,
1734 5054 1892 5108 quam
1939 5040 2081 5096 Con-

508 5118 845 5186 stantinopoli
875 5112 1056 5187 (Tomo
1083 5122 1338 5195 septimo).

584 5206 819 5262 Ecclesia
873 5226 1000 5265 vero
1046 5214 1371 5271 Antiochena
1425 5218 1724 5287 possidebat
1757 5236 1945 5294 agros,
1984 5225 2082 5280 do-

512 5312 644 5363 mos,
677 5296 965 5356 locationes
1012 5302 1202 5358 aedium
1228 5347 1244 5370 ,
1301 5306 1570 5376 vehicula,
1592 5310 1875 5380 muliones,
1908 5314 2081 5369 mulos

510 5401 564 5443 et
596 5392 759 5446 multa
799 5394 900 5450 alia
939 5394 1237 5465 bujusmndi
1269 5401 1287 5471 (
1312 5399 1563 5474 Ibidem).
1590 5403 1792 5470 Quibus
1825 5405 2078 5462 instructa

512 5484 848 5540 facultatibus
884 5486 1118 5543 Ecclesia
1166 5492 1262 5546 ista
1309 5508 1485 5549 arcam
1516 5494 1742 5552 habebat
1783 5497 1989 5554 alendis
2026 5500 2079 5555 in

511 5576 702 5648 Opibus
724 5576 1065 5648 deputatam;
1107 5580 1172 5637 Et
1210 5585 1391 5655 cogites
1420 5588 1597 5653 velim,
1641 5589 1812 5660 inquit
1851 5590 2081 5663 Chryso-

513 5676 720 5724 Stomus
741 5710 755 5735 ,
783 5682 902 5742 quot
927 5674 1103 5729 viduas
1120 5716 1135 5740 ,
1179 5687 1296 5746 quot
1325 5678 1537 5750 virgines
1560 5681 1665 5734 alat
1706 5683 1925 5752 quotidie
1949 5699 1968 5737 :
1995 5701 2080 5738 ea-

516 5772 626 5813 rum
652 5771 779 5817 certe
800 5765 1056 5841 catalogus
1082 5766 1151 5820 ad
1179 5776 1252 5822 ter
1267 5768 1402 5823 mille
1427 5771 1680 5844 pertingit.
1705 5774 1783 5827 Ατι
1804 5774 1909 5830 Itazc
1932 5777 2079 5832 etiam

2180 463 2236 517 in
2258 477 2459 517 carcere
2482 462 2701 530 vinctos,
2731 464 2783 518 in
2809 464 3123 520 mdoeltio
3146 481 3310 538 agros
3324 509 3339 532 ,
3371 468 3499 523 alios
3525 468 3644 525 bene
3665 487 3747 526 ra.

2180 558 2365 623 lentes,
2397 559 2684 627 peregrinos
2703 599 2722 624 ,
2760 558 2997 614 membris
3035 560 3271 627 mutilos,
3311 561 3464 616 altari
3485 563 3750 619 assidentes

2180 646 2408 701 alimenti
2431 649 2677 719 vestisque
2698 664 2856 704 causa
2877 689 2894 717 ,
2921 649 3152 721 aliosque
3171 667 3292 705 casu
3314 650 3598 706 accedentes
3624 658 3749 725 fovet

2180 740 2407 808 quotidie
2431 755 2451 794 :
2471 756 2628 806 neque
2666 749 2838 795 tamen
2878 742 2992 814 ejus
3018 742 3287 813 facultates
3314 744 3592 799 imminuta:
3614 757 3747 800 sunt.

2181 829 2366 898 Itaque
2383 870 2398 894 ,
2428 832 2474 884 si
2496 831 2664 886 decem
2701 833 2795 886 viri
2832 842 3027 887 tantum
3063 834 3210 906 paria
3249 834 3628 899 subministrare
3654 838 3750 891 vel-

2182 920 2283 975 lent
2301 961 2318 987 ,
2348 921 2518 976 nullus
2542 925 2671 993 foret
2696 939 2910 993 pauper.

2253 1014 2452 1070 Morem
2475 1013 2895 1072 Christianorum
2928 1028 3159 1073 veterem
3187 1030 3565 1076 commemorat
3593 1021 3748 1090 alibi,

2181 1105 2273 1175 qui
2316 1121 2432 1160 :evo
2482 1120 2580 1161 suo
2618 1106 2728 1176 jam
2775 1109 3110 1164 nhsoleverat
3141 1110 3331 1176 (Tomo
3374 1114 3602 1183 tertio):
3638 1113 3751 1170 Mos

2181 1198 2387 1268 quidam
2432 1199 2674 1254 mirabilis
2693 1241 2708 1265 ,
2759 1199 2955 1272 inquit,
3004 1213 3122 1256 tunc
3162 1203 3400 1260 inductus
3440 1216 3513 1260 est
3545 1222 3564 1261 :
3592 1211 3746 1263 coacti

2182 1308 2396 1363 namque
2420 1292 2572 1347 simul
2610 1293 2784 1362 ﬁdeles
2829 1311 3000 1350 omnes
3030 1306 3148 1366 post
3181 1298 3411 1352 auditam
3440 1299 3753 1372 doctrinam,

2184 1391 2295 1453 post
2323 1383 2576 1439 orationes
2597 1425 2613 1451 ,
2640 1394 2755 1455 post
2791 1388 3145 1456 mysteriorum
3187 1390 3648 1461 participationem,
3674 1409 3752 1446 so-

2184 1472 2293 1527 luta
2312 1474 2527 1544 synazci,
2575 1491 2676 1530 non
2722 1476 2889 1531 statim
2920 1478 3128 1533 domum
3155 1481 3530 1549 concedebant;
3569 1484 3657 1538 sed
3679 1485 3753 1539 di-

2182 1565 2304 1620 vites
2318 1573 2364 1620 et
2378 1566 2713 1636 opulentiores
2726 1568 2963 1623 alimenta
2973 1579 3021 1625 et
3030 1571 3223 1640 fercula
3234 1589 3261 1626 e
3272 1573 3502 1628 domibus
3516 1576 3621 1630 suis
3633 1576 3753 1643 aie-

2182 1665 2347 1711 rentes
2365 1695 2382 1719 ,
2424 1673 2670 1728 pauperes
2698 1660 3008 1714 advocabant
3028 1702 3043 1728 ,
3073 1665 3426 1734 communique
3450 1666 3601 1721 simul
3620 1685 3753 1722 men-

2184 1764 2244 1803 sa
2285 1750 2582 1819 fruebantur
2601 1791 2617 1816 ,
2656 1754 3103 1827 communibusque
3138 1758 3302 1826 epulis
3342 1768 3492 1826 atque
3525 1762 3753 1816 conviviis

2183 1838 2237 1892 in
2266 1840 2379 1909 ipsa
2408 1841 2652 1907 ecclesia;
2678 1843 2754 1897 ita
2779 1853 2835 1898 ut
2862 1853 2909 1899 et
2936 1862 2969 1898 a
3003 1848 3257 1902 consortio
3281 1865 3466 1904 mense
3483 1888 3497 1916 ,
3523 1861 3575 1904 et
3598 1868 3632 1903 a
3663 1852 3753 1907 loci

2183 1932 2463 1986 reverentia
2483 1973 2499 1996 ,
2530 1934 2716 1988 caritas
2735 1936 3175 2009 constringeretur,
3199 1954 3312 1992 cum
3333 1941 3492 1996 multa
3510 1942 3753 2004 voluptate

2183 2027 2335 2082 simul
2361 2037 2508 2099 atque
2530 2029 2765 2083 utilitate.

2257 2118 2332 2174 De
2365 2119 2431 2173 iis
2470 2120 2563 2189 qui
2593 2121 2674 2175 vel
2716 2120 2768 2175 in
2810 2136 3082 2179 carcerem
3120 2124 3395 2193 tradendi,
3425 2126 3509 2182 vel
3544 2126 3614 2182 ad
3661 2145 3753 2184 ne-

2185 2224 2302 2266 cem
2332 2212 2560 2281 quaesiti,
2596 2215 2648 2267 in
2687 2213 2970 2268 ecclesiam
2996 2215 3360 2287 confugerent,
3388 2218 3631 2288 quaedam
3664 2236 3753 2275 nos

2186 2302 2423 2360 dicturos
2471 2319 2592 2361 esse
2648 2306 2867 2376 polliciti
2914 2320 3134 2374 sumus,
3184 2323 3305 2364 cum
3379 2310 3447 2367 de
3496 2313 3755 2382 Eutropio

2188 2396 2433 2452 eunucho
2453 2397 2519 2452 ad
2542 2413 2727 2455 necem
2747 2400 2970 2467 quaesito
2983 2412 3228 2471 ageretur
3243 2401 3506 2476 (Ibidem).
3529 2405 3620 2462 Sic
3635 2422 3754 2462 vero

2186 2488 2399 2558 legitur,
2422 2498 2468 2544 et
2489 2490 2558 2544 ad
2575 2508 2720 2546 sacra
2739 2507 2859 2546 vasa
2869 2495 3113 2565 confugit.
3138 2494 3242 2551 Sed
3263 2495 3385 2564 quia
3410 2495 3527 2553 haec
3548 2498 3617 2553 ad
3637 2500 3753 2554 lite-

2186 2594 2299 2633 ram
2339 2581 2644 2650 accipienda
2684 2600 2789 2637 non
2820 2584 3083 2662 videntur,
3114 2595 3170 2642 et
3197 2587 3320 2658 quia
3351 2589 3756 2662 Chrysostomus

2189 2673 2346 2741 paulo
2375 2682 2577 2741 postea,
2607 2674 2774 2744 ipsum
2795 2676 2848 2729 in
2873 2679 3095 2731 sacrario
3118 2682 3424 2748 occepimus,
3445 2698 3541 2737 seu
3571 2684 3620 2737 in
3642 2686 3754 2740 loco

2187 2764 2315 2816 solis
2337 2764 2699 2820 sacerdotibus
2719 2767 2984 2823 destinato
3001 2810 3014 2833 ,
3040 2769 3145 2825 alio
3166 2773 3325 2827 modo
3344 2789 3433 2829 res
3452 2776 3754 2844 explicanda

2189 2852 2414 2908 videtur.
2444 2854 2619 2921 Quaeri
2645 2869 2820 2911 autem
2844 2868 3022 2928 posset
3044 2870 3217 2916 ntrum
3255 2871 3491 2918 veterum
3519 2882 3670 2922 more
3693 2869 3755 2925 ad

2186 2958 2333 2999 aram
2360 2949 2689 3014 accesserit,
2734 2957 2790 3003 et
2831 2965 2976 3004 aram
3005 2953 3237 3021 tetigerit
3259 2995 3276 3017 ,
3310 2956 3449 3024 quod
3489 2973 3596 3013 non
3624 2960 3755 3028 apud

2188 3034 2438 3105 profanos
2477 3038 2635 3094 modo
2658 3080 2673 3103 ,
2708 3040 2809 3096 sed
2846 3044 2986 3111 apud
3011 3041 3342 3101 Christianos
3370 3048 3530 3103 etiam
3563 3050 3621 3104 in
3665 3067 3756 3106 usu

2188 3123 2306 3189 fuit,
2336 3140 2456 3180 cum
2479 3128 2598 3197 quis
2613 3129 2694 3183 vel
2720 3141 2891 3186 morte
2921 3133 3277 3197 mulctandus,
3309 3138 3390 3192 vel
3414 3138 3467 3192 in
3490 3154 3756 3197 carcerem

2190 3216 2555 3285 conjiciendus
2589 3221 3007 3289 perquireretur.
3040 3224 3233 3280 Verum
3263 3225 3379 3283 haec
3406 3233 3631 3298 qua-stic
3658 3249 3757 3288 non

2192 3308 2322 3360 tanti
2345 3321 2467 3363 esse
2494 3309 2729 3376 videtur,
2751 3321 2806 3366 et
2828 3312 2895 3366 de
2924 3313 3180 3384 Eutropio
3204 3317 3272 3373 iis
3295 3335 3415 3388 quae
3437 3320 3757 3392 Chrysosto-

2190 3413 2309 3453 mus
2339 3401 2556 3470 protulit
2581 3441 2599 3469 ,
2639 3404 2847 3459 nonnisi
2874 3406 3161 3462 divinando
3185 3425 3468 3480 possumus
3490 3414 3756 3484 quidpiam

2189 3489 2440 3559 adjicere.

2260 3582 2398 3638 Dicit
2423 3582 2831 3655 Chrysostomus
2852 3587 3077 3644 llomilia
3094 3590 3164 3646 50
3205 3591 3256 3647 in
3289 3592 3537 3650 Genesim
3567 3597 3759 3667 (Tomo

2193 3673 2434 3745 quarto):
2484 3675 2728 3747 Magnam
2774 3694 3005 3734 vocamus
3048 3682 3449 3749 hebdomadam,
3480 3705 3586 3742 non
3629 3690 3759 3760 quod

2193 3763 2443 3837 longiores
2475 3768 2528 3822 in
2568 3785 2627 3822 ea
2653 3771 2752 3824 sint
2780 3770 2952 3835 Itone;
2989 3784 3105 3827 sunt
3138 3776 3273 3828 enim
3316 3778 3436 3832 alia:
3465 3794 3581 3849 quae
3606 3782 3760 3836 multo

2198 3861 2413 3926 majores
2440 3860 2593 3915 horas
2622 3861 2824 3917 habent.
2848 3862 3017 3918 Horas
3043 3873 3225 3920 autem
3259 3868 3490 3936 majores
3512 3882 3569 3924 et
3595 3872 3754 3925 mino-

2195 3966 2283 4005 res
2315 3956 2619 4009 necessario
2646 3964 2851 4009 veteres
2875 3956 3247 4025 admittebant,
3274 3960 3363 4028 qui
3392 3960 3535 4015 diem
3559 3963 3612 4018 in
3639 3964 3761 4017 duo-

2191 4042 2363 4098 decim
2388 4084 2405 4111 ,
2433 4054 2487 4098 et
2512 4056 2720 4100 noctem
2748 4046 2799 4100 in
2825 4047 3039 4102 totidem
3063 4059 3237 4117 partes
3264 4064 3362 4106 seu
3388 4050 3546 4106 horas
3573 4054 3761 4108 divise-

2188 4145 2312 4189 runt
2355 4152 2369 4190 :
2420 4135 2561 4192 unde
2615 4138 2935 4207 sequebatur
2976 4139 3196 4197 diurnas
3249 4142 3472 4199 hiberno
3526 4155 3762 4215 tempore

2190 4228 2426 4283 minores
2446 4270 2461 4294 ,
2485 4229 2671 4284 aestivo
2694 4240 2873 4286 autem
2900 4231 3130 4301 majores
3161 4248 3302 4289 esse.
3329 4234 3479 4292 Unde
3507 4236 3762 4292 Martialis

2188 4319 2226 4374 Ι.
2252 4317 2340 4387 12,
2369 4320 2537 4391 epigr.
2562 4321 2615 4388 l,
2648 4321 2833 4376 horam
2869 4324 3108 4378 :estivam
3138 4326 3217 4379 sic
3244 4338 3667 4384 commemorat:

2368 4464 2491 4507 Hora
2512 4468 2607 4506 nec
2628 4456 2794 4506 aestiva
2817 4464 2914 4517 est,
2935 4470 3030 4508 nec
3050 4458 3137 4508 tibi
3160 4467 3259 4510 tota
3281 4461 3425 4524 perit.

2189 4587 2440 4659 Virgilius
2463 4597 2661 4654 autem,

2370 4707 2472 4750 tam
2492 4713 2589 4751 nox
2610 4700 2841 4751 hibernas
2852 4699 2928 4750 bis
2947 4701 3162 4764 quinque
3181 4708 3446 4764 peregerat
3466 4702 3612 4753 horas

2262 4844 2542 4900 Hominem
2593 4846 2925 4900 tricubitalem
2949 4887 2965 4913 ,
3003 4856 3156 4902 vocat
3206 4846 3621 4920 Chrysostomus
3647 4892 3663 4915 ,
3710 4861 3764 4904 ut

2189 4938 2348 4994 etiam
2374 4938 2720 5009 Geographus
2747 4937 3035 4994 Nnbiensis
3065 4940 3116 4994 in
3147 4940 3366 4997 climate
3396 4943 3554 4998 tertio
3580 4941 3764 5014 (Tomo

2182 5032 2359 5101 quinto
2413 5040 2458 5085 et
2495 5029 2650 5083 Tomo
2676 5026 2941 5102 septimo):
2993 5029 3224 5102 alibique
3265 5030 3399 5087 dicit
3441 5032 3632 5087 doctor
3673 5049 3768 5087 no-

2190 5136 2336 5191 ster,
2371 5126 2566 5192 homo,
2613 5114 2748 5179 intra
2799 5134 2898 5179 tres
2943 5123 3137 5179 subitos
3178 5125 3455 5193 sepelitur,
3499 5141 3591 5180 nec
3642 5126 3764 5196 quid

2189 5218 2323 5272 ultra
2347 5215 2529 5290 (Tomo
2558 5215 2751 5287 quinto)
2765 5258 2777 5271 .

2262 5310 2587 5382 Babylonios
2626 5319 2681 5365 et
2709 5309 2842 5365 alios
2870 5306 3167 5365 Orientales
3210 5322 3354 5378 saepe
3400 5318 3552 5364 vocat
3589 5307 3765 5379 Chry-

2188 5411 2458 5458 sostomus
2489 5402 2671 5472 (Tomo
2690 5398 2877 5474 sexto).

2267 5496 2645 5566 Suspicabatur
2680 5495 2768 5551 ille
2813 5496 2969 5550 linem
3000 5494 3182 5550 mundi
3222 5494 3423 5550 instare
3472 5501 3528 5551 et
3578 5493 3767 5563 proxi-

2185 5604 2334 5643 mum
2360 5602 2480 5643 esse
2521 5585 2716 5660 (Tomo
2744 5587 2955 5657 septimo
2981 5587 3019 5656 ).
3063 5585 3246 5641 Finem
3293 5586 3479 5642 mundi
3519 5602 3768 5658 prmum).

2190 5680 2340 5745 tiant,
2361 5679 2549 5749 inquit,
2571 5678 2726 5742 bella,
2752 5694 3024 5744 mrumnm,
3053 5686 3210 5734 terra:
3234 5689 3410 5733 motus
3433 5689 3482 5733 ct
3501 5680 3773 5734 exstincta

2191 5779 2385 5834 caritas
2418 5771 2619 5847 (Tomo
2660 5776 2890 5847 octavo).
2942 5775 3068 5831 Eam
3117 5790 3273 5844 quam
3313 5774 3504 5829 Paulus
3535 5773 3770 5842 plenituo
