3818 6400
123 388 182 443 79
625 451 628 454 ,
886 378 1053 448 eum
1080 375 1148 434 IN
1181 375 1519 435 ornamus
1553 375 1668 432 cur

1786 375 2018 434 DSTOMI
2056 380 2577 441 ΟΒδΕΙΠΑΝΤυΒ.
3291 375 3362 430 80

116 509 274 561 «tinem
331 512 635 576 temporum
684 510 879 568 vocat,
929 501 1040 570 jam
1079 500 1361 557 advenisse
1411 499 1665 566 putabat:

123 598 192 649 ita
243 596 288 649 si
336 604 408 648 tot
461 610 715 648 annorum
763 591 1312 663 quadringentesimum
1368 607 1472 644 esse
1529 589 1682 658 ﬁnem

118 686 396 749 diurimus,
422 701 527 738 non
549 685 911 738 aberrabimus.
943 682 1050 737 Sed
1101 692 1158 737 ut
1200 682 1254 736 in
1296 681 1683 750 supputatione

118 793 400 847 temporum
426 792 532 831 non
560 777 630 831 ita
656 786 933 832 accuratus
959 774 1499 847 fuitClirysostomus,
1521 774 1598 827 sic
1628 774 1682 828 in

119 870 201 925 hac
225 868 570 939 praedictione
608 868 762 937 longe
788 867 1095 922 aberravit:
1148 866 1291 937 quod
1332 864 1516 919 multis
1560 863 1682 918 aliis

115 961 295 1015 sanctis
317 960 457 1013 viris
488 947 730 1029 contigit.

169 1054 441 1121 Cognatos
455 1048 659 1103 Christi
686 1048 1024 1116 Desposynos
1043 1045 1338 1114 appellatos
1353 1048 1526 1102 multo
1542 1058 1675 1103 tem-

113 1139 592 1215 poreadmirationi
637 1138 804 1193 fuisse
839 1139 989 1202 dicit,
1014 1138 1334 1207 illorumque
1365 1145 1543 1193 tamen
1577 1155 1674 1195 no-

114 1238 243 1292 mina
261 1235 483 1305 propria
504 1231 1044 1309 ignorarigEusebius
1060 1247 1276 1300 quoque
1293 1231 1329 1284 l.
1358 1233 1395 1286 Ι.
1414 1231 1552 1288 Hist.
1567 1232 1673 1289 Ec-

107 1319 163 1371 cl.
189 1318 262 1369 ait
283 1326 548 1386 cognatos
567 1316 761 1372 Christi
791 1317 1128 1388 Desposynos
1144 1326 1473 1386 nuncupatos
1494 1316 1678 1374 fuisse.

164 1407 394 1462 Homilia
422 1409 487 1462 41
521 1409 572 1462 in
603 1410 735 1462 Acta
762 1408 1139 1477 Apostolorum
1169 1423 1282 1462 rem
1310 1417 1488 1462 narrat
1509 1408 1682 1478 singu-

105 1501 255 1554 larem
281 1498 490 1571 (Temo
534 1515 665 1553 nono
773 1498 902 1552 Erat
943 1500 1143 1552 cuidam
1190 1500 1538 1569 praedium,in
1581 1516 1680 1572 quo

105 1589 320 1643 «cultus
373 1590 641 1645 thesaurus
685 1599 795 1644 erat
833 1605 853 1644 :
889 1599 1085 1660 emptor
1130 1606 1244 1645 vero
1265 1631 1279 1656 ,
1334 1607 1450 1644 cum
1495 1603 1680 1645 terram

102 1681 303 1748 (ederet,
329 1681 630 1736 thesaurum
682 1681 827 1735 illum
870 1681 1077 1735 invenit.
1111 1681 1187 1736 Re
1226 1693 1481 1750 comperta
1523 1683 1565 1735 is
1592 1683 1675 1751 qui

103 1771 412 1839 uendiderat,
440 1783 721 1841 emptorem
751 1772 957 1843 regebat
997 1783 1050 1826 ut
1082 1772 1373 1826 thesaurum
1411 1773 1673 1840 redderet,

102 1864 278 1924 dicens,
305 1880 363 1917 se
389 1864 642 1932 pradiunt
666 1864 967 1930 vendidisse,
992 1880 1092 1917 non
1119 1864 1409 1917 thesaurum
1429 1880 1447 1918 :
1467 1874 1675 1917 conten-

103 1953 228 2008 ωσι
252 1954 386 2007 alter
413 1995 429 2019 ,
458 1970 512 2007 se
540 1953 790 2024 prtcdium
815 1955 929 2008 eum
968 1955 1205 2007 thesauro
1235 1954 1434 2007 emisse.
1491 1954 1592 2008 Res
1625 1954 1676 2008 in

106 2050 224 2099 litem
246 2062 398 2100 tersa
424 2055 518 2110 est,
547 2045 639 2100 illo
664 2046 810 2100 reddi
843 2045 937 2100 sibi
974 2046 1169 2100 volente
1187 2085 1202 2110 ,
1234 2047 1395 2099 altero
1441 2055 1674 2116 negante.

103 2138 382 2192 [irridentes
408 2149 580 2192 autem
623 2139 676 2192 in
717 2139 968 2192 hominem
1012 2139 1337 2209 quempiam,
1369 2137 1631 2209 litigabunt
1658 2153 1677 2191 :

101 2230 368 2301 deindeque
413 2229 790 2300 interrogarent
827 2229 976 2282 illum
1003 2269 1020 2293 ,
1064 2230 1146 2282 cui
1190 2229 1386 2283 deberet
1414 2229 1677 2283 thesaurus

101 2323 397 2395 sdjadicari.
423 2320 528 2376 Ille
551 2338 667 2376 vero
695 2323 991 2377 sententiam
1013 2337 1112 2375 non
1142 2321 1294 2385 tulit,
1343 2322 1432 2376 sed
1460 2339 1512 2376 se
1541 2321 1677 2376 litem

97 2417 368 2468 soluturum
387 2431 524 2479 esse,
549 2415 592 2467 si
617 2413 883 2468 thesaurus
906 2415 1001 2468 sibi
1025 2423 1265 2468 maneret.
1291 2411 1408 2467 Illis
1435 2429 1548 2468 vero
1576 2431 1673 2467 an-

99 2508 370 2572 nitentibus,
413 2516 618 2578 accepto
644 2507 878 2561 thesauro
901 2508 1166 2561 innumera
1193 2507 1374 2560 deinde
1399 2506 1534 2560 mala
1559 2523 1677 2577 pas-

97 2618 172 2654 sus
194 2613 272 2654 est
296 2616 316 2655 :
341 2611 391 2654 et
423 2616 478 2654 re
501 2599 681 2653 didicit
691 2601 812 2672 jure
839 2597 963 2654 illos
978 2600 1038 2652 ab
1065 2600 1158 2654 hoc
1172 2599 1493 2654 abstinuisse.

155 2690 263 2746 Nec
294 2692 478 2746 minus
502 2689 900 2746 observandum
927 2700 1009 2746 est
1031 2691 1082 2745 id
1111 2691 1252 2760 quod
1279 2691 1445 2747 refert
1475 2691 1671 2746 Homil.

100 2784 159 2838 15
182 2784 236 2836 in
250 2781 432 2852 Epist.
460 2782 528 2836 ad
555 2782 828 2837 Romanos
855 2781 1036 2854 (Temo
1056 2783 1234 2852 nono).
1259 2783 1386 2850 Qua:
1404 2784 1533 2836 enim
1558 2795 1674 2838 ante

99 2877 272 2930 ηενύηὶ
308 2876 576 2945 possibilia
615 2876 914 2930 videbantur
957 2891 1093 2941 esse,
1139 2876 1442 2946 virginitas,
1493 2877 1672 2930 mortis

97 2977 427 3039 contemptus,
450 2968 834 3037 compluresque
852 2967 941 3022 alii
957 2968 1170 3033 labores,
1190 2969 1298 3022 ἠως
1318 2969 1498 3038 ubique
1511 2978 1672 3021 terra-

95 3079 192 3114 rm
202 3061 320 3126 jam
351 3070 662 3131 prastantur
683 3101 700 3129 ,
731 3077 832 3114 non
857 3061 996 3130 apud
1017 3077 1106 3115 nos
1131 3071 1327 3114 tantum
1347 3105 1361 3126 ,
1410 3062 1498 3114 sed
1518 3062 1671 3114 etiam

93 3154 217 3220 apud
245 3152 498 3224 Scythas,
526 3151 765 3217 Thraces,
795 3149 975 3218 Indos,
1006 3150 1216 3218 Persas,
1238 3153 1464 3222 aliosque
1485 3153 1669 3205 barba-

93 3261 162 3296 res
182 3243 374 3295 multos
402 3258 425 3306 ;
470 3252 517 3296 et
538 3243 789 3312 uirginum
826 3242 965 3295 chori
984 3283 998 3309 ,
1027 3251 1306 3312 martyrum
1333 3243 1528 3314 populi,
1555 3260 1669 3297 mo-

97 3339 366 3389 nachorum
394 3337 691 3390 sodalitates
710 3337 826 3406 jam
844 3336 1014 3406 plures
1036 3344 1152 3389 sunt
1175 3375 1191 3400 ,
1213 3352 1363 3406 quam
1389 3351 1563 3390 eorum
1582 3337 1670 3406 qui

91 3427 326 3481 connubio
345 3428 660 3499 junguntur.

147 3522 347 3574 Contra
395 3518 730 3572 Christianos
750 3517 1008 3588 quosdam
1031 3519 1224 3589 stylum
1252 3518 1394 3571 acuit
1429 3517 1666 3589 Chryso-

91 3619 302 3675 stomus,
329 3608 427 3678 qui
451 3624 481 3661 a
508 3607 816 3662 Manichaais
843 3607 1050 3662 seducti
1075 3649 1090 3674 ,
1123 3617 1180 3663 ut
1204 3607 1412 3662 videtur
1435 3649 1449 3672 ,
1494 3609 1667 3663 virilia

93 3700 175 3753 tibi
200 3700 562 3769 amputabant
586 3716 598 3751 :
628 3715 747 3768 qua:
771 3697 1104 3753 consuetudo
1127 3705 1306 3753 tamen
1329 3714 1433 3752 non
1465 3698 1554 3753 diu
1583 3699 1664 3752 vi-

95 3793 252 3860 guisse
281 3791 508 3846 videtur
530 3789 712 3862 (Temo
741 3790 980 3858 decimo).

149 3881 385 3935 Infantes
415 3895 609 3934 recens
638 3881 746 3934 nati
789 3879 1118 3950 signaculum
1145 3875 1197 3934 in
1225 3877 1400 3935 fronte
1426 3895 1457 3935 a
1486 3895 1666 3936 sacer-

95 3973 204 4024 dote
233 3970 586 4040 accipiebant
609 3967 874 4039 (Ibidem).
1521 4027 1532 4029 ,

147 4060 348 4115 Catum
376 4075 503 4115 esse
527 4059 871 4130 sphaericum,
900 4069 954 4114 et
979 4068 1178 4114 terram
1204 4075 1322 4115 esse
1349 4061 1664 4130 spliazricam

95 4156 308 4222 negabat
336 4150 759 4222 Cbrysostomus
793 4153 812 4220 (
840 4149 999 4204 Temo
1035 4150 1356 4222 duodecimo)
1389 4169 1402 4204 :
1449 4167 1552 4222 qua
1597 4152 1665 4207 de

96 4259 140 4297 re
186 4242 420 4297 videnda
475 4252 600 4296 sunt
652 4257 771 4312 quae
829 4241 1058 4296 diximus
1122 4242 1175 4296 in
1230 4241 1548 4296 Prmfatione
1595 4242 1663 4297 ad

97 4335 330 4388 Cosrnam
357 4331 694 4405 Egyptium,
743 4332 831 4402 qui
879 4332 944 4386 ad
982 4333 1124 4386 illam
1157 4333 1474 4387 sententiam
1512 4342 1663 4387 tuen-

99 4427 198 4479 (tam
245 4428 430 4480 locum
466 4424 620 4478 aliert
657 4423 1021 4494 Chrysostomi
1070 4439 1135 4478 ex
1185 4423 1578 4479 Commentario
1607 4425 1662 4479 in

102 4516 377 4586 Epistolam
407 4515 479 4570 ad
507 4516 781 4583 llebrteos,
807 4531 963 4585 quem
995 4515 1189 4570 videsis
1218 4519 1271 4570 in
1299 4517 1444 4573 edito
1470 4517 1661 4571 Cosma

101 4625 143 4676 p.
170 4609 292 4664 528.
330 4608 694 4663 Plurimorum
721 4610 861 4662 enim
892 4607 1110 4662 Patrum
1127 4615 1182 4662 et
1200 4608 1518 4678 scriptorum
1549 4609 1664 4665 haec

102 4701 267 4770 opinio
293 4699 417 4753 fuit.

158 4789 460 4845 Antiochia:
498 4788 822 4843 concionans
848 4788 976 4844 dicit
1001 4789 1052 4842 in
1077 4803 1226 4843 more
1245 4803 1365 4844 esse
1385 4798 1444 4844 ut
1469 4791 1662 4845 mulie—

104 4894 173 4934 res
197 4890 251 4935 et
279 4877 489 4950 parvuli
515 4894 548 4934 e
576 4879 714 4933 collo
739 4878 1008 4948 evangelia
1055 4879 1440 4949 suspenderent
1464 4878 1661 4950 (Temo

105 4973 299 5028 mdo
320 4973 362 5042 ).

669 5175 988 5231 DIATRIBA
1029 5175 1093 5230 V.

110 5286 435 5364 Digressiones
469 5288 574 5343 sive
598 5288 691 5340 illa
715 5287 884 5340 omnia
907 5301 1021 5358 qute
1048 5286 1102 5340 in
1124 5285 1531 5340 similitudinibus
1561 5290 1665 5358 fre-

163 5381 484 5447 quentissime
510 5388 865 5433 commemorat
890 5378 1302 5450 Chrysostomus,
1331 5395 1445 5449 quae
1469 5380 1536 5432 ad
1564 5395 1668 5433 rem

162 5470 567 5526 Ecclesiasticam
604 5487 705 5525 non
727 5481 972 5542 spectant,
996 5479 1043 5524 et
1073 5471 1352 5542 singularia
1375 5485 1510 5542 stepe
1527 5485 1666 5524 cont-

164 5564 464 5626 plectuntur.

165 5673 368 5731 Genets
395 5675 586 5747 Syrius
606 5684 722 5731 erat
748 5675 980 5731 Joannes
999 5685 1183 5732 noster
1204 5683 1260 5731 et
1282 5675 1663 5733 Antiochenus:

114 5766 454 5840 fmilisreque
474 5779 557 5826 est
584 5769 734 5840 Syris
756 5810 772 5837 ,
795 5771 960 5840 inquit
987 5769 1372 5842 Hieronymus,
1407 5771 1479 5825 uti
1510 5785 1661 5840 para-

1791 495 1926 551 bolis
1951 507 2006 552 et
2031 496 2482 552 similitudinibus.
2523 497 2635 553 Hac
2651 496 2705 553 in
2737 511 2800 552 re
2841 506 3097 567 perpetuo
3123 509 3366 556 versatur

1785 589 2197 652 Cbrvsostomus
2224 590 2274 643 in
2305 589 2648 645 concionibus
2687 590 2818 645 suis.
2857 591 3113 659 Exempla
3151 591 3360 663 profert

1787 681 2183 751 imperatorum,
2211 680 2523 745 aulicorum,
2546 683 2842 744 consulum,
2867 681 3089 736 divitum
3107 691 3161 738 et
3185 683 3365 752 cujus-

1786 787 2014 840 cumque
2039 770 2363 825 conditionis
2392 771 2667 826 hominum
2705 790 2717 826 :
2744 773 3057 828 vestimenta
3085 774 3360 844 depingit,

1787 863 2226 932 suppellectilem.
2249 863 2439 917 mdium
2460 862 2681 917 formam
2713 875 2765 920 et
2786 875 3130 920 ornamenta:
3157 867 3363 920 circen-

1786 969 1873 1008 ses
1911 955 2061 1008 ludos
2098 964 2152 1010 et
2182 955 2588 1025 hippodromum
2617 957 2920 1027 frequenter
2954 967 3360 1014 commemorat.

1775 1043 1856 1114 (Ut
1882 1059 1912 1098 a
1948 1045 2297 1100 theatralibus
2330 1048 2647 1116 spectaculis
2695 1049 2941 1119 populum
2997 1061 3214 1116 avocet,
3245 1067 3364 1117 quae

1785 1137 1957 1204 turpia
1982 1135 2086 1191 illic
2129 1139 2468 1207 gerebantur,
2508 1139 2804 1192 minutatim
2833 1140 3108 1195 describit.
3137 1142 3234 1196 llic
3277 1145 3359 1196 vi-

1784 1226 1911 1282 deas
1933 1229 2230 1296 nuptiarum
2257 1232 2406 1294 ritus,
2442 1231 2769 1299 praeficarum
2799 1249 2999 1286 morem
3025 1250 3037 1284 :
3069 1233 3226 1287 modo
3254 1235 3361 1287 cir-

1789 1318 2078 1372 culatorum
2113 1329 2260 1389 gesta
2290 1322 2570 1390 singularia
2593 1363 2605 1384 ,
2636 1323 2793 1376 modo
2823 1323 3246 1378 funambulorum
3269 1341 3361 1380 ar-

1790 1415 1932 1472 tem;
1951 1408 2168 1478 justitia:
2189 1412 2500 1465 exercendm
2524 1413 2711 1476 ritum,
2759 1415 3138 1482 praestigiarum
3167 1427 3362 1480 genera

1788 1501 2036 1570 plurima,
2068 1503 2276 1572 aliaque
2300 1505 2582 1574 permulta.
2612 1505 2740 1570 Qum
2768 1508 2945 1560 omnia
2969 1549 2981 1568 ,
3011 1508 3198 1562 ordine
3226 1523 3361 1576 qun-

1783 1594 1902 1648 dam
1929 1593 2208 1650 distributa
2233 1636 2248 1660 ,
2296 1595 2385 1650 hic
2431 1611 2714 1651 recensere
2755 1613 2934 1668 opera:
2980 1601 3207 1668 pretium
3241 1615 3363 1655 esse

1781 1685 1926 1740 duxi.

1911 1795 2283 1868 Imperatorem
2299 1799 2484 1863 cultus,
2512 1810 2688 1864 vestes,
2709 1810 3026 1867 ornamenta,
3054 1804 3228 1868 aulici,

2439 1891 2700 1945 satellites.

1855 1999 2145 2068 Imperator
2172 2014 2426 2054 coronam
2450 2001 2690 2072 gestabat
2711 2017 2927 2057 auream
2971 2001 3195 2071 gemmis
3238 2019 3353 2058 ma-

1780 2091 1896 2157 gnis
1943 2099 1997 2145 et
2042 2091 2439 2159 pretiosissimis
2465 2093 2799 2146 intertextam
2828 2110 2841 2144 :
2873 2107 3139 2159 purpureo
3165 2092 3355 2148 vestitu

1780 2189 1890 2235 toto
1935 2195 2160 2250 corpore
2203 2180 2433 2250 fulgebat
2472 2178 2656 2250 (Temo
2683 2180 2845 2248 primo
2884 2189 2928 2231 et
2975 2177 3133 2232 Temo
3162 2183 3353 2246 tertio).

1781 2275 1892 2330 Soli
1934 2284 2111 2328 autem
2146 2273 2456 2342 Imperatori
2500 2272 2692 2325 licebat
2723 2282 2932 2340 gestare
2976 2287 3261 2340 purpuram
3303 2282 3357 2323 ct

1778 2365 2022 2420 diadema
2049 2365 2099 2418 in
2130 2364 2323 2432 capite.
2352 2362 2408 2418 In
2447 2363 2683 2418 vestibus
2719 2362 2835 2431 ejus
2875 2363 3058 2416 sericis
3097 2362 3356 2416 dracones

1777 2459 2018 2527 depictos
2060 2455 2240 2512 videre
2287 2466 2396 2510 erat
2436 2454 2640 2524 (Temo
2696 2455 2892 2523 sexto).
2937 2455 3104 2508 Aulici
3149 2471 3356 2524 quoque

1776 2561 1831 2604 et
1855 2549 2110 2605 satellites
2135 2548 2250 2618 ejus
2272 2564 2400 2602 auro
2429 2548 2732 2617 fulgebant,
2770 2558 2942 2602 vestes
2967 2563 3148 2602 eorum
3178 2549 3355 2601 aureis

1777 2641 1880 2696 filis
1910 2644 2208 2695 intertexta:
2226 2647 2379 2692 erant
2407 2655 2418 2688 :
2451 2637 2640 2691 borum
2671 2638 2867 2692 lancea:
2894 2637 3198 2694 deaurath
3231 2637 3354 2706 equi

1775 2746 1938 2786 aureo
1978 2730 2132 2785 freno
2151 2770 2164 2794 ,
2187 2728 2433 2798 ephippia
2465 2744 2593 2782 auro
2621 2729 2888 2782 micantia.

1847 2823 1954 2877 Per
1979 2822 2164 2876 urbem
2195 2831 2250 2876 et
2287 2837 2504 2890 campos
2547 2831 2828 2876 exeuntem
2859 2863 2874 2886 ,
2928 2833 3258 2878 scutatorum
3299 2833 3352 2880 et

1774 2913 2104 2969 hastatorum
2126 2912 2376 2967 cohortes
2397 2912 2680 2980 stipabant,
2704 2913 2791 2981 qui
2818 2921 2871 2966 et
2909 2913 3006 2982 ipsi
3055 2929 3185 2968 auro
3219 2929 3351 2968 Onu-

1773 3007 1840 3060 sti
1860 3007 2078 3078 clypeos
2116 3003 2392 3074 gestabant
2415 3005 2588 3058 aureis
2611 3004 2872 3058 umbilicis
2897 3004 3176 3060 decoratos
3206 3023 3219 3071 ;
3245 3007 3351 3061 cir-

1772 3114 1894 3153 cum
1931 3083 2106 3151 autem
2147 3096 2424 3150 umbilicos
2469 3095 2615 3149 aurei
2652 3095 2791 3149 oculi
2842 3095 3190 3162 visebantur;
3237 3098 3351 3153 lora

1772 3189 1841 3244 ad
1871 3203 2105 3243 summas
2125 3202 2248 3242 oras
2276 3196 2496 3242 extensa
2527 3187 2717 3255 lapillis
2744 3195 2928 3241 ornata
2961 3189 3139 3241 multis
3165 3200 3346 3244 erant.

1771 3284 1971 3338 Currus
1993 3281 2212 3351 Augusti
2239 3290 2380 3334 totus
2414 3294 2637 3342 aureus,
2665 3278 2792 3348 jngo
2816 3279 3054 3334 albarum
3085 3281 3350 3336 mulartun

1769 3390 1901 3430 auro
1952 3373 2264 3443 fulgentium
2309 3372 2526 3442 junctus
2571 3378 2686 3425 erat
2721 3369 2903 3440 (Temo
2930 3371 3161 3442 primo);
3195 3373 3262 3424 ita
3293 3383 3350 3428 ut

1769 3469 2089 3522 mirarentur
2103 3479 2311 3527 omnes,
2332 3463 2502 3532 inquit
2517 3462 2930 3533 Cbrysostomus
2949 3459 2967 3532 (
2989 3460 3144 3515 Temo
3158 3461 3344 3531 sexto),

1768 3573 2018 3631 purpura:
2067 3556 2252 3611 ﬂorem
2273 3596 2288 3620 ,
2320 3569 2649 3624 gemmarum
2705 3553 3154 3624 magnitudinem,
3189 3556 3349 3608 mula-

1767 3668 1884 3706 rum
1941 3649 2214 3712 alborem,
2236 3647 2420 3717 jngum
2459 3660 2722 3711 aureum,
2770 3653 2825 3699 et
2872 3645 3020 3698 strati
3066 3644 3346 3716 fulgorem,

1767 3741 1908 3812 quod
1967 3748 2192 3795 stratum
2237 3738 2450 3791 niveum
2490 3743 2604 3790 erat
2637 3745 2795 3805 atque
2831 3735 3112 3790 candidum
3151 3733 3357 3807 (Tento

1767 3843 1937 3889 octavo
1978 3842 2024 3886 et
2068 3831 2221 3885 Temo
2259 3829 2453 3899 nouo).
2486 3828 2542 3882 In
2570 3843 2728 3882 curru
2773 3842 2900 3882 vero
2937 3827 3146 3881 lamina:
3194 3838 3350 3882 erant

1765 3943 1942 3981 aurea:
1971 3923 2278 3984 versatiles.
2319 3938 2437 3991 quae
2468 3929 2613 3974 motu
2643 3919 2852 3990 agitatae
2877 3918 3183 3974 micabant.
3214 3919 3350 3989 Equi

1765 4018 1928 4072 etiam
1955 4013 2294 4086 Imperatoris
2313 4028 2444 4067 auro
2469 4011 2664 4075 onusti,
2698 4019 2751 4065 et
2780 4010 2926 4065 frena
2953 4025 3162 4080 quoque
3186 4027 3353 4066 aurea

1763 4115 1935 4164 erant.

1841 4197 2074 4266 Depictis
2100 4211 2229 4252 vero
2275 4197 2632 4264 Augustorum
2665 4192 2979 4263 imaginibus
3013 4192 3126 4246 Iizec
3171 4191 3339 4248 refert

1765 4290 1858 4345 ille
1901 4288 2092 4361 (Temo
2139 4286 2326 4357 tertio)
2365 4303 2377 4337 :
2419 4285 2598 4338 Vidisti
2641 4299 2774 4352 ηερε
2807 4283 3183 4352 imperatoriam
3217 4285 3357 4337 ima-

1765 4381 1932 4451 ginem
1976 4378 2190 4433 caeruleo
2241 4379 2444 4430 tinctam
2487 4375 2691 4429 celere:
2725 4373 2905 4428 deinde
2943 4390 3055 4427 vero
3106 4377 3351 4443 pictorem

1767 4473 1908 4526 albas
1935 4471 2092 4524 lineas
2114 4469 2392 4531 ducentem,
2425 4477 2469 4520 ct
2495 4467 2679 4519 solium
2706 4465 3105 4534 imperatorium,
3124 4475 3168 4518 et
3189 4483 3349 4535 equos

1765 4565 2105 4625 adstantes,et
2130 4561 2390 4622 satellites,
2418 4568 2463 4612 et
2503 4559 2691 4612 vinctos
2721 4558 2885 4611 hostes
2910 4568 3065 4627 atque
3090 4557 3340 4612 subactas.

1837 4653 1954 4708 Pari
1981 4652 2127 4707 cultu
2153 4649 2400 4704 consules
2431 4647 2746 4703 incedebant
2767 4688 2780 4709 ,
2823 4656 2884 4700 ut
2911 4647 3022 4715 ipse
3048 4647 3160 4716 ait(
3189 4647 3352 4700 Temo

1767 4741 2110 4814 duodecimo)
2143 4760 2156 4796 :
2193 4741 2314 4794 Non
2372 4739 2548 4792 videtis
2619 4737 2956 4807 Imperatores
3017 4749 3064 4791 et
3117 4740 3348 4793 consules

1769 4854 1921 4892 curru
1953 4843 2168 4907 gestatas
2196 4843 2241 4887 et
2265 4848 2391 4886 aure
2417 4839 2619 4884 ornatos
2646 4870 2662 4895 ,
2701 4839 2746 4882 et
2781 4829 3020 4883 satellites
3059 4829 3226 4883 omnia
3250 4829 3348 4882 ha-

1771 4928 1939 4982 bentes
1961 4941 2116 4979 aurea
2143 4964 2160 4991 ,
2197 4940 2378 4977 aureas
2419 4923 2622 4976 lanceas
2648 4962 2662 4985 ,
2695 4937 2871 4974 aureos
2910 4921 3132 4991 clypeos,
3162 4937 3352 4976 aureae

1767 5029 1941 5086 uestes,
1960 5034 2111 5086 equos
2139 5017 2306 5070 aureis
2326 5024 2530 5068 ornatos
2559 5013 2813 5082 ephippiis
2835 5012 2861 5066 7

1839 5113 2190 5181 Imperatores
2222 5106 2486 5178 prmfectis
2529 5107 2639 5160 suis
2663 5119 2852 5160 aureas
2889 5105 3230 5177 porrigebant
3261 5115 3346 5160 ta-

1769 5203 1936 5256 bellas
1976 5202 2027 5255 in
2063 5200 2404 5270 magistratus
2453 5199 2661 5268 signum
2688 5197 2868 5266 (Temo
2889 5199 3094 5267 sexto).
3121 5197 3350 5266 Quando

1771 5293 1948 5348 literas
1965 5290 2243 5346 mittebant
2269 5289 2620 5360 Imperatores
2645 5288 2756 5343 sive
2774 5289 2824 5342 in
2851 5288 3059 5343 theatro
3083 5292 3194 5343 sive
3214 5288 3349 5345 alibi

1779 5380 2027 5451 legendas
2051 5422 2068 5446 ,
2097 5395 2174 5434 ere
2216 5395 2336 5434 cum
2369 5394 2556 5448 magna
2587 5380 2881 5434 reverentia
2925 5389 3160 5450 exceptze
3204 5380 3348 5450 lege-

1774 5473 1963 5530 bantur
2004 5473 2280 5528 silentibus
2330 5474 2581 5528 omnibus
2623 5470 2804 5543 (Temo
2828 5472 3053 5544 quarto).

2055 5584 2370 5655 Optimatum
2395 5592 2442 5638 et
2461 5583 2672 5637 divitum
2701 5583 2875 5650 luxus,
2905 5599 3044 5654 opes,

2299 5678 2433 5732 (edes
2451 5717 2468 5742 ,
2495 5691 2687 5740 mensa,
2717 5686 2812 5729 etc.

1847 5769 2173 5840 Optimatum
2213 5783 2425 5838 quoque
2462 5782 2524 5821 ac
2571 5768 2792 5822 divitum
2835 5767 3024 5822 fastum
3066 5777 3117 5824 et
3165 5766 3355 5822 luxum.
