3864 6438
522 370 584 426 8I
1834 371 2152 430 SYNOPSIS
2189 375 2423 431 EORUM
3667 376 3739 427 82

511 480 817 552 perstringit
857 477 1306 550 Cbrysostomus,
1351 477 1706 546 describitque
1732 473 1925 530 aedium
1962 489 2076 528 ma-

511 574 891 641 gnificentiam,
913 573 1138 626 vestium
1167 571 1390 634 cultum,
1419 583 1721 624 mensarum
1743 575 2072 637 apparatum,

510 667 860 734 parasitorum
884 664 1115 734 agmina,
1149 662 1464 717 famulorum
1491 661 1760 730 ingentem
1773 673 2073 713 numerum.

575 755 868 827 Optimates
893 757 1048 826 igitur
1073 765 1129 810 et
1152 755 1390 824 opulenti
1428 754 1624 823 quique
1653 753 1752 807 viri
1782 752 1967 805 sericis
1988 751 2074 804 in-

507 850 617 904 duti
647 849 878 904 vestibus
902 858 1056 904 erant
1075 864 1206 902 auro
1235 847 1532 901 intertextis
1551 855 1604 899 et
1620 843 1940 913 magnificis:
1971 857 2072 894 un-

505 948 695 1010 guenta
737 948 792 993 et
834 949 1070 993 aromata
1103 953 1315 1007 semper
1342 936 1591 990 olebant:
1643 951 1773 988 zona
1802 933 2072 1002 prmcincti

503 1043 684 1093 aurea,
713 1028 876 1083 calcei
920 1043 1126 1097 quoque
1163 1041 1294 1080 auro
1337 1025 1624 1095 fulgebant.
1651 1023 1991 1078 Famulorum
2019 1029 2074 1075 et

499 1120 864 1173 cunuchorum
899 1118 1119 1171 turbam
1174 1118 1436 1185 ingentem
1491 1116 1633 1170 alere
1695 1124 1750 1167 et
1803 1122 2072 1167 ostentare

499 1224 710 1264 summo
729 1208 906 1264 studio
930 1208 1186 1261 curabant
1209 1247 1223 1273 ,
1253 1221 1476 1276 quorum
1494 1204 1645 1258 multi
1673 1203 1878 1259 barbari
1897 1209 2068 1256 erant.

501 1302 576 1356 De
602 1317 759 1370 opum
810 1300 993 1370 grandi
1046 1299 1198 1367 copia
1233 1297 1290 1352 et
1327 1297 1642 1350 famulorum
1684 1308 1908 1348 numero
1954 1294 2071 1347 haec

498 1393 720 1460 carptim
740 1392 866 1445 dicit
884 1389 1294 1460 Chrysostomus
1310 1387 1490 1457 (Tanto
1511 1384 1740 1455 septimo)
1762 1402 1774 1436 :
1802 1383 1863 1438 Et
1881 1392 1934 1436 tu
1952 1384 2069 1452 qui-

497 1481 610 1534 dem
627 1490 697 1535 tot
718 1497 964 1536 memoras
990 1489 1137 1532 terrae
1149 1479 1353 1546 jugera,
1379 1477 1551 1530 domos
1572 1476 1737 1528 decent
1769 1474 1844 1527 vel
1873 1473 2066 1542 viginti,

497 1572 674 1626 balnea
701 1572 923 1632 totidem,
946 1585 1110 1623 servos
1138 1569 1274 1621 mille
1298 1578 1385 1620 aut
1409 1567 1482 1620 bis
1505 1566 1661 1631 mille,
1684 1582 1862 1619 currus
1887 1580 2068 1636 argen-

497 1663 588 1717 teis
620 1662 822 1717 laminis
851 1663 925 1715 rel
954 1679 1080 1714 auro
1107 1670 1326 1730 apertos.
1357 1658 1776 1712 Eunuchietiam
1806 1666 1859 1711 et
1884 1657 2067 1712 famuli

492 1769 624 1807 auro
653 1752 911 1822 fulgentes
939 1760 1092 1806 erant
1112 1793 1125 1811 .
1157 1753 1452 1820 horumque
1475 1748 1686 1820 plurimi
1718 1748 1993 1818 torquibus
2013 1756 2068 1803 et

491 1844 716 1898 armillis
741 1844 920 1897 aureis
949 1842 1359 1896 decorabantur.

561 1933 780 1988 (ﬁdium
831 1948 1040 2003 quoque
1099 1931 1436 2002 splendorem
1494 1939 1549 1985 et
1621 1929 2064 2000 magnificentiam

493 2027 806 2094 plerumque
854 2024 1104 2080 describit
1135 2043 1148 2078 :
1179 2023 1520 2093 Splendidas,
1550 2023 1738 2092 inquit,
1771 2032 2065 2076 construunt

491 2117 853 2183 domos,latas
899 2117 1120 2185 porticus
1153 2156 1168 2182 ,
1223 2112 1371 2183 longa
1418 2123 1579 2183 septa.
1633 2111 1839 2166 Tectum
1880 2122 2048 2165 autem

488 2208 672 2261 mdium
694 2224 755 2260 ea:
782 2207 975 2260 tabellis
993 2206 1168 2277 ligneis
1184 2207 1558 2271 concinnatum,
1575 2205 1871 2257 deauratum
1900 2214 2060 2257 totum

488 2308 595 2351 erat
623 2314 640 2351 :
661 2299 841 2367 janute
862 2308 1028 2350 autem
1053 2337 1070 2362 ,
1099 2297 1248 2349 etiam
1279 2296 1463 2364 bifores
1489 2337 1502 2357 ,
1543 2295 1773 2349 eburneae
1799 2307 1962 2348 erant.
1995 2293 2059 2348 In

488 2390 720 2442 tricliniis
741 2398 786 2441 et
815 2387 1055 2442 cubiculis
1084 2389 1300 2458 parietes
1322 2403 1570 2441 marmore
1595 2388 1803 2440 crustati
1825 2403 1844 2440 :
1864 2389 1906 2440 si
1935 2388 2059 2458 quid

484 2497 598 2535 vero
624 2481 844 2550 lapidem
870 2489 1214 2550 compareret,
1260 2479 1392 2532 illud
1433 2478 1601 2533 aureis
1630 2478 1830 2533 laminis
1865 2489 1913 2532 et
1938 2481 2056 2533 bra-

483 2572 603 2624 cteis
631 2571 967 2640 obtegebatur.

551 2661 844 2731 Laquearia
867 2659 1044 2713 omnia
1071 2673 1250 2722 aurea,
1289 2673 1383 2713 seu
1414 2661 1616 2729 potius,
1648 2669 1706 2714 ut
1729 2660 1853 2715 alibi
1887 2660 2057 2729 expli-

477 2763 563 2805 cat
585 2791 601 2818 ,
647 2767 777 2807 auro
808 2752 969 2806 oblita
996 2760 1181 2815 erant;
1213 2752 1571 2820 pavimentum
1613 2766 1741 2806 vero
1784 2753 2055 2807 tesserulis

475 2854 529 2897 et
557 2843 782 2912 getnmis
809 2842 1115 2896 distinctum
1141 2843 1563 2911 adornatumque
1584 2883 1598 2904 ,
1629 2843 1770 2911 quod
1797 2858 1940 2912 smpe
1970 2852 2052 2896 ta-

477 2937 688 3004 petibus
717 2934 1026 3003 operiebant
1044 2934 1391 3003 elegantibus.
1420 2935 1490 2988 lbi
1519 2935 1698 2989 videre
1717 2944 1832 2988 erat
1851 2935 2054 2989 colum-

474 3041 570 3079 nas
591 3039 915 3079 marmoreas
931 3025 1212 3094 aliquando
1231 3029 1378 3078 mirze
1401 3025 1794 3095 magnitudinis,
1827 3041 2051 3095 quarum

473 3118 718 3186 capitella
763 3132 955 3182 aurea;
1002 3118 1108 3171 imo
1154 3117 1436 3186 aliquando
1488 3126 1596 3171 tota
1641 3119 1886 3172 columna
1933 3127 2051 3172 erat

474 3211 650 3264 aureis
681 3209 890 3263 laminis
919 3219 1136 3280 operta;
1168 3218 1367 3262 statuas
1403 3223 1612 3278 quoque
1639 3208 1863 3263 vidisses
1890 3224 2050 3263 mauu

472 3302 818 3371 insigniorqu
849 3301 991 3356 illius
1015 3302 1112 3355 aevi
1141 3300 1403 3355 artificum
1432 3301 1715 3356 adornatas
1735 3343 1748 3366 ,
1772 3315 1903 3371 quas
1931 3301 2045 3371 qui-

470 3397 592 3450 dam
625 3396 794 3458 idola,
823 3396 911 3449 alii
943 3395 1216 3448 daemonas
1245 3395 1599 3464 appellabant.
1633 3394 1714 3448 Ad
1755 3393 1869 3448 tunc
1897 3402 2050 3450 erant

467 3487 709 3540 cubicula
743 3487 957 3556 picturis
982 3495 1034 3540 et
1058 3486 1274 3539 musicis
1299 3485 1546 3552 operibus
1574 3483 1839 3540 decorata.

539 3579 687 3634 Lecti
717 3593 925 3648 quoque
953 3587 1010 3632 ut
1050 3578 1332 3648 plurimum
1361 3592 1424 3631 ex
1453 3577 1643 3641 ebore,
1672 3577 1955 3646 aliquando
1985 3577 2050 3631 Ii-

468 3673 593 3739 guei
623 3681 675 3725 et
702 3671 967 3735 deaurati,
1010 3670 1090 3722 vel
1122 3670 1390 3740 argenteis
1415 3672 1540 3723 tecti
1573 3671 1817 3726 laminis:
1848 3672 1954 3725 imo
1980 3688 2047 3726 ex

467 3772 690 3833 argento
718 3779 849 3830 puro
872 3777 1016 3831 suape
1047 3763 1137 3815 toti
1167 3763 1502 3827 constabant,
1530 3763 1814 3832 multisque
1840 3764 1891 3817 in
1913 3765 2046 3818 locis

469 3856 699 3910 micabat
728 3869 935 3907 aurum.
959 3852 1291 3921 Opulentiatn
1317 3853 1443 3907 item
1475 3869 1718 3922 magnam
1745 3869 1850 3922 pra:
1879 3869 1938 3908 se
1965 3853 2046 3909 fe-

468 3945 621 4000 rebat
655 3953 758 3998 tota
786 3945 1056 4013 supellex;
1087 3943 1353 3998 cathedra:
1391 3959 1601 4014 quoque
1631 3953 1683 3999 et
1721 3945 1948 3999 scabella
1977 3961 2042 4000 ex

460 4036 629 4090 ebore
658 4043 809 4089 erant
839 4052 851 4087 :
885 4034 1084 4088 lebetes
1117 4036 1277 4101 item,
1310 4049 1433 4087 vasa
1453 4075 1469 4097 ,
1511 4036 1616 4088 imo
1662 4034 1790 4104 ipsa:
1831 4036 2044 4090 matula:

461 4141 530 4179 ex
560 4141 691 4180 auro
721 4126 799 4180 vel
826 4134 1047 4195 argento
1072 4124 1334 4179 conflatm.
1368 4125 1650 4180 Inter'btec
1677 4140 1802 4180 vasa
1841 4139 1896 4182 et
1935 4127 2039 4181 alia

461 4224 777 4270 ornamenta
811 4217 860 4269 in
890 4216 1059 4285 pretio
1108 4224 1264 4271 erant
1303 4215 1561 4272 Laconica
1589 4217 1848 4271 velamina
1873 4258 1888 4280 ,
1920 4233 2040 4286 quae

462 4307 593 4363 dicit
636 4307 1045 4379 Chrysostomus
1094 4307 1145 4361 in
1196 4307 1466 4377 penuariis
1516 4317 1782 4363 asservata
1835 4307 2035 4374 fuisse,

463 4402 759 4471 cductaque
801 4401 1026 4455 fortasse
1071 4401 1123 4455 in
1173 4400 1432 4456 conviviis
1485 4409 1540 4456 et
1589 4401 1707 4456 aliis
1754 4401 2036 4457 celebrita-

460 4494 622 4548 tibus.

534 4584 591 4638 In
619 4593 819 4638 tantum
851 4584 1032 4638 luxum
1061 4594 1113 4638 et
1142 4583 1331 4638 fastum
1374 4584 1675 4640 declamans
1710 4585 2032 4657 Chrysosto-

457 4689 615 4737 mus,
645 4675 808 4730 refert
848 4675 1042 4729 alicubi
1085 4675 1359 4730 historiam
1390 4677 1673 4746 Aristippi,
1716 4687 1772 4732 ut
1813 4678 2036 4732 habetur

460 4766 599 4836 apud
625 4765 907 4835 Diogenem
936 4766 1201 4820 Laertium
1227 4784 1242 4830 ;
1271 4767 1363 4820 sed
1395 4767 1552 4820 tacito
1594 4768 1757 4836 ipsius
1796 4768 2030 4822 nomine.

461 4856 740 4921 Narratur,
772 4858 959 4924 inquit,
985 4859 1268 4928 quempiam
1296 4859 1349 4912 in
1378 4859 1580 4912 domum
1611 4860 1928 4928 splendidam
1947 4877 2032 4915 ve-

456 4953 591 5004 nisse
629 4949 902 5020 fulgentem
931 4950 1260 5004 marmoribus
1286 4960 1333 5003 et
1363 4951 1714 5004 columnarum
1750 4953 2034 5022 pulchritu-

457 5041 607 5103 dine;
649 5055 763 5092 cunt
801 5050 966 5094 autem
1005 5042 1340 5110 pavimentum
1365 5043 1517 5095 etiam
1560 5043 1760 5097 uidisset
1787 5045 2034 5114 tapetibus

453 5143 700 5197 stratum,
741 5133 795 5186 in
839 5134 1018 5204 faciem
1043 5134 1232 5186 domini
1255 5135 1445 5188 wdium
1477 5135 1726 5204 conspuit.
1759 5135 2030 5207 ImprOpe-

455 5235 598 5278 rante
625 5236 788 5278 autem
819 5225 931 5291 illo,
957 5227 1273 5296 respondisse
1297 5243 1316 5280 :
1341 5228 1458 5298 quia
1484 5229 1537 5282 in
1562 5230 1704 5282 nulla
1728 5230 1832 5283 alia
1851 5229 2031 5285 domus

455 5326 598 5387 parte
634 5316 687 5369 id
716 5317 882 5386 facere
909 5317 1122 5383 licebat,
1151 5328 1377 5372 coactum
1416 5336 1469 5373 se
1506 5319 1664 5388 fuisse
1687 5321 1847 5374 vultui
1871 5321 2030 5390 ipsius

454 5408 586 5460 hanc
612 5409 965 5462 contumeliam
992 5408 1200 5478 inferre.

531 5497 624 5553 His
653 5513 782 5553 vero
809 5497 1103 5568 magnificis
1125 5499 1495 5567 opulentorum
1525 5500 1797 5554 hominum
1823 5499 2028 5555 aedibus

451 5590 717 5659 adjuncta:
743 5599 895 5644 erant
925 5591 1042 5643 latae
1068 5590 1301 5658 porticus
1322 5630 1337 5656 ,
1366 5591 1707 5662 aquzeductus
1729 5600 1785 5646 et
1810 5590 1984 5646 fontes
2008 5631 2024 5656 ,

451 5681 758 5734 suburbana
787 5678 972 5734 balnea
1001 5688 1056 5733 et
1083 5680 1411 5736 ambulacra.

520 5772 704 5842 Longe
746 5771 893 5838 plura
941 5769 1103 5826 refert
1152 5772 1218 5826 de
1261 5772 1624 5827 conviviorum
1655 5781 1708 5826 et
1748 5787 2020 5828 cmnarum

2185 476 2502 546 sumptibus.
2517 478 2713 535 Mensa:
2729 479 2952 536 formam
2972 491 3024 537 et
3035 491 3342 553 apparatum
3363 484 3620 557 depingit:
3635 498 3750 542 erat

2181 565 2270 619 illa
2301 568 2382 622 vel
2411 583 2542 624 auro
2568 570 2797 642 fulgens,
2827 574 2918 649 vel.
2938 583 3161 643 argento
3189 576 3552 638 circumtecta,
3583 577 3746 632 semio

2178 656 2484 723 circularis,
2518 670 2576 714 ut
2613 661 2700 714 illa
2737 677 2898 732 quam
2940 665 3102 735 sigma
3144 675 3300 719 vocat
3345 666 3633 729 Martialis,
3675 668 3740 721 ad

2179 743 2402 800 formam
2430 765 2620 818 nempe
2647 752 2810 806 litera:
2834 753 2893 815 C,
2917 770 3036 823 qua:
3064 763 3187 809 tunc
3211 758 3371 826 sigma
3392 759 3741 827 exprimebat,

2177 837 2488 892 concinnata
2515 840 2533 910 (
2558 840 2712 894 Temo
2741 844 3067 915 undecimo).
3099 843 3174 900 Ea
3217 862 3342 901 vero
3387 857 3542 902 tanta:
3588 851 3746 904 molis

2177 937 2311 989 erat,
2334 936 2392 982 ut
2420 929 2504 983 vix
2531 930 2636 984 duo
2657 933 3018 989 adolescentes
3047 935 3215 1005 ipsam
3244 954 3458 992 movere
3485 952 3698 1008 possent
3730 961 3743 995 :

2177 1019 2323 1072 molli
2353 1022 2587 1090 stragula
2615 1024 2843 1093 undique
2873 1027 3226 1092 sternebatur,
3264 1039 3322 1082 ut
3361 1028 3431 1083 ibi
3465 1031 3746 1085 commode

2175 1109 2414 1164 convivae
2455 1113 2848 1170 accumberent.
2884 1115 3019 1171 Vasa
3061 1120 3238 1172 omnia
3283 1135 3346 1174 ex
3385 1136 3515 1175 auro
3550 1123 3628 1176 vel
3654 1138 3744 1174 ar-

2174 1210 2334 1266 gento
2361 1218 2374 1254 :
2405 1200 2581 1270 phiala
2607 1220 2708 1259 una
2738 1213 2852 1260 erat
2887 1222 3045 1262 aurea
3082 1210 3258 1276 pondo
3296 1211 3497 1264 dimidii
3527 1213 3740 1279 talenti,

2174 1306 2332 1357 quam
2377 1292 2463 1347 vix
2511 1295 2614 1348 duo
2652 1295 2873 1365 juvenes
2921 1315 3136 1354 movere
3184 1312 3436 1369 possent:
3471 1303 3744 1372 amphora:

2173 1391 2350 1437 autem
2381 1399 2510 1440 auro
2547 1387 2888 1454 splendentes
2912 1391 3098 1445 ordine
3132 1392 3245 1446 site
3271 1394 3667 1462 comparebant.

2246 1473 2482 1529 Aderant
2502 1493 2712 1547 quoque
2740 1480 3004 1544 ministri,
3037 1498 3140 1534 non
3173 1483 3347 1538 minus
3377 1485 3549 1539 ornati
3577 1488 3744 1540 vesti-

2172 1563 2271 1620 bus
2313 1575 2369 1621 et
2413 1570 2687 1636 splendide
2728 1574 2934 1636 amicti,
2971 1574 3314 1646 anaxyridas,
3355 1593 3485 1647 quas
3526 1578 3742 1633 braccas

2170 1666 2362 1710 vocant
2387 1699 2402 1722 ,
2434 1661 2577 1714 laxas
2606 1662 2860 1718 habentes
2882 1703 2896 1728 ,
2923 1665 3033 1718 visu
3061 1666 3259 1734 pulchri
3279 1708 3295 1733 ,
3335 1667 3387 1721 in
3430 1669 3540 1738 ipso
3577 1673 3741 1724 (etatis

2170 1748 2296 1817 flore
2320 1750 2650 1818 luxuriantes,
2681 1754 2801 1809 bene
2830 1766 3005 1809 curata
3031 1766 3142 1811 cute
3169 1767 3214 1812 et
3241 1759 3384 1813 bona:
3406 1759 3736 1816 habitudinis.

2169 1838 2266 1895 Hic
2291 1841 2512 1896 vidisses
2542 1845 2699 1898 etiam
2732 1848 3052 1903 musicorum
3083 1851 3325 1918 turbam,
3358 1853 3542 1919 tibias,
3569 1856 3738 1909 citha-

2168 1947 2256 1986 ras
2284 1944 2338 1988 et
2364 1935 2584 2001 fistulas,
2625 1953 2721 1993 nec
2754 1939 2972 1996 deerant
3009 1954 3270 2012 unguenta
3305 1956 3360 1999 et
3392 1958 3622 2002 aromata
3655 1950 3738 2003 ln-

2167 2020 2306 2086 dica,
2339 2025 2584 2086 Arabica,
2619 2027 2848 2083 Persica.

2236 2113 2654 2183 Apponebantur
2681 2119 2974 2174 eduliorum
3002 2123 3302 2187 varietates,
3336 2125 3573 2182 ciborum
3600 2131 3736 2185 deli-

2165 2203 2261 2257 cia:
2290 2223 2302 2257 :
2331 2204 2397 2258 de
2422 2216 2674 2274 apparatu
2703 2207 3020 2265 ferculorum
3046 2213 3284 2282 quaulam
3311 2213 3443 2268 dixit
3466 2232 3569 2271 non
3591 2234 3729 2286 pne-

2167 2298 2524 2352 termittenda.
2577 2300 2651 2355 De
2699 2301 3097 2370 pulmentariis,
3155 2309 3374 2376 coquis,
3429 2325 3732 2366 mensarum

2163 2390 2532 2455 structoribus,
2560 2393 2924 2462 placentarum
2959 2395 3283 2461 artificibus,
3317 2399 3582 2468 phasianis
3620 2405 3732 2456 avi-

2162 2478 2262 2534 bus
2302 2482 2577 2552 loquutus,
2607 2484 2719 2540 btec
2756 2485 2942 2542 addit:
2978 2488 3136 2556 Quasi
3163 2492 3517 2561 rentpublicam
3551 2496 3733 2565 guber-

2160 2584 2334 2628 nantes
2361 2585 2406 2628 et
2434 2578 2592 2630 aciem
2618 2578 2915 2634 instruentes
2938 2623 2954 2648 ,
2991 2583 3062 2637 sic
3094 2593 3140 2636 et
3168 2586 3250 2638 isti
3285 2585 3379 2638 hoc
3415 2596 3464 2640 et
3505 2588 3596 2642 lioc
3621 2593 3732 2659 pri-

2161 2681 2320 2728 mum,
2350 2667 2444 2720 hoc
2468 2678 2514 2721 et
2541 2669 2635 2723 hoc
2663 2672 2935 2727 secundum
2968 2677 3275 2729 constituunt
3297 2694 3315 2730 ,ο
3336 2689 3382 2731 et
3411 2678 3500 2732 alii
3530 2681 3736 2749 quidem

2159 2758 2376 2824 primunt
2403 2776 2514 2814 aves
2548 2778 2703 2832 supra
2743 2764 2980 2819 carbones
3009 2783 3151 2820 assas
3172 2808 3185 2828 ,
3216 2768 3528 2838 piscibusque
3565 2775 3734 2840 [artas

2157 2846 2406 2913 oll'erunt;
2438 2852 2525 2903 alii
2555 2853 2657 2906 alia
2682 2855 2824 2907 initia
2854 2857 3294 2911 immoderatarum
3329 2877 3581 2914 canorum
3613 2873 3724 2916 sta-

2155 2947 2300 2992 tuunt
2328 2955 2348 2993 :
2378 2944 2629 3012 multaque
2648 2945 2781 2998 circa
2807 2946 2913 3000 luec
2950 2957 3024 3001 est
3057 2952 3356 3003 concertatio
3378 2994 3392 3016 ,
3433 2962 3480 3004 et
3511 2955 3575 3006 de
3599 2971 3731 3024 qua-

2156 3028 2317 3097 litate,
2344 3041 2390 3084 et
2411 3031 2473 3084 de
2498 3034 2675 3087 ordine
2693 3075 2708 3100 ,
2733 3045 2778 3088 et
2804 3037 2866 3090 de
2893 3040 3058 3105 copia.
3085 3039 3275 3094 Vinum
3304 3043 3462 3096 etiam
3493 3045 3726 3112 exquisi-

2154 3129 2266 3175 tum
2296 3125 2682 3192 apponebatur,
2723 3127 2816 3182 sed
2853 3129 3105 3184 Thasium
3147 3135 3469 3200 praesertim,
3517 3150 3610 3190 seu
3654 3153 3724 3192 ex

2154 3211 2326 3266 insula
2352 3214 2528 3269 Thaso
2555 3233 2569 3269 :
2592 3216 2732 3284 quod
2762 3219 2899 3286 apud
2928 3221 3220 3291 scriptores
3242 3234 3348 3278 tum
3373 3225 3586 3282 Graecos
3606 3237 3722 3282 tum

2151 3299 2370 3357 Latinos
2393 3305 2676 3360 admodum
2707 3309 3026 3364 celebratur.

2221 3393 2442 3461 Quando
2471 3397 2568 3450 viri
2597 3397 2668 3451 illi
2703 3407 2809 3452 tum
2835 3400 3121 3470 dignitate,
3152 3412 3260 3458 tum
3287 3408 3551 3475 opulentia
3585 3425 3721 3477 prae-

2149 3493 2368 3548 stantes,
2398 3487 2510 3540 sive
2535 3487 2586 3541 in
2612 3504 2768 3542 curru
2795 3505 2922 3544 auro
2950 3491 3182 3560 fulgente
3200 3536 3212 3556 .
3244 3495 3358 3550 sive
3379 3511 3517 3569 equo
3545 3502 3676 3555 vecti
3701 3545 3713 3563 ,

2149 3577 2301 3644 cujus
2331 3575 2536 3630 frcmtm
2563 3593 2780 3633 aureum
2803 3622 2818 3645 ,
2847 3597 2940 3650 per
2960 3583 3142 3637 urbem
3165 3585 3248 3638 vel
3279 3586 3328 3638 in
3360 3585 3475 3641 foro
3505 3588 3718 3645 incede-

2148 3665 2307 3733 bant,
2359 3669 2576 3738 przeibat
2625 3686 2826 3739 prarco,
2879 3673 3022 3726 cultu
3068 3676 3354 3731 instructus
3400 3681 3710 3749 magnifico,

2149 3759 2238 3828 qui
2280 3758 2560 3814 adventum
2606 3761 2718 3815 heri
2757 3763 3039 3817 nuntiaret.
3071 3765 3184 3833 Ipse
3212 3782 3337 3820 vero
3367 3767 3542 3824 balteo
3569 3786 3708 3840 pra:-

2147 3851 2351 3903 cinclus
2375 3859 2428 3904 et
2457 3850 2638 3905 multis
2659 3853 2883 3920 stipatus
2908 3854 3198 3920 lictoribus,
3220 3857 3307 3926 qui
3337 3857 3540 3925 plebem
3559 3877 3710 3915 arce-

2147 3948 2297 4003 rent,
2343 3943 2572 4008 superbe
2613 3943 2897 4012 gradiens,
2946 3945 3214 4000 clientium
3258 3957 3312 4001 et
3356 3951 3709 4018 parasitorum

2147 4028 2298 4082 turba
2326 4030 2687 4100 cingebantur.

2218 4118 2292 4173 De
2324 4121 2602 4176 mulierum
2631 4133 2850 4187 ornatu,
2885 4125 3018 4180 fastu
3046 4137 3100 4182 et
3127 4128 3257 4183 luxu
3284 4129 3714 4201 frequentissime

2143 4211 2250 4280 agit
2281 4211 2713 4284 Chrysostomus.
2735 4215 2970 4272 Ornatus
3009 4219 3322 4288 mulierum,
3373 4223 3540 4291 inquit
3584 4225 3713 4292 ille,

2143 4315 2268 4360 sunt
2291 4308 2414 4360 torti
2444 4308 2637 4374 crines,
2669 4309 2882 4364 inaures
2910 4322 3322 4382 ornamentaque
3347 4314 3448 4366 alia
3479 4315 3532 4368 in
3553 4320 3715 4384 genis

2141 4406 2198 4454 et
2233 4398 2414 4454 collo:
2447 4399 2551 4453 fuci
2592 4407 2648 4454 et
2685 4402 2950 4470 pigmenta
2997 4403 3296 4466 oculorum,
3353 4404 3454 4458 fuci
3483 4409 3609 4460 item
3654 4419 3715 4462 et

2141 4493 2406 4563 pigmenta
2433 4507 2705 4562 genarum,
2736 4505 2912 4548 vestes
2935 4510 3064 4548 auro
3088 4495 3399 4560 intertexto,
3437 4497 3718 4565 palliolum

2139 4584 2297 4653 capiti
2325 4584 2663 4653 impositum;
2692 4600 2879 4639 manus
2908 4586 3234 4640 extrinsecus
3271 4586 3566 4652 deaurataz,
3597 4591 3718 4644 cal-

2141 4691 2268 4730 ceus
2295 4676 2446 4745 nigro
2474 4677 2652 4728 colore
2695 4677 2916 4729 multum
2947 4674 3183 4745 fulgens,
3217 4677 3267 4730 iu
3297 4692 3516 4732 acumen
3557 4678 3714 4733 desi-

2141 4782 2274 4822 nens
2331 4775 2386 4820 et
2449 4765 2765 4836 picturarum
2806 4765 3052 4820 decorem
3120 4765 3350 4819 imitans.
3395 4766 3534 4821 Alibi
3578 4783 3721 4823 vero

2137 4858 2299 4913 dicit:
2320 4857 2562 4911 Mulieres
2590 4856 2760 4909 mulos
2779 4856 2928 4910 albos
2950 4855 3276 4926 quaerebant,
3295 4863 3350 4910 et
3371 4855 3516 4911 frena
3536 4857 3714 4914 deau-

2137 4958 2250 5004 rata
2275 4991 2290 5012 ,
2332 4948 2641 5018 obsequium
2680 4947 3073 5014 cunuchorum,
3112 4962 3356 5017 magnum
3388 4948 3718 5004 ancillarum

2137 5055 2350 5112 gregem
2377 5049 2431 5093 et
2458 5053 2703 5108 pompam
2733 5036 3030 5091 ridiculam.

2207 5131 2586 5186 Adolescentes
2619 5143 2827 5199 quoque
2865 5129 3093 5198 exagitat
3133 5127 3362 5196 superbe
3401 5134 3619 5196 agentes
3659 5129 3722 5184 in

2136 5224 2272 5288 foro,
2299 5238 2419 5280 cum
2447 5222 2768 5286 hominibus,
2790 5221 2880 5292 qui
2903 5220 3222 5291 sumptuosis
3238 5228 3292 5274 et
3306 5218 3600 5290 magnificis
3614 5235 3719 5273 ve-

2133 5319 2307 5374 stibus
2345 5316 2514 5388 operti
2557 5324 2726 5370 erant.
2763 5313 2925 5368 Iidem
2950 5329 3079 5368 vero
3105 5312 3470 5367 adolescentes
3490 5308 3717 5367 calceos

2134 5423 2262 5465 suos
2289 5407 2394 5464 filis
2418 5407 2606 5463 sericis
2636 5414 2690 5462 et
2715 5420 2848 5460 auro
2873 5403 3220 5459 exornabant.

2515 5542 2768 5598 Circenses
2793 5539 2919 5606 ludi,
2949 5537 3329 5609 hippodromus.

2206 5679 2285 5732 Ad
2313 5678 2514 5732 circum
2542 5685 2599 5730 et
2637 5672 3043 5744 hippodromum
3086 5685 3144 5724 se
3178 5667 3420 5722 conferre
3463 5664 3731 5719 solebant

2141 5773 2510 5840 Imperatores.
2535 5779 2590 5824 ut
2619 5768 2858 5824 ludorum
2881 5775 2933 5822 et
2959 5776 3249 5835 pugnarum
3277 5767 3603 5830 spectatores
3629 5774 3727 5812 es-
