3864 6400
133 401 194 451 ss
869 385 1034 457 ous;
1070 383 1138 440 IN
1174 376 1510 439 OPERIBUS
1545 375 1682 430 cna

1802 371 2018 428 lS’l‘OMl
2056 370 2579 428 osssnvanrun.
3277 352 3350 404 84

123 515 248 568 sctit,
273 510 328 555 et
355 507 486 554 ante
512 512 606 553 eos
629 493 720 565 qui
751 489 1000 545 certaturi
1029 491 1200 543 erant,
1230 491 1474 536 coronas,
1498 471 1686 528 'ln-avia

120 610 166 652 et
203 596 526 650 vestimenta
577 584 775 657 exponi
820 580 1094 636 curabant.
1146 574 1202 628 lit
1253 567 1512 640 gvmtticis
1561 577 1690 618 vero

118 683 492 740 certaminibus
518 679 752 734 victores
779 672 865 726 vel
890 669 1024 724 olcze
1052 664 1136 719 vel
1175 661 1312 716 lauri
1340 657 1504 712 ramis
1529 667 1689 709 coro-

117 779 389 832 nabaotur.

174 868 269 934 Qui
297 867 354 919 in
387 859 713 934 spectaculis
735 849 1064 911 circensibus
1086 848 1392 904 currebant,
1420 849 1475 892 et
1493 849 1688 934 nomen

115 968 162 1014 ct
184 927 369 1028 genus
412 927 471 1009 et
512 949 739 1022 patriam
783 954 837 1000 et
863 939 1231 996 educationem
1258 943 1514 1028 eiii—torum
1548 927 1686 1028 scie-

118 1015 247 1112 bani,
274 1054 332 1100 et
359 1015 530 1114 quani
555 1037 832 1094 victoriam
859 1027 1270 1101 reportavissent
1293 1020 1474 1114 (Tomo
1496 1015 1684 1085 tertio).

114 1111 593 1193 Cursores'autem
638 1128 717 1184 illi
760 1129 1025 1180 circenses
1073 1117 1138 1170 ad
1177 1115 1348 1169 solum
1395 1111 1686 1180 Imperato-

117 1246 211 1283 rem
240 1223 628 1286 attendebant,
659 1219 884 1273 aliorum
909 1227 1040 1266 vero
1070 1209 1282 1278 plausus
1306 1218 1410 1256 non
1438 1201 1506 1254 ita
1533 1212 1686 1252 cura-

117 1323 243 1372 bant.
271 1317 450 1371 Tanta
497 1321 677 1367 autem
721 1314 838 1363 erat
883 1301 1061 1373 populi
1113 1293 1440 1365 frequentia,
1477 1301 1532 1344 ut
1579 1303 1684 1342 non

114 1413 269 1466 circus
290 1407 483 1471 modo,
509 1403 604 1460 sed
625 1402 785 1457 etiam
805 1397 978 1452 vicina
997 1390 1290 1454 emtiactila,
1312 1385 1520 1447 domus,
1544 1388 1686 1436 tecta

116 1500 498 1574 spectatoribus
542 1496 696 1566 plena
740 1496 937 1546 essent.
975 1484 1114 1539 Inter
1149 1486 1475 1550 spectatores
1507 1483 1684 1528 autem

118 1594 413 1650 meretrices
437 1597 597 1645 erant
623 1593 679 1640 et
705 1581 855 1653 pueri
881 1577 1088 1632 molles.

171 1685 490 1755 Agonalium
515 1675 868 1734 certaminum
888 1660 1308 1755 spectatores,_si
1327 1656 1537 1755 quando
1557 1662 1688 1708 stre-

117 1746 258 1830 unum
305 1772 574 1828 athletam
598 1767 708 1836 jam
735 1769 1045 1818 coronatum
1098 1751 1356 1808 accedere
1402 1746 1682 1836 viderent,

117 1860 283 1921 omnes
324 1833 720 1923 accurrebant,
759 1862 819 1907 ut
844 1853 960 1920 ejus
1003 1859 1240 1917 pugnas,
1277 1848 1476 1901 artem,
1523 1833 1686 1891 robur

115 1968 336 2029 spectare
379 1959 628 2026 possent.
661 1947 717 2001 In
764 1939 1115 2012 hippodromo
1152 1939 1427 1989 currentes
1462 1927 1600 2029 inter
1625 1939 1686 1980 se

114 2016 309 2106 sirenae
340 2016 759 2101 concertabant,
795 2045 848 2090 et
872 2032 960 2085 alii
991 2029 1217 2082 aliorum
1244 2035 1432 2078 currus
1464 2016 1686 2073 subver-

115 2153 207 2197 tere
232 2139 596 2195 conabantur.
626 2131 738 2185 llac
757 2127 826 2182 dc
855 2140 913 2180 re
942 2120 1262 2192 singularem
1298 2127 1482 2169 casum
1524 2107 1687 2165 refert

114 2235 515 2306 Cbrysostomus
543 2223 726 2294 (Tomo
770 2215 1087 2306 duodecimo)
1113 2229 1126 2265 :
1149 2207 1322 2306 Caedes
1341 2246 1356 2268 ,
1390 2202 1591 2304 inquit,
1619 2201 1685 2306 .in

113 2291 433 2395 hippodromo
465 2291 578 2370 lteri
605 2319 825 2377 patrata,
851 2304 1094 2376 tragoedia
1121 2299 1294 2395 urbem
1322 2305 1478 2395 totam
1504 2291 1686 2395 imple-

110 2386 195 2479 rit,
220 2411 502 2468 mulierum
546 2406 726 2460 choros
753 2403 941 2456 circum
966 2393 1212 2457 attraxit,
1245 2393 1411 2462 forant
1454 2386 1685 2479 lamentis

109 2476 258 2558 multis
285 2502 503 2573 replevit
523 2541 538 2563 ,
565 2497 686 2550 dum
713 2495 756 2546 is
782 2492 868 2564 qui
901 2481 1187 2573 a‘currib'us
1228 2483 1300 2534 ita
1339 2476 1686 2532 miserabiliter

109 2599 318 2651 concisus
345 2567 396 2647 et
427 2593 710 2658 discerptus
734 2588 923 2654 fuerat.
955 2567 1044 2648 per
1068 2573 1290 2628 medium
1319 2575 1488 2640 forum
1521 2575 1686 2637 gesta-

108 2703 242 2745 ntur.
276 2687 382 2742 Hic
400 2726 420 2753 ,
448 2693 506 2738 ut
545 2681 660 2735 novi
678 2719 694 2745 ,
733 2676 819 2747 qui
859 2670 1103 2742 postridie
1131 2663 1384 2737 nuptiales
1411 2660 1680 2753 lampadas

106 2750 561 2838 accepturus—erat,
586 2786 703 2825 cum
729 2764 963 2838 apparati
994 2758 1206 2815 thalami
1236 2763 1418 2820 essent,
1441 2760 1487 2806 et
1515 2750 1684 2804 omnia

107 2878 160 2928 ad
193 2873 404 2940 nuptias
442 2865 774 2921 concinnata,
806 2856 897 2910 sub
924 2850 1170 2925 praeconis
1211 2846 1388 2902 ordine
1428 2845 1482 2897 in
1519 2843 1684 2940 stadio

107 2933 509 3020 locum-habens,
535 2970 649 3008 cum
675 2953 813 3022 infra
840 2951 1091 3005 curreret,
1121 2936 1420 2994 instantibus
1455 2933 1680 3003 aurigis,

108 3075 147 3116 et
167 3066 338 3112 mutuo
364 3044 774 3107 concertantibus
793 3081 810 3106 ,
832 3038 1026 3093 medius
1049 3036 1350 3100 interceptus
1369 3069 1384 3092 ,
1413 3027 1683 3081 violentam

108 3150 234 3203 illam
270 3156 319 3200 et
359 3138 705 3196 miserabilem
745 3139 954 3186 mortem
979 3126 1149 3191 subiit,
1179 3122 1342 3191 capite
1369 3128 1416 3173 et
1450 3123 1683 3172 extremis

112 3242 333 3297 membris
361 3233 627 3290 abscissis.
1127 3309 1138 3313 _
1667 3299 1681 3313 .

170 3333 264 3402 Qui
307 3336 503 3384 autem
546 3322 600 3376 in
649 3316 822 3374 stadio
859 3312 1024 3368 multa
1056 3309 1273 3363 vulnera
1301 3309 1606 3402 acceperat,
1636 3309 1682 3355 Si

117 3394 379 3480 vicioriam
429 3416 738 3477 obtineret,
783 3423 904 3462 cum
954 3405 1140 3476 plausu
1185 3399 1403 3454 domum
1453 3394 1682 3450 deduce-

117 3517 251 3572 batur
278 3511 474 3585 (Tomo
503 3504 710 3576 primo).

703 3607 956 3681 Ulumpici
979 3605 1106 3661 ludi.

174 3779 450 3853 Olympica
492 3774 783 3827 certamina
830 3759 1194 3833 Chrysostomi
1242 3769 1359 3811 sevo
1399 3751 1684 3853 admodum

119 3846 340 3940 riguisse
355 3866 635 3927 videntur,
664 3868 718 3912 et
737 3871 856 3911 cum
878 3858 1135 3923 apparatu
1155 3850 1386 3902 maximo
1411 3846 1686 3913 praemisso

121 3935 367 4019 celebrata
422 3957 590 4010 fuisse
619 3947 822 4020 (Tomo
859 3939 1068 4012 tertio).
1101 3938 1164 3992 In
1218 3936 1494 4008 Olympicis
1555 3935 1686 3987 enim

119 4052 501 4113 certaminibus,
542 4043 712 4113 inquit
756 4039 881 4101 ille,
924 4044 1036 4106 post
1079 4033 1284 4102 triginta
1322 4030 1427 4082 dies
1469 4028 1524 4080 in
1566 4027 1687 4080 urbe

120 4152 405 4205 transaclos,
434 4139 490 4191 in
518 4130 811 4189 suburbium
837 4127 953 4180 illos
981 4123 1183 4179 eductos
1219 4119 1615 4178 circumueliunt,
1641 4124 1688 4169 et

119 4250 199 4291 toto
220 4237 433 4291 sedente
457 4229 656 4281 theatro
681 4221 868 4276 clamat
896 4231 1061 4287 prisco
1083 4230 1104 4268 :
1135 4211 1274 4266 Nunt
1309 4211 1419 4282 quis
1445 4210 1577 4262 hunc
1596 4224 1687 4260 ac-

120 4339 238 4382 cusat
249 4327 276 4380 .9
292 4323 381 4379 Ita
400 4331 458 4375 ut
481 4316 619 4373 omni
633 4311 826 4369 servilis
841 4305 1140 4362 conditionis
1155 4302 1437 4372 suspicione
1451 4300 1684 4367 depulsa,

119 4423 157 4472 is
179 4415 463 4472 certamina
489 4409 666 4478 pedem
688 4405 893 4474 inferat.
918 4399 1048 4452 Rem
1077 4393 1271 4450 clarius
1295 4393 1420 4446 alibi
1455 4391 1690 4460 explicat

122 4509 192 4577 [τ.
220 4500 558 4565 duodecimo)
586 4538 598 4550 .
618 4489 978 4562 anlympicis
1011 4484 1361 4577 certaminibus
1395 4489 1491 4534 stat
1525 4495 1690 4550 praeco

121 4575 286 4672 inagna
322 4609 450 4650 uoce
491 4589 718 4643 clamans
742 4599 760 4637 :
783 4578 1045 4646 Numquid
1087 4575 1269 4644 aliquis
1310 4588 1421 4626 eum
1448 4579 1686 4635 accusat,

119 4664 228 4748 sitne
249 4702 456 4749 servus,
488 4690 576 4735 aut
605 4679 708 4748 fur,
736 4683 822 4728 aut
842 4672 991 4726 malis
1015 4664 1276 4721 moribus?

173 4779 582 4854 Olympieorum
615 4767 864 4823 ludorum
889 4757 1184 4854 athletae—in
1213 4755 1420 4854 theatro
1439 4752 1694 4854 nudista-

123 4842 258 4933 bant:
291 4842 468 4924 radiis
493 4859 754 4916 solaribus
783 4851 1006 4923 expositi
1042 4847 1240 4919 (Tomo
1267 4845 1429 4915 primo
1463 4855 1508 4896 et
1534 4842 1692 4897 Tomo

121 4965 310 5034 tertio).
357 4959 710 5029 Spectatores
749 4956 926 5002 autem
968 4958 998 4997 a
1039 4940 1212 4996 media
1261 4946 1417 4992 nocte
1440 4933 1508 4990 ad
1530 4935 1693 4990 meri-

120 5058 250 5110 diem
266 5031 578 5107 sedebant,
599 5051 656 5095 ut
682 5037 928 5091 viderent
955 5031 1039 5087 cui
1059 5044 1253 5085 corona
1278 5041 1493 5082 cessura
1530 5034 1691 5080 esset.

127 5147 300 5201 Nonne
323 5138 510 5195 uidetis
537 5176 554 5200 ,
596 5129 768 5199 inquit
796 5123 978 5197 (Tomo
1005 5117 1210 5192 primo),
1231 5119 1284 5171 in
1310 5115 1588 5188 Olympicis
1614 5127 1718 5167 cer.

127 5239 390 5293 tamiuibus
410 5273 426 5295 ,
457 5229 582 5282 dum
609 5222 774 5293 capite
799 5232 1035 5272 coronam
1057 5223 1276 5284 gestans,
1309 5209 1523 5264 amictus
1544 5205 1694 5270 stola,

125 5336 304 5400 rirgam
319 5339 483 5381 manu
507 5329 679 5374 tenens
698 5310 997 5385 agonotlteta
1018 5322 1108 5375 per
1126 5302 1699 5400 forumincedilt,quan.ta

131 5388 552 5490 sildtranquillt'las
572 5417 619 5461 et
643 5403 916 5465 modestia,
939 5399 1061 5451 dum
1097 5409 1262 5466 prisco
1289 5406 1407 5447 uoce
1438 5388 1698 5443 denuntiat

135 5489 366 5568 “omnes
397 5507 584 5560 sileant
609 5515 672 5553 ac
702 5497 932 5550 decenter
955 5489 1230 5561 quiescant.

187 5605 263 5660 Es
291 5593 698 5672 spectatoribus
724 5601 851 5641 vero
886 5584 976 5637 alii
1021 5581 1167 5672 aliis—
1184 5575 1398 5672 athletis
1426 5572 1698 5672 favebant,

133 5711 180 5753 ut
201 5698 252 5752 io
276 5663 395 5766 pari
421 5701 556 5745 casu
583 5681 894 5748 contingere
919 5674 1054 5728 solct
1079 5673 1096 5739 (
1125 5669 1285 5724 Tomo
1315 5663 1537 5738 primo).
1569 5663 1702 5762 Tota

133 5761 297 5843 autem
323 5793 485 5840 nocte
528 5788 710 5848 praeco
737 5765 1020 5824 admodum
1051 5761 1309 5816 sollicitus
1337 5766 1470 5819 erat,
1494 5769 1560 5809 ne
1582 5761 1701 5822 quis

1795 486 1859 524 ex
1889 471 2214 524 certantibus
2241 485 2513 541 egressus,
2555 471 2803 526 indecore
2835 485 2894 526 sc
2931 481 3157 542 gereret.
3195 472 3362 545 Magi-

1793 571 1894 616 ster
1929 577 2044 616 vero
2089 562 2232 636 ludi,
2279 561 2670 634 inquit(Tomo
2717 564 2995 633 secundo),
3033 564 3160 634 foris
3186 565 3357 618 consi-

1794 643 1938 717 dens,
1963 654 2278 708 sermonibus
2293 653 2441 720 affert
2465 655 2730 720 auxilium,
2745 716 2749 720 _
2763 663 3063 724 eatenusque
3097 654 3362 708 dumtaxat

1793 752 2064 796 certantem
2077 746 2225 813 juvat
2243 746 2530 811 {quatenus
2555 745 2997 811 acclamationibus
3025 744 3363 798 sermonibus-

1792 849 1888 902 que
1906 833 2035 887 valet
2057 849 2076 888 :
2107 850 2264 904 neque
2295 836 2426 889 enim
2452 836 2558 888 ulla
2587 840 2632 888 ei
2665 836 2772 905 lege
2810 837 3112 906 permittitur
3154 838 3362 908 propius

1793 925 2024 977 assistere
2051 935 2098 977 et
2121 926 2561 996 inanibusjuvare.
2587 925 2653 979 In
2686 926 2962 997 Olympicis
2983 927 3358 991 certaminibus,

1791 1013 1866 1066 ait
1895 1013 2017 1078 ille,
2041 1014 2273 1081 luctator,
2316 1016 2491 1085 pugil,
2533 1008 2874 1085 pancratiasta
2907 1016 3114 1071 diversis
3157 1017 3361 1088 quidem

1793 1104 2094 1173 temporibus
2109 1114 2357 1160 certamen
2373 1108 2602 1169 subeunt,
2625 1108 2712 1160 sed
2729 1122 2830 1159 uno
2851 1107 3088 1176 temporis
3109 1117 3360 1160 momento

1791 1197 1876 1265 qui
1904 1209 2204 1268 superarunt
2229 1215 2399 1253 omnes
2427 1216 2458 1252 a
2482 1215 2711 1269 praecone
2736 1200 2942 1254 victores
2971 1200 3360 1270 pronuntiantur

1793 1286 1813 1357 (
1829 1285 1982 1341 Tomo
2005 1289 2197 1362 tertio),

2241 1423 2569 1478 Theatrorum
2595 1426 2896 1495 spectacula.

1862 1551 1929 1608 In
1952 1554 2178 1621 theatro,
2206 1557 2374 1624 inquit
2404 1556 2422 1626 (
2452 1557 2606 1611 Tomo
2633 1551 2842 1627 septimo
2864 1557 2905 1625 ),
2931 1557 3177 1612 uelamina
3201 1559 3360 1612 multa

1789 1653 1938 1708 sunt,
1977 1646 2219 1713 multique
2255 1648 2438 1702 scenici
2476 1649 2689 1718 ingrcssi
2715 1647 3061 1702 histrionicum
3092 1650 3283 1702 laruam
3306 1649 3360 1702 in

1789 1735 1930 1788 vultu
1974 1737 2176 1803 habent,
2222 1747 2435 1792 ueterem
2463 1739 2690 1810 fabulam
2729 1748 2966 1801 tractant,
2994 1756 3169 1810 resque
3195 1751 3360 1810 gestas

1789 1839 2032 1896 narrant,
2076 1839 2125 1884 et
2166 1831 2298 1886 alius
2338 1831 2538 1902 quidem
2584 1831 2938 1901 philosOphum
2963 1831 3089 1903 agit,
3117 1832 3250 1887 alius
3273 1849 3357 1886 re-

1788 1936 1921 1991 gem,
1948 1930 2052 1976 etc.

1859 2012 2054 2066 Contra
2081 2011 2358 2068 theatralia
2383 2028 2511 2068 vero
2540 2011 2840 2083 spectacula
2880 2021 3138 2083 perpetuo
3176 2011 3358 2068 decla-

1788 2110 1898 2156 mat
1919 2102 2361 2174 Cbrysostomus;
2386 2113 2440 2158 et
2469 2103 2590 2173 jure
2628 2103 2840 2174 quidem
2860 2109 3018 2174 ,fnon
3040 2103 3199 2157 modo
3236 2104 3358 2173 quia

1790 2193 2078 2248 theatrales
2107 2210 2284 2248 scenae
2313 2210 2407 2264 per
2433 2210 2492 2249 se
2510 2194 2844 2263 juventutem
2869 2193 2936 2248 ad
2959 2194 3173 2248 mollem
3199 2196 3358 2247 vitam

1787 2292 1842 2338 et
1867 2284 2154 2340 dissolutos
2179 2301 2355 2340 mores
2383 2287 2653 2340 attrahere
2681 2285 2886 2351 solent,
2917 2283 3013 2340 sed
3048 2287 3208 2339 etiam
3237 2285 3359 2357 quia

1791 2383 1915 2431 tunc
1945 2377 2200 2445 temporis
2225 2377 2370 2432 nulla
2396 2377 2449 2431 in
2475 2377 2696 2433 theatris
2721 2385 2837 2432 erat
2861 2375 3079 2446 pudoris
3106 2391 3234 2432 cura
3255 2417 3271 2440 ,
3301 2387 3360 2430 ut

1787 2482 1910 2520 mox
1944 2468 2225 2523 videbitur.
2975 2503 2977 2506 ‹
3239 2463 3250 2473 ’

1858 2557 2002 2612 Alius
2018 2559 2218 2626 juvenis
2259 2576 2372 2613 cum
2416 2560 2510 2622 sit,
2533 2559 2606 2614 ait
2636 2559 2724 2614 illc
2755 2557 2953 2629 (Tomo
2978 2557 3250 2627 septimo),
3273 2574 3361 2612 co-

1787 2663 1922 2699 mam
1943 2658 2074 2701 retro
2102 2649 2360 2702 reductam
2390 2649 2557 2713 liabet,
2581 2659 2628 2702 et
2653 2657 2890 2702 naturam
2913 2648 3078 2716 ipsam
3100 2646 3359 2714 e/Tenu'nat

1787 2749 2010 2806 aspectu,
2033 2739 2228 2804 habitu,
2257 2739 2580 2805 vestimentis,
2608 2738 2808 2791 demum
2825 2737 3081 2800 omnibus,
3105 2739 3356 2808 formant-

1786 2845 1883 2898 que
1908 2839 2088 2883 tenerce
2111 2830 2292 2900 puella:
2319 2826 2542 2896 affectat.
2575 2829 2718 2882 Alius
2740 2843 2855 2882 vero
2882 2843 3034 2882 senex
3052 2844 3079 2881 e
3103 2829 3358 2882 contrario

1787 2919 1986 2989 capillis
2013 2920 2258 2974 nouacula
2286 2920 2500 2984 abrasis,
2526 2900 3034 2975 renibus.succinctus
3050 2960 3067 2986 ,
3095 2930 3360 2989 postquam

1789 3009 2031 3079 pudorem
2059 3021 2176 3064 ante
2201 3010 2414 3080 capillos
2437 3011 2668 3075 succidit,
2701 3018 2799 3063 stat
2822 3009 2890 3062 ad
2909 3008 3090 3079 alapas
3109 3009 3362 3079 accipien-

1787 3101 1899 3166 das,
1923 3110 1970 3154 et
1989 3102 2056 3154 ad
2075 3102 2244 3155 omnia
2270 3102 2484 3156 dicenda
2504 3100 2835 3170 faciendoque
2859 3110 3086 3170 paratus.
3119 3098 3361 3154 illulieres

1786 3202 1952 3246 autem
1980 3193 2115 3248 nudo
2143 3194 2306 3263 capite
2325 3235 2342 3260 ,
2369 3194 2505 3248 onmi
2535 3193 2684 3246 misso
2711 3192 2922 3256 rubore,
2951 3199 3086 3244 stant
3116 3191 3361 3260 populum

1786 3284 2112 3355 alloquentes,
2152 3293 2344 3338 tantum
2383 3283 2612 3337 uidelicet
2653 3281 2978 3350 impudentia:
3013 3281 3234 3335 studium
3261 3281 3360 3334 Ita-

1785 3373 1973 3440 bentes,
2002 3392 2294 3444 omnemque
2321 3375 2650 3445 petulantiam
2669 3383 2717 3428 et
2732 3374 2989 3427 lasciviam
3005 3374 3056 3426 in
3073 3373 3362 3428 auditorum

1786 3465 1982 3519 animos
2025 3465 2364 3536 infundentes.
2414 3464 2558 3518 Illud
2599 3480 2758 3518 unum
2798 3464 3019 3517 studium
3057 3461 3275 3527 habent,
3303 3473 3359 3518 ut

1787 3556 2064 3609 castitatem
2083 3572 2278 3609 omnem
2298 3555 2538 3609 radicitus
2559 3554 2791 3616 evellant,
2815 3564 3047 3606 naturam
3071 3553 3356 3623 deturpeut,

1787 3647 1911 3700 ntali
1937 3646 2182 3701 daemonis
2205 3630 2656 3716 concupiscentiam
2675 3645 2929 3714 expleant.
2955 3642 3094 3697 Nam
3113 3644 3194 3698 hic
3212 3645 3360 3699 verba

1789 3739 2037 3801 obscaena,
2061 3739 2260 3793 habitus
2287 3739 2512 3803 ridiculi,
2536 3748 2743 3792 tonsura
2767 3737 2968 3801 similis,
3001 3738 3240 3801 incessus,
3273 3753 3356 3793 tie-

1789 3831 1954 3893 stitus,
1984 3847 2100 3897 vos,
2127 3831 2459 3884 membrorum
2479 3828 2732 3894 mollities,
2755 3828 3014 3882 oculorum
3036 3828 3358 3892 inversiones,

1789 3920 1975 3988 fistulae
1992 3961 2008 3985 ,
2035 3920 2198 3984 tibiai,
2226 3921 2456 3974 dramata
2476 3961 2492 3984 ,
2520 3928 2842 3991 argumenta,
2873 3920 3139 3988 omniaque
3161 3918 3364 3973 demum

1790 4021 2023 4065 extreme
2047 4012 2262 4066 lasciviae
2286 4013 2433 4082 plena
2457 4019 2594 4066 sunt.

1865 4104 1919 4156 In
1949 4103 2158 4158 theatro
2192 4103 2328 4158 uides
2352 4103 2610 4156 mulierem
2643 4101 2779 4154 nudo
2825 4101 2988 4170 capite
3031 4115 3147 4153 cum
3193 4101 3361 4169 impu-

1791 4195 1960 4250 dentia
1985 4211 2169 4266 magna
2214 4195 2510 4256 intrantem,
2546 4193 2711 4245 aureis
2756 4192 2984 4245 indutam
3033 4192 3362 4255 uestimentis,

1793 4288 2006 4342 delicato
2061 4286 2297 4356 mollique
2330 4301 2504 4356 gressu
2545 4293 2797 4349 utentem,
2849 4283 3044 4337 cantica
3087 4283 3363 4336 meretricia

1794 4387 2052 4432 canentem
2071 4419 2088 4444 ,
2113 4379 2339 4432 carmina
2387 4377 2576 4431 lubrica
2594 4417 2609 4441 ,
2646 4377 2816 4446 turpia
2841 4376 2989 4430 uerba
3032 4380 3368 4445 proferentem

1795 4470 1976 4540 (Tomo
2001 4470 2186 4539 sexto).

1864 4563 2028 4618 Nudae
2051 4564 2210 4619 etiam
2241 4562 2490 4618 mulieres
2533 4562 2585 4616 in
2622 4560 2844 4616 theatris
2885 4559 3263 4630 comparebant
3311 4569 3367 4616 et

1795 4655 2079 4726 aliquando
2105 4663 2351 4711 natantes
2393 4655 2412 4726 (
2437 4653 2596 4709 Tomo
2621 4655 2834 4724 septimo
2855 4656 2873 4725 )
2895 4670 2909 4709 :
2934 4655 3227 4726 puellaeque
3264 4653 3373 4711 sal-

1799 4761 1973 4806 tantes
1995 4749 2188 4807 ibidcm
2219 4750 2524 4805 visebantur
2543 4748 2812 4820 (Ibidem).

2404 4863 2733 4917 Funambuli.

1805 4980 1808 4984 '
1875 4971 2178 5025 Funambuli
2203 4971 2288 5041 qui
2322 4985 2409 5040 per
2439 4971 2608 5039 funem
2653 4967 2716 5021 ab
2757 4967 2859 5020 imo
2895 4967 2947 5020 in
2974 4965 3133 5020 altum
3177 4977 3372 5019 tensum

1800 5065 2066 5119 ascendere
2087 5079 2148 5116 ac
2176 5061 2472 5115 descendere
2516 5059 2840 5121 meditantur,
2870 5057 2915 5110 si
2963 5056 3232 5127 paululum
3273 5055 3367 5109 de-

1801 5156 2044 5224 flexerunt
2065 5153 2222 5206 oculis
2245 5192 2260 5212 ,
2291 5146 2485 5204 inverso
2511 5164 2719 5218 corpore
2755 5148 3046 5218 deferuntur
3089 5147 3144 5200 in
3193 5147 3370 5200 orche-

1805 5257 1956 5300 stram
1979 5253 2279 5316 pereuntque
2307 5241 2489 5312 (Tomo
2512 5240 2692 5310 sexto).

1877 5334 2184 5389 Funambuli
2224 5349 2312 5402 per
2348 5333 2518 5401 funem
2551 5339 2806 5386 extensum
2849 5329 3062 5400 ingressi
3112 5337 3161 5382 et
3199 5327 3372 5380 ambu-

1808 5429 1995 5493 lantes,
2044 5442 2097 5480 se
2139 5423 2412 5478 induebant
2453 5431 2499 5476 et
2538 5422 2812 5487 eruebant,
2859 5429 3115 5490 tamquam
3151 5419 3205 5472 in
3249 5417 3374 5472 lecto

1807 5522 2050 5585 sedentes,
2080 5527 2183 5572 etc.
2210 5515 2395 5586 (Tomo
2419 5513 2636 5568 secundo
2665 5521 2712 5568 et
2736 5511 2898 5566 Tomo
2925 5506 3267 5578 duodecimo).

2421 5627 2776 5681 Circulatores.

1888 5746 1950 5800 In
1977 5744 2227 5799 orchestra
2245 5740 2449 5810 quidam
2480 5738 2706 5793 membris
2730 5746 2783 5791 ut
2803 5735 2896 5790 alis
2921 5734 3180 5788 utebantur
3196 5727 3376 5798 (Tomo
