3864 6392
493 345 563 398 35
1807 326 2129 381 SYNUPSIS
2172 328 2402 383 Fontei
3670 335 3752 391 εσ

491 455 784 524 secundo):
817 452 1024 523 quidem
1070 451 1123 504 in
1165 447 1298 517 facie
1360 453 1560 499 contum
1612 441 1963 513 imponebant,
2018 448 2067 493 et

497 568 621 621 puer
662 559 812 602 conte
843 544 1106 614 impositus
1143 542 1428 594 innumeros
1469 546 1635 590 motus
1681 535 1856 605 agebat
1886 532 2066 604 (Temo

442 641 456 714 ξ
495 641 714 697 secunde
739 648 787 693 et
823 636 980 690 Temo
1007 630 1360 700 duodecimo).

569 731 788 798 Quidam
809 727 1050 798 perticam
1072 725 1127 778 in
1170 723 1337 791 fronte
1372 728 1620 788 gestantes
1671 719 1801 772 velut
1836 717 2066 774 arborem

494 825 549 876 in
568 833 701 877 terra
730 819 1039 882 radicatam,
1060 816 1135 869 sic
1159 816 1415 868 immotam
1461 819 1772 865 conservant.
1810 806 1987 877 Neque
2013 807 2067 862 id

493 915 660 966 solum
683 907 912 963 mirabile
939 916 1010 960 est
1034 947 1049 970 ,
1068 905 1156 959 sed
1183 903 1316 973 quod
1341 902 1490 954 etiam
1518 897 1752 970 puerulos
1798 913 1977 966 parvos
2014 896 2067 950 in

492 1017 690 1058 summo
716 1001 854 1071 ligno
877 1000 1008 1052 inter
1034 1013 1089 1050 se
1127 1001 1412 1048 concertare
1429 996 1716 1043 curent:ac
1758 1003 1912 1054 neque
1953 1003 2066 1039 ma-

494 1108 588 1146 nus
604 1134 618 1156 ,
639 1107 796 1160 neque
831 1090 938 1142 alia
962 1086 1187 1156 corporis
1232 1098 1351 1153 pars
1367 1121 1384 1147 ,
1404 1079 1493 1135 sed
1528 1081 1670 1150 frons
1688 1078 1798 1132 sola
1826 1077 2067 1146 perticam

487 1183 636 1238 illam
663 1183 788 1254 gerit
812 1182 1179 1235 inconcussam.

564 1274 791 1340 Quidam
817 1278 969 1326 erant
994 1268 1082 1338 qui
1113 1267 1297 1321 clavos
1331 1260 1669 1316 acutissimos
1707 1259 2063 1328 dcglutirent,

487 1367 585 1435 qui
639 1365 849 1420 calceos
928 1359 1241 1416 manderent
1286 1363 1340 1409 et
1376 1353 1692 1408 devorarent
1735 1349 1932 1420 (Temo
1979 1366 2065 1405 se-

488 1453 738 1601 cu’ii‘i'ilti
776 1543 865 1614 qui
910 1537 1224 1595 hirundines
1273 1532 1713 1596 circumferrem,
1760 1539 1813 1584 et
1852 1529 2069 1600 fuligine

490 1638 742 1704 obducti,
770 1633 1048 1691 maledicta
1093 1631 1145 1685 in
1193 1642 1380 1683 omnes
1408 1625 1704 1696 proferrent
1734 1621 1929 1693 (Temo
1953 1636 2075 1691 sep-

495 1733 617 1784 timo
635 1730 674 1800 ).

565 1821 734 1875 Erant
760 1817 975 1889 quidam
995 1814 1268 1870 moriones
1287 1852 1302 1877 ,
1329 1809 1420 1881 qui
1444 1806 1708 1864 Cordaces
1723 1804 2066 1869 vocabantur,

493 1911 690 1981 quique
729 1918 786 1963 ut
819 1909 984 1962 risum
1011 1912 1288 1960 moverent
1331 1898 1462 1954 nihil
1487 1913 1592 1952 non
1621 1897 1847 1968 agebant
1878 1895 2070 1964 (Temo

493 1998 808 2071 undecimo

616 2091 696 2145 De
721 2089 1050 2144 tribunalibus
1074 2096 1122 2142 et
1159 2087 1222 2141 de
1247 2084 1457 2156 judiciis
1475 2092 1626 2153 atque
1651 2080 1932 2151 suppliciis.

563 2180 601 2235 .1
608 2183 751 2236 udice
781 2181 1067 2251 prodituro,
1098 2187 1154 2231 ut
1181 2177 1236 2230 in
1259 2175 1452 2231 excelso
1474 2171 1716 2227 tribunali
1739 2171 1928 2235 sedeat,
1949 2184 2066 2222 car-

491 2273 621 2327 ceris
650 2274 910 2338 custodes,
939 2272 1160 2324 detentos
1197 2283 1367 2322 omnes
1404 2266 1606 2320 eductos
1632 2263 1886 2316 domicilio
1907 2301 1924 2326 ,
1954 2269 2070 2317 ante

494 2369 746 2425 cancellos
773 2377 819 2422 et
845 2364 1108 2420 tribunalis
1154 2361 1265 2417 uela
1308 2358 1586 2422 collocant,
1626 2355 1884 2424 squalidos
1905 2395 1921 2418 ,
1952 2369 2066 2407 ser-

493 2464 664 2517 dentes
683 2503 700 2528 ,
723 2460 883 2530 passis
908 2457 1107 2528 capillis
1125 2497 1140 2523 ,
1169 2453 1338 2508 scissis
1377 2449 1556 2521 pannis
1591 2449 1818 2512 indutos,
1841 2454 1944 2500 etc.
1977 2443 2062 2515 (Τ.

494 2554 683 2626 primo)
694 2591 708 2605 .

561 2642 860 2700 Sceleribus
881 2639 1094 2695 obnoxii
1139 2645 1194 2692 et
1218 2634 1452 2690 damnati
1505 2631 1572 2686 ad
1622 2639 1848 2684 mortem
1900 2628 2066 2685 duce-

493 2729 710 2794 bantur,
735 2726 862 2781 fune
877 2726 944 2780 ad
972 2739 1031 2778 os
1052 2723 1262 2791 alligato
1279 2719 1325 2787 (l
1333 2716 1542 2784 bidem).
1568 2714 1666 2788 (De
1686 2713 1966 2769 Theodoro
1982 2716 2066 2782 agi

496 2827 730 2889 putatur,
757 2816 849 2885 qui
889 2813 1218 2885 tyrannidem
1239 2806 1610 2878 aliectaverat.)

565 2907 879 2963 Testamenta
909 2903 1186 2974 tabulaque
1229 2901 1290 2954 de
1331 2900 1555 2969 nuptiis,
1583 2898 1645 2952 de
1689 2896 1865 2952 debitis
1910 2896 2068 2965 deque

490 3000 678 3054 relictis
702 2997 1069 3060 contractibus,
1100 2995 1197 3047 nisi
1220 2995 1274 3047 in
1299 2992 1614 3062 frontispicio
1653 2988 1928 3043 Consulum
1969 3005 2064 3040 an-

491 3109 584 3147 nos
615 3091 828 3145 habeant
853 3090 1200 3160 prazscriptos,
1251 3085 1446 3140 nullam
1489 3101 1552 3138 ea:
1595 3099 1703 3138 sese
1744 3083 1842 3137 vim
1883 3081 2065 3136 habent

491 3181 678 3254 (Temo
715 3181 899 3251 sexto).

563 3273 732 3329 Usura
771 3271 1060 3328 centesima
1101 3285 1130 3323 a
1182 3269 1561 3340 Chrysostomo
1587 3275 1932 3329 memoratur,
1960 3280 2065 3336 qua

491 3366 546 3420 in
571 3363 745 3420 faenus
770 3362 1129 3431 accipiebant,
1157 3361 1241 3414 illa
1265 3360 1568 3415 conditione
1592 3365 1650 3412 ut
1674 3356 1894 3428 singulis
1915 3372 2065 3411 men-

489 3457 641 3512 sibus
687 3455 1031 3511 centesimam
1073 3463 1279 3523 partem
1317 3451 1620 3516 solverent,
1652 3451 1724 3503 ita
1753 3459 1811 3503 ut
1850 3459 2064 3504 centum

487 3548 691 3603 exactis
720 3546 991 3603 mensibus
1014 3559 1134 3600 sors
1159 3553 1459 3613 :equaretur
1483 3541 1668 3614 (Temo
1687 3541 1940 3612 septimo).

489 3639 570 3696 De
609 3641 831 3711 nuptiis,
862 3641 964 3694 sive
990 3640 1052 3693 de
1079 3639 1256 3691 ritibus
1286 3637 1360 3690 vel
1403 3635 1628 3705 profanis
1664 3634 1740 3688 vel
1779 3634 1966 3688 illicitis
2009 3634 2064 3687 in

1053 3731 1256 3801 nuptias
1274 3727 1496 3782 intectis.

561 3821 765 3876 Nostra!
787 3822 951 3876 (etatis
977 3822 1201 3875 homines
1220 3821 1272 3872 in
1297 3819 1481 3888 nuptiis
1501 3818 1714 3888 hymnos
1740 3818 1794 3870 in
1828 3816 2064 3870 Venerem

487 3913 722 3968 saltando
742 3922 930 3967 canunt
957 3923 1004 3968 et
1030 3913 1281 3966 adulteria
1309 3912 1468 3964 multa
1488 3951 1503 3976 ,
1531 3920 1576 3963 et
1610 3911 1904 3979 nuptiarum
1951 3912 2060 3964 vio-

488 4005 730 4068 lationes,
751 4014 800 4059 et
837 4004 1124 4074 illegitimos
1169 4018 1398 4066 amores,
1429 4001 1726 4071 illicitesque
1770 4003 1930 4055 coitus
1951 4043 1968 4066 ,
2015 4010 2063 4056 et

487 4096 595 4150 alia
648 4096 868 4167 plurima
912 4094 1185 4165 impietatis
1236 4101 1284 4146 et
1320 4092 1609 4164 ignominia:
1636 4094 1828 4147 cantica
1857 4095 1876 4153 l
1901 4092 2062 4148 Temo

486 4186 635 4240 tertio
654 4186 695 4256 ).

560 4276 617 4332 In
644 4275 712 4330 iis
737 4291 856 4346 qua:
882 4275 1092 4345 nuptias
1111 4272 1498 4329 contrahebant
1522 4272 1698 4328 fucum
1716 4283 1771 4329 et
1799 4276 2061 4345 pigmenta

487 4367 755 4440 superﬂua
807 4368 908 4424 alia
962 4367 1348 4422 adhibebantur
1384 4366 1569 4438 (Temo
1595 4367 1828 4436 decimo).
1857 4368 2062 4437 Sponsa

487 4477 618 4518 vero
639 4475 672 4516 ι
699 4461 826 4516 viris
854 4461 1017 4518 ebriis
1055 4475 1151 4531 per
1176 4459 1361 4516 urbem
1401 4472 1455 4517 et
1481 4462 1651 4516 forum
1701 4464 1861 4518 etiam
1901 4471 2060 4516 noctu

489 4552 849 4606 adducebatur
864 4567 983 4604 cum
1017 4553 1235 4620 impuris
1251 4552 1469 4607 canticis
1483 4564 1538 4607 et
1551 4554 1861 4625 symphonia
1879 4553 2061 4626 (Temo

487 4639 824 4712 undecimo).
873 4640 1178 4698 Merctrices
1225 4643 1384 4697 etiam
1417 4645 1808 4700 advocabantur
1847 4647 1912 4701 ad
1959 4663 2060 4701 nu-

490 4732 659 4800 ptias;
716 4732 946 4802 itemque
1002 4733 1174 4800 tibiae,
1219 4734 1459 4804 cymbala
1512 4745 1568 4790 et
1623 4737 1872 4808 eborete(
1902 4736 2060 4794 Tesse

489 4819 697 4893 primo).

488 4909 804 4983 Prwstigic,
856 4914 1218 4968 incantationes
1237 4955 1253 4981 ,
1314 4915 1587 4986 ligamina,
1660 4921 2055 4990 superstitiones.

559 5004 644 5061 Ex
684 5004 1121 5074 frequentissimis
1158 5005 1525 5078 Chrysostomi
1567 5009 1721 5064 dictis
1759 5020 1814 5065 et
1847 5013 2060 5067 monitis

490 5097 662 5164 palam
702 5106 784 5152 est
813 5098 991 5152 omnia
1019 5097 1403 5169 praesugiarum
1447 5116 1642 5170 genera
1691 5101 1974 5158 admodum
2005 5104 2057 5159 in

490 5203 588 5241 usu
616 5187 778 5242 fuisse
801 5204 915 5243 aevo
939 5205 1036 5244 suo
1066 5199 1175 5244 tum
1197 5191 1489 5248 Antiochia:
1530 5203 1643 5246 tum
1691 5194 2061 5251 Constantino-

489 5280 634 5349 poli,
663 5295 782 5350 quas
812 5281 893 5336 Itis
920 5281 1096 5337 verbis
1136 5291 1382 5339 recenset
1407 5285 1496 5340 ille
1520 5286 1714 5341 Homil.
1761 5287 1966 5342 decima
2006 5289 2058 5342 in

489 5373 777 5442 Epistolam
813 5375 864 5429 l.
893 5373 959 5430 ad
985 5375 1350 5432 Timotheum:
1377 5377 1491 5432 Alia
1512 5380 1642 5432 enim
1666 5380 1805 5433 mitto
1825 5379 2060 5450 lacrymis

488 5466 679 5536 digna,
708 5476 762 5520 ut
797 5468 1010 5537 auguria
1028 5508 1050 5535 ,Α
1073 5467 1306 5522 vaticinia
1325 5507 1342 5531 ,
1384 5469 1782 5533 observationes,
1821 5486 2021 5539 geneses
2041 5511 2056 5534 ,

488 5558 748 5628 symbola,
785 5558 1055 5628 ligamina,
1100 5559 1459 5626 divinationes,
1509 5561 1901 5626 incantationes,
1945 5577 2059 5614 ma-

489 5653 626 5720 gicas
657 5659 789 5704 artes
815 5647 994 5716 (Temo
1021 5650 1327 5720 undecimo).

558 5741 999 5799 lncantationibus
1023 5753 1076 5800 et
1097 5744 1428 5814 ligaminibus
1451 5755 1575 5801 tunc
1602 5747 1746 5801 multi
1778 5748 2057 5803 utebantur

2171 438 2239 492 ad
2283 441 2499 496 morbos
2539 443 2804 498 curandos
2833 443 2852 514 (
2881 442 3037 497 Temo
3057 444 3219 512 primo
3239 444 3278 511 ).
3301 441 3378 500 De
3424 446 3747 517 quibusdam

2169 541 2328 595 etiam
2356 542 2466 610 agit
2491 541 2900 613 Chrysostomus
2936 542 3115 614 (Temo
3145 542 3461 612 undecimo),
3487 546 3573 615 qui
3613 562 3741 600 car-

2170 630 2314 686 mina
2339 631 2664 702 etligaturas
2689 633 3012 702 usurpabant
3047 633 3114 687 ad
3143 634 3354 688 tutelam
3375 676 3392 698 ,
3414 636 3611 704 quique
3649 653 3749 690 au-

2169 738 2260 776 rea
2285 724 2573 778 Alexandri
2607 726 2920 779 numismata
2955 727 3114 796 capiti
3145 726 3225 779 vel
3253 725 3475 795 pedibus
3517 728 3747 782 circum-

2170 813 2401 884 ligabant
2415 814 2595 884 (Temo
2612 815 2874 886 secunde).
2897 815 3062 871 Erant
3079 815 3238 870 etiam
3259 817 3347 886 qui
3368 816 3434 869 ad
3457 833 3748 885 puerorum

2170 905 2390 960 tutelam
2443 905 2722 976 ligamina,
2764 905 3083 975 crepitacula
3127 913 3180 960 et
3218 906 3446 960 stamina
3493 907 3748 962 coccinea

2171 998 2415 1052 manibus
2452 999 2684 1068 ipsorum
2710 998 3072 1067 appenderent
3103 997 3282 1071 (Temo
3309 998 3547 1062 decimo).
3582 999 3748 1054 Aliud

2171 1087 2366 1142 ibidem
2395 1088 2557 1143 refert
2604 1089 2994 1158 superStitionis
3031 1103 3231 1158 genus:
3261 1087 3446 1142 Lutum
3474 1090 3710 1143 mulieres
3733 1133 3749 1152 ,

2171 1181 2372 1248 inquit,
2404 1181 2457 1234 in
2485 1181 2659 1234 balneo
2712 1181 3037 1249 accipientes,
3082 1180 3298 1233 nutrices
3343 1196 3538 1249 quoque
3575 1190 3623 1233 et
3651 1197 3750 1235 an—

2170 1274 2302 1328 cilla:
2339 1275 2497 1344 digito
2537 1274 2813 1344 tingentes,
2844 1273 2896 1326 in
2930 1272 3075 1344 pueri
3117 1274 3280 1340 [rente
3304 1273 3619 1343 imprimunt.
3675 1273 3750 1328 Et

2169 1363 2215 1417 si
2261 1363 2374 1430 quis
2420 1363 2721 1433 interroget,
2769 1362 2906 1427 Quid
2945 1361 3041 1417 sibi
3080 1362 3184 1416 vult
3227 1362 3424 1427 lutum,
3471 1363 3594 1432 quid
3646 1380 3746 1419 cas-

2170 1455 2331 1507 num?
2356 1453 2554 1511 Malunt
2595 1453 2770 1508 avertit
2796 1453 3032 1520 oculum,
3069 1453 3330 1522 inquiunt,
3357 1453 3658 1524 livercmque
3697 1466 3754 1512 et

2169 1545 2430 1599 invidiam.

2241 1634 2376 1690 Alite
2398 1635 2612 1690 nomina
2633 1633 2914 1689 fluviorum
2933 1633 3194 1702 descripta
3211 1635 3453 1692 manibus
3468 1635 3750 1692 infantium

2169 1725 2535 1794 apponebant;
2565 1725 2683 1779 alim
2713 1725 2948 1780 cinerem
2968 1764 2986 1791 ,
3017 1722 3288 1794 fuliginem
3318 1733 3372 1780 et
3396 1725 3534 1782 sales
3586 1727 3749 1783 adhi-

2172 1814 2371 1871 bebant
2399 1827 2457 1870 ut
2477 1813 2672 1870 malum
2692 1815 2906 1870 oculum
2933 1823 3253 1869 averterent.

2240 1907 2632 1976 Przestigiarum
2658 1921 2855 1976 genera
2875 1905 3052 1959 omnia
3081 1913 3204 1959 tunc
3231 1905 3506 1976 vigebant,
3535 1906 3750 1963 dierum

2169 1997 2565 2053 observationes
2583 2039 2600 2065 ,
2625 1998 2844 2067 auguria
2864 2039 2880 2063 ,
2913 1997 3164 2052 veneficia
3186 2037 3202 2062 ,
3235 2008 3409 2053 sortes
3428 2040 3442 2060 .
3465 2001 3699 2068 auSpicia
3729 2042 3747 2062 ,

2167 2088 2366 2152 omina;
2392 2102 2596 2144 necnon
2624 2087 2716 2142 fati
2739 2089 3015 2157 opiniones
3036 2085 3217 2154 (Temo
3242 2086 3547 2158 undecimo).
3577 2088 3650 2141 De
3677 2089 3746 2142 iis

2168 2194 2297 2234 vero
2324 2181 2413 2248 qui
2463 2179 2729 2234 ominibus
2780 2188 2835 2232 et
2879 2177 2988 2232 fato
3025 2177 3188 2231 dediti
3232 2186 3384 2232 erant
3420 2177 3534 2232 haec
3578 2176 3750 2232 refert

2167 2271 2580 2341 Chrysostomus
2621 2268 2796 2336 (Ibid.
2839 2267 2881 2340 ).
2926 2267 3105 2322 Multis
3147 2269 3417 2323 terroribus
3465 2270 3612 2340 plena
3669 2281 3749 2324 est

2167 2377 2342 2416 eorum
2385 2361 2591 2425 anima;
2612 2369 2665 2413 ut
2715 2368 2836 2430 puta
2855 2374 2874 2412 :
2902 2359 2984 2412 hic
3012 2367 3099 2412 aut
3138 2359 3224 2412 ille
3251 2359 3442 2428 primus
3491 2359 3610 2412 mihi
3653 2377 3747 2413 oc-

2167 2452 2325 2504 currit
2352 2451 2500 2505 domo
2529 2451 2760 2518 exeunti,
2799 2450 3001 2503 omnino
3033 2449 3318 2519 contingere
3363 2450 3488 2502 mihi
3537 2461 3736 2519 oportet

2167 2546 2304 2599 mala
2353 2544 2756 2599 innumerabilia.
2809 2541 2962 2596 Nunc
3011 2559 3180 2597 servus
3231 2543 3567 2596 exsecrandus
3612 2543 3748 2597 dans

2171 2637 2296 2690 mihi
2321 2635 2516 2689 calceos
2533 2676 2549 2700 ,
2581 2635 2797 2705 primum
2837 2634 3060 2704 porrexit
3089 2641 3279 2704 partem
3306 2634 3592 2689 sinistram:
3618 2653 3746 2705 gra-

2166 2741 2246 2781 ves
2269 2727 2616 2798 signiﬁcantur
2637 2725 2946 2779 calamitates
2971 2733 3016 2779 et
3036 2724 3367 2778 contumeliw.
3393 2721 3505 2793 Ego
3547 2741 3748 2794 quoque

2165 2819 2335 2874 exiens
2353 2818 2553 2874 sinistro
2579 2817 2736 2886 priori
2781 2816 2995 2886 processi
3023 2815 3146 2884 pede
3172 2830 3189 2868 :
3219 2814 3312 2867 hoc
3349 2830 3540 2883 quoque
3581 2823 3652 2867 est
3669 2817 3748 2868 si-

2164 2926 2320 2979 gnum
2337 2907 2773 2962 calamitatum.Et
2788 2907 2894 2960 hinc
2907 2905 3109 2978 quidem
3129 2904 3264 2958 domi
3278 2914 3393 2958 sunt
3411 2905 3546 2956 mala
3562 2919 3578 2956 :
3596 2907 3741 2974 foras

2165 3012 2333 3057 autem
2375 3018 2570 3072 egresso
2594 3001 2765 3056 dexter
2789 2999 2963 3053 oculus
3000 2999 3124 3050 mihi
3148 2999 3342 3066 inferne
3369 2997 3482 3050 salit
3507 3013 3525 3049 :
3547 2997 3640 3050 hoc
3668 3009 3744 3050 est

2163 3091 2404 3146 indicium
2430 3092 2786 3161 lacrymarum.
2823 3087 3059 3142 Mulieres
3086 3093 3286 3157 quando
3331 3095 3510 3140 sonant
3550 3088 3742 3140 calami

2164 3181 2232 3233 ad
2256 3191 2464 3234 textura:
2487 3190 2620 3234 recta
2649 3181 2782 3251 ligna
2831 3179 2967 3232 allisi
2985 3221 3000 3245 ,
3025 3180 3099 3232 vel
3127 3195 3240 3232 cum
3265 3179 3388 3249 ipsa:
3409 3178 3601 3248 pectine
3630 3179 3740 3232 dis-

2164 3270 2463 3336 criminant,
2495 3272 2588 3322 hoc
2609 3287 2700 3339 pro
2723 3270 2869 3339 signo
2898 3269 3098 3322 habent.
3147 3267 3341 3322 Rursus
3369 3267 3570 3338 quando
3617 3269 3741 3321 sub-

2166 3371 2360 3434 tegmen
2388 3364 2577 3428 pectine
2600 3362 2920 3426 concutiunt,
2943 3370 2990 3414 et
3038 3361 3092 3413 id
3129 3360 3320 3430 faciunt
3368 3358 3702 3413 vehementius
3719 3376 3743 3424 ;

2165 3455 2346 3509 deinde
2362 3456 2447 3525 qui
2473 3464 2586 3509 sunt
2606 3469 2821 3525 superne
2842 3453 3027 3506 calami
3045 3451 3106 3505 ob
3131 3453 3377 3506 intensum
3405 3451 3557 3503 ictum
3581 3451 3742 3507 edunt

2162 3550 2422 3618 strepitum
2447 3590 2460 3611 ,
2483 3546 2620 3600 allisi
2639 3547 2706 3600 ad
2728 3555 2913 3600 rectum
2940 3553 3151 3598 textura:
3176 3545 3365 3614 lignum
3386 3584 3402 3609 ,
3433 3544 3527 3596 hoc
3547 3544 3733 3598 habent

2166 3656 2257 3709 pro
2283 3640 2443 3709 signa.
2472 3637 2536 3691 Et
2563 3639 2668 3692 alia
2701 3634 3087 3690 innumerabilia
3111 3633 3264 3704 digna
3303 3648 3417 3701 qua
3451 3633 3738 3688 uideantur.

2164 3729 2231 3784 Et
2261 3732 2305 3784 si
2334 3731 2507 3784 asinus
2533 3729 2912 3792 exclamauerit,
2941 3737 2988 3782 et
3006 3729 3051 3782 si
3074 3727 3269 3797 gallus,
3296 3725 3407 3779 etsi
3449 3726 3561 3796 quis
3603 3737 3736 3782 ster-

2163 3826 2412 3875 nutauerit
2431 3864 2444 3883 ,
2475 3831 2520 3875 et
2544 3822 2750 3890 quodvis
2770 3821 2942 3885 aliud,
2970 3829 3223 3888 tamquam
3245 3818 3405 3874 decies
3445 3820 3585 3873 mille
3621 3821 3731 3874 vin-

2163 3913 2232 3966 cti
2267 3914 2476 3966 vinculis
2495 3953 2509 3976 ,
2533 3922 2785 3982 tamquam
2811 3911 2896 3981 qui
2921 3918 3180 3964 teneantur
3211 3910 3264 3963 in
3288 3909 3531 3975 tenebris,
3565 3913 3738 3964 omnia

2164 4005 2345 4058 habent
2368 4015 2597 4074 suspecta
2615 4045 2632 4070 ,
2662 4016 2708 4058 et
2731 4012 2848 4058 sunt
2875 4003 3036 4073 magis
3069 4001 3271 4056 serviles
3294 4017 3447 4072 quam
3471 4003 3739 4057 innumera

2163 4097 2328 4149 manci
2331 4096 2436 4165 pia.

2234 4186 2324 4240 Ait
2374 4201 2498 4240 vero
2552 4183 2961 4255 Chrysostomus
3005 4179 3418 4252 przestigiatores
3475 4181 3737 4250 quosdam

2165 4291 2263 4338 Bue
2287 4285 2527 4347 tempore
2550 4276 2715 4332 fuisse
2742 4275 2832 4346 qui
2855 4275 3004 4344 signa
3031 4272 3265 4328 facerent
3282 4270 3367 4342 (T.
3391 4270 3737 4343 duodecimo).

2839 4364 3064 4419 Funera.
3369 4406 3372 4408 ν

2238 4459 2514 4523 Parentes,
2536 4458 2727 4514 fratres
2747 4465 2803 4511 et
2815 4454 3190 4525 consanguinei
3206 4452 3586 4508 decedentibus
3609 4469 3743 4507 ocu-

2164 4553 2246 4609 los
2294 4552 2609 4607 claudebant
2649 4560 2701 4605 et
2743 4564 2807 4604 es
2833 4546 3222 4616 componebant
3263 4543 3445 4616 (Temo
3467 4545 3742 4615 secundo).

2164 4645 2332 4700 Nemo
2394 4646 2445 4699 in
2514 4643 2645 4698 urbe
2702 4641 3002 4710 sepulcrum
3071 4636 3444 4698 construebat,
3502 4636 3734 4706 ideoque

2162 4737 2531 4794 defunctorum
2555 4749 2778 4804 corpora
2807 4742 2955 4787 extra
2977 4731 3161 4784 urbem
3186 4727 3492 4798 sepelienda
3536 4742 3740 4795 expor-

2162 4832 2428 4887 tabautur.
2458 4829 2545 4897 qui
2574 4841 2688 4880 mos
2725 4825 2975 4893 antiquus
3001 4831 3152 4888 erat,
3180 4819 3278 4875 sed
3321 4833 3465 4888 saepe
3509 4817 3741 4874 violatus

2165 4923 2335 4976 fuerat
2365 4919 2547 4992 (Temo
2570 4917 2830 4988 septimo).

2234 5013 2454 5068 Pullatzn
2479 5025 2572 5064 seu
2601 5008 2762 5075 nigra:
2788 5013 2963 5060 vestes
2985 5003 3038 5057 in
3088 5000 3359 5056 funeribus
3403 4999 3739 5054 adhibeban-

2165 5115 2250 5161 tur
2297 5104 2497 5174 (Tomo
2541 5110 2682 5155 sexto
2709 5097 2760 5169 );
2809 5111 2966 5167 quam
3031 5111 3143 5149 rem
3187 5091 3487 5161 improbare
3523 5089 3738 5146 videtur

2164 5197 2572 5268 Cbrysostomus
2593 5191 2610 5261 (
2628 5190 2787 5244 Temo
2810 5188 3073 5242 undecimo
3089 5186 3127 5257 ).
3143 5185 3268 5238 Cum
3291 5200 3473 5252 corpus
3499 5180 3738 5248 eﬂ'crtur,

2164 5291 2336 5361 inquit
2360 5288 2447 5342 ille
2463 5328 2478 5351 ,
2503 5284 2800 5339 adhibentur
2822 5281 3054 5352 planctus
3071 5321 3085 5345 ,
3109 5279 3326 5348 ejulatus
3345 5275 3540 5340 insani,
3571 5273 3735 5328 stulta

2163 5384 2218 5436 in
2245 5381 2513 5452 sepulturis
2544 5377 2792 5438 admissa,
2817 5375 2952 5428 circa
2979 5379 3298 5426 monumenta
3312 5368 3532 5422 studium
3557 5368 3739 5420 intem-

2165 5475 2405 5544 pestiuum
2424 5513 2440 5538 ,
2471 5480 2518 5525 et
2544 5468 2811 5523 ridiculum
2841 5464 3158 5535 pris/iceram
3185 5476 3366 5530 agmen
3383 5499 3399 5525 ,
3428 5458 3621 5512 dierum
3648 5456 3739 5509 ob-

2165 5565 2378 5619 servatio
2396 5602 2412 5629 ,
2434 5577 2625 5615 necnon
2651 5561 2903 5630 ingressus
2945 5563 2991 5607 et
3020 5567 3243 5622 egressus
3283 5549 3469 5621 (Temo
3495 5549 3729 5613 decimo).

2237 5658 2311 5712 De
2333 5655 2661 5726 praeficarum
2705 5648 3162 5714 choris.quarum
3211 5643 3452 5714 quaedam
3505 5640 3740 5711 gentiles

2164 5756 2353 5810 erant,
2399 5743 2695 5813 smpissime
2737 5741 2845 5811 agit
2891 5739 3338 5809 Clirysostomus,
3367 5734 3579 5801 vultque
3618 5730 3743 5783 illas
