3864 6386
108 367 167 421 87
986 339 988 341 ’
1098 347 1258 414 QUAS
1300 347 1369 400 IN
1409 344 1559 400 opp.
1599 342 1847 399 CllllYS.
1889 339 2430 402 osssnvamun.
3282 349 3356 407 ss

111 484 318 541 omnino
347 496 380 536 a
403 476 685 534 funeribus
731 487 901 529 arceri
923 514 940 537 ,
988 480 1043 528 et
1089 468 1416 527 moderatius
1448 464 1691 536 lugubria

111 584 284 632 Inuera
311 569 553 643 persolvi
573 566 759 639 (Tomo
784 562 1122 633 duodecimo).
1141 561 1451 631 Lugeamus,
1475 559 1551 612 ait
1580 557 1688 622 ille,

110 670 188 726 sed
217 682 319 720 non
349 663 594 717 vellentes
635 655 852 728 capillos
870 698 886 722 ,
912 672 1014 709 non
1041 653 1250 707 brachia
1294 650 1564 728 nudantes,
1591 663 1693 702 non

106 764 378 812 lacerantes
406 754 614 823 faciem,
629 737 742 804 non
764 749 932 820 pullas
956 758 1111 802 uestes
1135 745 1422 800 induentes.

169 846 402 915 Quidam
418 844 585 898 etiam
611 841 916 910 erant,‘qui
939 839 992 896 in
1022 837 1297 893 funeribus
1324 843 1485 906 caput
1509 835 1692 890 cinere

103 943 540 1010 conspersos-em.

487 1064 698 1120 Viarum
721 1062 1040 1134 publicamus
1065 1057 1317 1114 custodia.

169 1203 367 1260 Eadem
385 1198 636 1255 distantia
659 1197 884 1251 locorum
902 1235 917 1261 ,
941 1209 1056 1266 qua
1079 1192 1203 1248 olim
1231 1200 1352 1244 tunc
1382 1198 1525 1254 erat,
1555 1200 1692 1242 nunc

107 1301 244 1356 etiam
296 1305 408 1360 est;
437 1292 636 1348 itineris
673 1306 790 1346 vero
839 1287 1061 1343 conditio
1107 1302 1208 1340 non
1241 1285 1417 1340 eadem
1449 1293 1550 1351 est,
1579 1297 1694 1354 qua:

109 1394 215 1446 olim
233 1388 400 1461 {uisse
415 1385 665 1440 creditur.
705 1380 862 1436 Nunc
889 1380 1022 1434 enim
1049 1376 1393 1431 mansionibus
1439 1375 1694 1445 perpetuis

111 1481 392 1536 distinctum
405 1485 483 1530 est
513 1476 626 1538 iter,
653 1483 703 1526 et
722 1470 926 1526 urbibus
947 1486 1005 1523 ac
1020 1469 1153 1522 villis
1181 1467 1521 1539 frequentibus
1539 1481 1693 1518 orna-

113 1585 234 1635 tum,
267 1570 594 1632 viatoresque
626 1563 872 1635 plurimos
893 1559 1157 1628 offendunt
1177 1599 1195 1626 ,
1225 1558 1314 1630 qui
1359 1558 1482 1612 illuc
1529 1556 1692 1626 proﬁ-

109 1665 377 1725 ciscuntur,
429 1657 570 1727 quod
608 1672 710 1710 non
775 1655 941 1708 minus
983 1651 1052 1705 ad
1097 1648 1378 1705 securitatis
1445 1648 1692 1701 rationem

112 1757 227 1808 τρια
247 1793 264 1819 ,
293 1768 455 1822 quam
513 1748 834 1812 mansiones,
867 1749 1013 1799 urbes
1051 1754 1201 1814 atque
1253 1740 1406 1795 villa.
1436 1739 1692 1793 Praeterea

111 1869 163 1903 ex
185 1847 449 1920 praeincia
469 1845 733 1897 civitatum
756 1839 1008 1910 principes
1047 1836 1276 1908 deligunt
1316 1835 1479 1900 uiros,
1511 1848 1694 1900 corpo-

111 1947 170 1994 ris
197 1937 554 2010 magnitudine
578 1945 627 1988 et
655 1931 833 1987 robore
857 1929 1050 1984 cunctis
1092 1926 1454 1997 preceuentes,
1477 1923 1690 1997 jaeulo-

111 2049 192 2097 que
216 2044 264 2084 et
290 2029 461 2102 [unda
497 2037 696 2080 tantum
744 2023 993 2088 ualentes,
1023 2029 1268 2090 quantum
1318 2016 1397 2070 vel
1443 2013 1693 2087 sagittarii

111 2125 322 2194 sagittis,
351 2137 440 2173 rer
469 2118 658 2172 annali
695 2115 813 2186 pilis
841 2130 861 2168 :
893 2112 1190 2182 statutisque
1227 2108 1469 2173 ducibus,
1513 2107 1691 2177 quibus

110 2218 174 2268 illi
212 2215 598 2281 obtemperent,
644 2207 740 2261 hoc
785 2207 859 2261 eis
904 2204 1109 2258 unicum
1153 2201 1426 2271 injungunl
1473 2213 1688 2261 munus,

107 2309 353 2376 solamque
396 2302 596 2356 itineris
647 2298 820 2353 tuendi
849 2313 1023 2350 curam
1052 2295 1433 2363 custodiamque
1485 2291 1692 2362 permit-

106 2411 220 2453 tant.
245 2399 330 2451 Ad
356 2399 472 2450 [nec
493 2394 650 2447 aliam
673 2391 820 2462 longe
841 2391 920 2444 Itis
947 2389 1177 2443 omnibus
1205 2387 1572 2458 diligentiorem
1600 2401 1690 2438 cu-

105 2511 202 2546 ram
251 2490 637 2557 attagitarunt.
667 2481 979 2537 Habitacula
1017 2481 1152 2534 enim
1185 2479 1324 2532 mille
1352 2477 1583 2550 passibus
1625 2475 1688 2529 ab

103 2586 303 2638 micent
337 2578 591 2634 distantia
613 2577 667 2630 in
686 2577 865 2629 itinere
909 2582 1012 2628 toto
1042 2571 1375 2645 fabricantes,
1422 2579 1691 2625 nocturnos

103 2677 195 2728 illic
220 2684 451 2729 statuere
497 2668 766 2734 custodes,
797 2683 886 2738 per
910 2665 1118 2718 illorum
1162 2661 1359 2716 labores
1405 2670 1452 2714 et
1491 2661 1690 2732 uigilias

103 2769 368 2823 mximum
397 2775 583 2820 contra
609 2764 869 2818 latronum
893 2761 1111 2831 impetus
1135 2758 1392 2812 munimen
1415 2757 1690 2812 viatoribus

101 2863 451 2916 constituentes
474 2854 662 2928 (Tomo
682 2853 892 2926 primo).

727 3009 1074 3066 Hiscellanea.

161 3175 456 3240 Kalendae,
499 3187 596 3228 seu
641 3171 851 3226 initium
893 3169 1055 3235 anni,
1109 3169 1188 3224 sic
1239 3168 1498 3224 celebrari
1544 3167 1688 3223 sole-

103 3272 214 3326 bant
232 3269 282 3342 (l
291 3268 493 3334 bidem)
516 3283 530 3321 :
554 3264 1006 3336 pernoctationes,
1033 3262 1416 3328 cavillationes,
1445 3260 1686 3316 convicia

107 3375 152 3418 et
198 3361 529 3417 saltationes
589 3366 900 3420 nocturnae,
948 3354 1121 3408 forum
1169 3354 1547 3420 coronabatur,
1576 3361 1682 3408 etc.

161 3451 490 3509 Antiocheui
549 3456 836 3520 postquam
885 3444 1247 3502 Theodosium
1303 3445 1684 3514 Imperatorem

106 3545 476 3614 placaverant,
504 3541 560 3595 in
590 3539 790 3594 laztitia:
830 3539 1041 3610 signum
1094 3535 1270 3592 forum
1321 3547 1681 3603 coronarunt,

107 3641 331 3694 lucernas
358 3634 737 3690 accenderunt
766 3673 782 3697 ,
805 3640 859 3686 et
885 3631 1054 3686 lectos
1079 3645 1174 3685 seu
1205 3630 1534 3686 lectisternia
1561 3640 1685 3686 ante

107 3731 329 3788 ofﬁcinas
363 3735 668 3801 posuerunt
704 3725 773 3798 (Τ
773 3742 886 3780 omo
907 3724 1173 3795 secundo).

161 3823 387 3893 Quidam
436 3830 784 3887 externorum
822 3827 1100 3873 oratorum
1147 3831 1214 3872 ex
1257 3816 1485 3884 quadam
1525 3815 1682 3870 stulta

106 3913 482 3970 consuetudine
539 3909 820 3965 dexterum
883 3907 1060 3964 eundo
1117 3907 1400 3963 humerum
1470 3907 1685 3964 assidue

109 4009 335 4062 movebat
361 4001 664 4078 (Ibidem);
696 4001 795 4058 sed
819 3999 1256 4056 consuetudinem
1294 4002 1454 4067 vicit,
1487 4012 1542 4056 et
1568 4002 1684 4072 gla-

109 4100 204 4154 dios
221 4107 418 4154 acutos
444 4097 716 4166 utrimque
773 4092 1008 4150 humeris
1055 4093 1342 4164 imposuit,
1368 4103 1426 4148 ut
1452 4094 1685 4150 vulneris

111 4192 281 4248 timore
327 4190 641 4246 membrum
685 4190 866 4260 inepte
914 4203 974 4243 se
1016 4202 1238 4242 movens
1267 4189 1578 4257 corrigeret.

165 4285 366 4343 [enim
388 4284 589 4340 ovibus
605 4283 996 4340 mansuetiores
1017 4296 1112 4353 per
1126 4280 1300 4338 forum
1329 4281 1678 4351 ducebantur,

1797 475 1854 522 et
1897 467 2047 523 multi
2082 467 2135 523 in
2160 467 2392 524 ofﬁcinis
2413 468 2690 540 pecuniam
2717 485 2902 526 eorum
2930 470 3137 526 custodi
3180 487 3368 528 nume-

1795 557 2006 625 rabant,
2037 560 2125 628 qui
2154 560 2408 615 custodes
2431 561 2653 615 multum
2677 559 2801 616 hinc
2827 561 3169 617 lucrabantur
3188 561 3371 623 (Tomo

1794 661 1977 722 quarto
2001 659 2049 705 et
2071 649 2230 705 Tomo
2254 648 2432 724 nono).

1867 740 1924 798 In
1949 741 2091 812 agris
2116 742 2327 797 termini
2360 741 2725 813 columnasque
2749 756 2859 798 non
2891 742 3071 799 sinunt
3093 759 3225 799 arva
3245 759 3376 800 con-

1797 835 1943 890 fundi
1973 834 2156 907 (Tomo
2179 833 2365 905 sexto).

1866 926 1983 984 Ursi
2007 929 2163 982 etiam
2191 937 2245 982 et
2280 942 2416 982 ursa:
2445 927 2513 981 ab
2541 927 2883 983 Antiochenis
2918 929 3060 984 domi
3087 931 3376 986 servaban-

1797 1026 1882 1072 tur
1917 1017 2106 1088 (Tomo
2131 1018 2395 1091 septimo).
2430 1017 2490 1074 Si
2527 1035 2646 1073 ursa
2698 1020 2830 1072 clam
2872 1023 3154 1091 aufugerit,
3197 1023 3376 1077 domos

1796 1111 2098 1176 claudimus,
2139 1127 2228 1179 per
2247 1109 2379 1164 vicos
2418 1111 2685 1176 currimus,
2721 1126 2784 1163 ne
2821 1111 2874 1163 in
2915 1127 3024 1164 eam
3071 1113 3376 1171 incidamus.

1865 1202 2044 1258 Stadia
2071 1203 2380 1273 quindecim
2403 1211 2528 1256 sunt
2551 1202 2792 1257 milliaria
2822 1201 3126 1275 duo(1‘omo
3153 1213 3374 1274 octauo).

1868 1296 2137 1364 Pauperes
2160 1295 2375 1366 quidam
2403 1295 2538 1351 lilios
2563 1309 2688 1350 suos
2717 1295 3079 1360 excmcabant,
3100 1305 3157 1351 ut
3179 1298 3378 1368 largio-

1796 1402 1910 1442 rem
1939 1387 2130 1456 stipem
2178 1397 2451 1457 cogerent.
2500 1387 2603 1440 Alii
2642 1403 2762 1440 cum
2797 1387 2927 1441 nihil
2957 1388 3185 1457 petendo
3207 1390 3375 1458 impe-

1796 1486 2004 1534 trarent
2025 1520 2042 1546 ,
2081 1479 2259 1533 missis
2304 1478 2797 1548 supplicationibus,
2828 1479 3142 1534 dctritorum
3169 1483 3380 1536 calceo-

1796 1585 1915 1626 rum
1944 1573 2087 1626 coria
2123 1571 2485 1636 mandebant;
2517 1571 2607 1624 alii
2644 1579 2828 1626 acutos
2861 1571 3041 1625 clavos
3064 1573 3224 1643 capiti
3255 1573 3380 1626 inli-

1795 1664 2024 1734 gebant;
2073 1663 2162 1718 alii
2208 1665 2260 1718 in
2310 1662 2460 1732 aquis
2515 1663 2634 1731 gelu
2690 1662 2955 1718 concretis
3003 1663 3144 1718 nudo
3194 1675 3380 1722 ventre

1799 1756 2239 1819 immorabautur,
2279 1764 2334 1810 et
2363 1755 2464 1811 illis
2489 1753 2808 1825 spectaculis
2834 1755 3091 1824 majorem
3119 1757 3382 1827 cogebant

1796 1851 1986 1920 stipem
2015 1848 2205 1912 (Tomo
2237 1847 2429 1902 decimo
2446 1849 2485 1918 ).

1865 1940 2003 2009 Quid
2036 1939 2249 2010 gravius
2277 1949 2331 1994 et
2357 1939 2625 1994 difﬁcilius
2655 1954 2814 2010 quam
2853 1940 2906 1994 iu
2933 1941 3151 1996 ensibus
3184 1942 3378 2012 sphera

1796 2034 1978 2090 ludere
2005 2033 2195 2105 (Tomo
2223 2033 2562 2102 duodecimo).

1867 2128 2137 2195 Meretrix,
2157 2135 2339 2182 πέταλα
2365 2134 2575 2197 ῥάψασα,
2599 2125 2655 2180 id
2677 2133 2760 2181 est
2779 2140 2896 2196 qua:
2917 2125 3128 2180 laminis
3151 2134 3205 2181 et
3223 2142 3372 2182 amu-

1797 2219 1921 2274 letis
1950 2219 2182 2273 virorum
2212 2219 2435 2272 salutem
2457 2216 2799 2287 prosequitur
2825 2213 3005 2285 (Tomo
3027 2217 3215 2287 tertio).

1866 2311 2013 2366 Libri
2051 2311 2228 2365 aureis
2268 2310 2437 2364 literis
2479 2318 2843 2363 memorantur
2879 2323 2910 2361 a
2949 2307 3331 2380 Chrysostumo
3359 2351 3376 2375 ,

1794 2404 1980 2475 quales
2017 2403 2166 2456 multi
2197 2411 2348 2456 crant
2393 2401 2539 2456 illius
2578 2415 2723 2465 avo,
2769 2409 2826 2455 ut
2853 2400 2983 2456 dicit
3023 2401 3381 2473 Hieronymus

1795 2499 1814 2570 (
1838 2497 1999 2553 Temo
2017 2501 2236 2567 octavo).

1866 2590 1932 2647 In
1967 2592 2210 2663 pugillari
2255 2587 2435 2650 deleto,
2459 2587 2512 2641 in
2538 2586 2885 2657 palimpsesto
2911 2584 3094 2654 (Tomo
3114 2583 3378 2657 septimo).

1795 2687 1872 2741 De
1895 2686 2238 2756 palimpsesto
2267 2691 2389 2752 post
2421 2681 2734 2737 Ciceronem
2786 2679 2946 2734 locuti
2971 2694 3158 2733 sumus
3183 2679 3238 2734 in
3277 2679 3378 2734 Pa-

1793 2778 2115 2851 la-ographia
2145 2777 2350 2832 Graeca.
2642 2758 2647 2761 ”

1866 2872 2308 2943 ΡΙιίιοεοριῖοτιιηι
2326 2883 2498 2936 coma,
2517 2867 2756 2926 baculus,
2774 2865 2945 2919 abolla
2968 2863 3149 2935 (Tomo
3166 2861 3376 2933 primo).

1794 2965 2099 3036 PhiIOSOplii
2131 2962 2387 3036 profunda
2419 2955 2657 3014 instructi
2692 2956 2875 3019 barba,
2901 2955 3056 3024 pallia
3086 2963 3374 3025 gestantes,

1792 3073 1846 3119 et
1892 3062 2130 3126 buculos,
2160 3058 2344 3130 cynica
2373 3051 2575 3124 piacula
2606 3049 2788 3123 (Tomo
2811 3047 3075 3116 secundo).

1865 3159 2097 3212 Duorum
2135 3148 2572 3222 phil050phorum
2614 3142 2808 3212 scripta
2836 3149 3021 3195 contra
3046 3135 3377 3194 Christianos

1791 3261 2032 3319 tempore
2055 3241 2416 3317 Chrysostomi
2445 3239 2624 3308 (Tomo
2650 3230 2868 3303 octavo).

1866 3345 2042 3398 Persae
2079 3354 2198 3394 cum
2251 3333 2509 3389 matribus
2540 3327 2650 3382 suis
2678 3326 2990 3386 miscentur,
3041 3334 3214 3390 neque
3239 3335 3376 3374 unus

1790 3445 1882 3492 aut
1909 3436 2034 3497 duo,
2065 3431 2160 3486 scd
2191 3441 2321 3500 gens
2348 3425 2595 3479 universa
2622 3417 2803 3488 (Tomo
2827 3415 3066 3482 decimo).

1862 3532 2056 3587 Persas
2086 3525 2174 3596 qui
2199 3531 2399 3577 matres
2419 3530 2544 3572 suas
2572 3525 2765 3567 uxores
2790 3523 2897 3562 non
2926 3508 3124 3561 ducunt
3146 3503 3378 3558 admira-

1789 3641 1911 3682 mur
1939 3621 2119 3697 (Tomo
2147 3617 2354 3690 primo).

1862 3720 1902 3773 Α
1913 3685 2013 3788 pud
2042 3685 2230 3770 Persas
2250 3706 2386 3778 ignis
2404 3704 2544 3760 Deus
2573 3713 2694 3754 esse
2708 3703 2922 3767 putatur
2939 3689 3121 3765 (Tomo
3135 3685 3376 3755 secundo)

1789 3821 1976 3872 contra
2001 3823 2094 3865 eos
2119 3805 2206 3875 qui
2240 3805 2414 3873 ignem
2441 3797 2684 3850 adorant.

1861 3906 1972 3961 Rex
2000 3903 2278 3959 Persarum
2296 3895 2510 3952 barbam
2529 3891 2686 3944 habet
2710 3899 2948 3946 auream,
2980 3881 3044 3935 iis
3070 3879 3158 3950 qui
3188 3877 3376 3931 harum

1789 4017 1970 4061 rerum
2000 4007 2123 4054 sunt
2149 3992 2302 4065 periti
2337 3987 2500 4045 veluti
2524 3983 2623 4039 sub
2663 3981 2892 4050 tegmine
2922 3976 3062 4031 illius
3089 3971 3211 4042 pilis
3236 3969 3376 4024 intra

1788 4097 1904 4151 auri
1929 4092 2152 4148 laminas
2179 4081 2564 4140 invnlventibus
2589 4074 2769 4147 (Tomo
2794 4066 3101 4136 undecimo).

1864 4180 2197 4243 Hamaxobii,
2228 4173 2441 4248 Scytha:
2486 4179 2539 4225 et
2563 4163 2829 4223 Nomades
2877 4160 3076 4215 nullum
3106 4153 3382 4210 struebant

1789 4275 2070 4338 zdilicium
2095 4269 2293 4343 (Tomo
2314 4265 2526 4336 septimo
2545 4261 2589 4331 ).
