3818 6404
75 460 127 514 57
1251 456 1336 512 DE
1373 454 1431 512 S.
1468 455 1729 512 JOANNE
1766 456 2133 515 CIIRYSOS'I’.
3252 465 3320 522 98

76 571 252 642 quarto
279 569 551 642 seductor
581 578 639 625 et
665 568 1032 642 Samaritanus
1077 567 1407 642 vocabatur,
1433 578 1644 625 creatu-

79 639 166 697 ram
188 642 253 694 ab
280 640 373 695 his
405 643 683 703 tantisque
708 654 760 696 et
788 651 893 694 tam
919 639 1186 694 diuturnis
1217 639 1419 694 morbis
1446 650 1502 695 et
1526 656 1645 694 ma-

78 714 185 765 culis
220 712 549 766 mandavit:
607 712 821 780 quando
863 711 1041 766 veniet
1093 718 1153 765 ut
1185 709 1347 778 jndex
1404 711 1646 765 vivorum

78 794 501 846 etmurtunrum,
547 783 761 851 quando
805 783 1110 851 angelorum
1144 781 1438 836 innumeris
1476 781 1646 849 stipa-

80 854 453 916 tasordinibus,
478 853 697 924 quando
719 854 958 924 ninnium
978 851 1280 905 dominator
1299 861 1352 906 et
1374 851 1643 916 dominus,

79 924 259 991 quando
282 926 476 978 omnia
505 923 734 979 horrore
753 923 1122 978 concutientur
1141 930 1195 977 et
1216 930 1480 988 tremore;
1514 937 1646 991 quo-

79 997 210 1049 modo
247 996 486 1050 mutatio
514 1011 541 1047 a
570 994 911 1063 corruptione
937 993 993 1047 in
1018 992 1469 1063 incorruptionem
1491 1033 1507 1057 ,
1537 1008 1644 1050 non

79 1066 293 1120 rideatur
320 1076 624 1120 consecuta
673 1062 743 1118 ea
781 1080 901 1133 quae
943 1063 1051 1118 Deo
1088 1062 1248 1133 digna?
1271 1063 1439 1117 sunt?
1476 1080 1495 1115 ι

134 1155 153 1188 ι
178 1136 339 1190 Venit
366 1136 651 1196 Servatur,
682 1132 1085 1203 praedicentibus
1104 1132 1374 1203 prophetis
1399 1152 1412 1186 :
1435 1148 1500 1188 ne
1524 1135 1644 1203 quis

77 1217 217 1286 putei,
245 1206 450 1286 eodem
477 1206 794 1286 modo,_qno
821 1206 1000 1286 homo,
1037 1219 1068 1258 a
1095 1203 1273 1286 primo
1294 1204 1567 1286 proposita
1589 1213 1644 1259 et

78 1274 246 1332 auxilio
273 1278 551 1332 aberrans
572 1320 588 1342 ,
614 1278 679 1330 ad
706 1274 995 1329 secundum
1027 1275 1210 1338 venit;
1243 1274 1312 1327 ita
1339 1274 1500 1330 etiam
1532 1275 1642 1329 Deo

79 1358 371 1403 eventumm
402 1362 553 1402 esse.
582 1347 658 1403 Ne
683 1349 800 1417 quis
823 1346 984 1417 igitur
1010 1344 1063 1399 id
1086 1345 1403 1417 suspicetur,
1432 1345 1521 1398 diu
1545 1360 1642 1398 an-

80 1431 143 1473 te:
165 1421 449 1489 propheta:
478 1419 627 1473 illius
650 1414 935 1489 adventum
952 1414 1348 1489 prtedixertint,
1381 1424 1440 1489 ut
1462 1424 1643 1470 osten-

78 1485 463 1555 derent,_Deum
494 1505 601 1543 non
626 1487 926 1543 meditando
948 1485 1185 1541 invenire
1212 1486 1262 1539 id
1288 1486 1428 1554 quod
1449 1501 1646 1555 oppor-

79 1571 233 1615 tunum
272 1562 374 1624 sit,
406 1560 511 1614 sed
552 1577 578 1614 a
611 1559 866 1628 principio
904 1559 1083 1611 omnia
1124 1555 1455 1628 praevidisse.
1507 1555 1640 1610 Nam

79 1646 156 1686 nos
175 1630 405 1701 quidem
425 1626 676 1685 homines
701 1626 1035 1701 meditantur,
1066 1636 1121 1701 et
1142 1627 1188 1680 si
1210 1642 1239 1681 a
1261 1626 1425 1695 priori
1450 1637 1645 1701 conatu

80 1698 396 1765 aberremus,
429 1703 500 1754 ad
532 1701 691 1754 alium
719 1700 1003 1753 transimus
1035 1716 1049 1753 :
1078 1698 1218 1752 Deus
1242 1712 1371 1751 vero
1397 1712 1501 1752 non
1528 1698 1641 1762 sic;

80 1774 152 1826 sed
174 1774 325 1828 dedit
369 1773 590 1842 legem,
620 1770 944 1842 prophetas,
965 1777 1020 1823 et
1046 1776 1229 1842 postea
1256 1768 1641 1842 Evangelium;

82 1860 161 1898 non
189 1838 462 1911 temporis
492 1838 721 1897 decursu
748 1840 873 1909 quid
904 1841 973 1893 sit
1002 1838 1130 1893 utile
1160 1839 1374 1892 discens
1397 1878 1415 1904 ,
1455 1838 1549 1911 sed
1578 1839 1646 1893 ab

82 1916 205 1968 initio
229 1910 435 1969 videns
454 1956 471 1980 ,
508 1928 617 1968 non
643 1912 796 1966 aliter
823 1911 1061 1980 potuisse
1087 1920 1384 1963 creaturam
1423 1910 1555 1980 etin
1581 1924 1644 1980 ea

82 1986 325 2040 hminem
360 1978 486 2039 tieri
505 2026 523 2051 ,
557 1984 638 2038 vc!
664 1978 861 2036 institui
887 2022 903 2046 ,
933 1994 1105 2050 neque
1132 1979 1539 2051 incorruptionis
1564 1978 1647 2033 di—

80 2058 305 2125 gnitatetn
339 2049 607 2123 accipere
627 2096 641 2118 ,
674 2054 770 2125 nisi
801 2067 865 2106 eo
891 2049 1052 2125 modo
1080 2064 1188 2120 quo
1213 2049 1492 2105 iuelfabilis
1519 2065 1644 2120 pro-

82 2123 280 2180 iidentia
311 2138 372 2181 et
410 2125 718 2179 humanitas
743 2123 1088 2193 dispensavit.
1127 2140 1147 2173 ι

132 2198 178 2253 Si
196 2241 211 2263 ,
241 2197 510 2266 inquiunt
530 2236 547 2258 ,
581 2196 718 2248 Deus
747 2192 989 2266 praividit
1006 2193 1273 2266 _Adamum
1299 2205 1419 2247 esse
1460 2205 1648 2266 pecca-

78 2262 225 2322 turum
249 2310 265 2334 ,
294 2262 479 2337 quare
511 2267 661 2319 illum
692 2262 981 2337 produxit?
1004 2262 1071 2317 Et
1095 2262 1419 2337 multaisunt
1447 2263 1643 2337 eipul-

78 2332 333 2393 dierrimaé
364 2338 544 2407 hujus
567 2337 710 2407 dubii
748 2334 1075 2407 solutiones;
1115 2333 1244 2407 dicit
1268 2333 1445 2407 itaque
1469 2332 1647 2387 divina

77 2410 305 2480 sipientia
332 2402 604 2479 praiditus
622 2405 852 2480 Joannes
866 2403 1279 2480 Cltrysostoimits
1302 2420 1313 2455 :
1341 2421 1359 2453 ι
1389 2402 1502 2480 Non
1526 2412 1645 2457 tan-

78 2473 167 2533 tum
184 2482 303 2534 dico
328 2473 485 2549 quod
509 2481 612 2532 hoc
625 2476 966 2546 przesciverit,
981 2473 1077 2529 Sed
1098 2474 1256 2529 etiam
1279 2473 1416 2549 quod
1440 2475 1645 2549 lapsum

81 2553 322 2605 baininem
349 2544 461 2619 per
482 2544 838 2605 mcunioxmam
859 2553 1321 2619 erecturusesset.
1348 2544 1455 2599 Nec
1474 2546 1648 2619 primo

78 2624 293 2678 sivisset
324 2616 574 2689 lapsum,
607 2620 703 2672 nisi
732 2618 891 2671 etiam
919 2616 1273 2689 pra-scivissct
1299 2617 1647 2689 resurrectio-

81 2711 195 2747 nem.
226 2685 456 2748 Sciebat
486 2706 613 2746 eum
643 2685 1057 2756 lapsurum’esse
1076 2728 1090 2751 ,
1118 2685 1215 2739 scd
1241 2687 1646 2741 resurrectionis

80 2766 353 2818 remedium
387 2755 737 2832 pne-paravit,
768 2769 819 2832 et
849 2758 1089 2832 permisit
1115 2755 1381 2832 hominem
1403 2756 1475 2832 ad
1506 2772 1648 2809 tuor-

82 2827 551 2901 tisexperietitiam
596 2829 873 2901 pervenire
894 2870 908 2892 ,
942 2837 1004 2901 ut
1034 2827 1264 2901 disceret
1289 2828 1556 2901 quidper
1587 2841 1646 2881 se

78 2897 508 2976 consequeretur,
524 2897 651 2972 quid
665 2916 758 2976 per
774 2899 1039 2976 Dreatoris
1054 2900 1294 2976 gratiam.
1307 2897 1516 2976 _S_ciebat
1533 2897 1646 2953 fore

80 2989 123 3030 ut
143 2968 304 3031 Adam
333 2968 569 3029 cadet-toi
590 2968 727 3035 rscd
754 2970 967 3024 videbat
994 2983 1062 3023 ex
1081 2970 1172 3024 illo
1197 2968 1502 3038 prodituros
1526 2983 1648 3023 esse

82 3049 210 3113 Abel,
237 3048 416 3110 Enns,
448 3045 657 3102 Enocli,
679 3040 811 3113 Noe,
841 3041 1026 3105 Etiam,
1055 3041 1357 3109 prophetas,
1383 3039 1648 3094 admiran-

79 3121 158 3171 dos
193 3112 503 3188 apostolos.
556 3112 1322 3188 nobilitatetunaturtn;__vidit
1356 3120 1645 3188 martjiruin

82 3180 263 3251 nubes,
296 3188 570 3242 divinitus
614 3192 783 3237 motas
807 3222 822 3248 ,
857 3182 1105 3250 pietatem
1135 3180 1471 3245 distillantes.
1509 3181 1650 3234 Vidit

82 3262 191 3323 tuac,
218 3274 272 3314 et
304 3260 402 3312 tibi
435 3266 560 3312 erat
588 3254 861 3315 honestas,
895 3252 982 3305 ubi
1003 3252 1228 3321 justitia,
1258 3254 1346 3307 ubi
1373 3265 1505 3320 opus
1537 3252 1647 3323 Deo

82 3321 272 3400 ilignum
292 3332 317 3383 ?
343 3348 418 3384 an
451 3329 578 3400 quia
605 3339 742 3378 unus
779 3324 939 3400 homo
967 3332 1276 3400 peccaturus
1303 3333 1438 3400 erat,
1468 3337 1535 3400 ex
1568 3321 1649 3374 ni-

84 3392 169 3455 hilo
205 3403 358 3455 illum
406 3392 708 3468 producere
748 3409 852 3468 non
894 3393 1113 3459 debuit,
1145 3402 1199 3448 et
1243 3406 1319 3468 tot
1349 3392 1643 3468 hominum,

83 3488 281 3542 quorum
315 3487 389 3526 ue
408 3462 536 3522 ἰιηο
561 3466 774 3542 quidem
795 3465 992 3542 dignus
1016 3474 1127 3519 erat
1156 3465 1401 3526 mundus,
1420 3462 1647 3542 fruct-um

83 3533 337 3612 inputare
378 3556 451 3596 ac
489 3533 743 3594 radicitus
778 3536 1045 3590 demetere
1072 3545 1271 3590 tantum
1309 3535 1519 3612 generis
1545 3533 1650 3612 Itu-

85 3603 198 3667 min
223 3629 463 3684 germen
490 3620 545 3664 et
572 3614 962 3684 ornamentum,
994 3616 1154 3675 atque
1179 3603 1361 3661 contra
1394 3603 1521 3684 illud
1544 3605 1646 3657 im-

87 3677 270 3740 mittere
303 3683 506 3738 falcem
534 3690 589 3735 et
616 3681 777 3732 iram:
807 3677 963 3747 idque
985 3692 1106 3731 eum
1124 3687 1306 3746 postea
1338 3683 1649 3743 peccaturus

86 3768 217 3820 eset,
240 3771 308 3809 ac
328 3754 580 3808 nondum
602 3757 894 3819 peccasset,
910 3762 1080 3816 neque
1094 3762 1315 3820 peccare
1334 3747 1643 3820 cogitasset,

85 3816 253 3895 quippe
288 3825 543 3879 nondum
574 3816 851 3875 existens?
887 3819 944 3895 Si
970 3816 1110 3873 enim
1141 3817 1476 3895 prudentium
1511 3816 1650 3895 viro-

88 3886 281 3952 iamest
302 3912 416 3950 non
450 3897 520 3948 ab
543 3908 612 3948 eo
635 3905 818 3961 pinnas
841 3890 1056 3959 exigere
1078 3891 1165 3958 qui
1193 3904 1412 3958 peccare
1436 3886 1649 3961 quidem

89 3971 355 4038 cogitarit,
408 3957 652 4019 nonduin
700 3975 874 4038 tamen
925 3957 1206 4038 peccavit;
1247 3959 1512 4038 quomodo
1556 3957 1651 4011 Dei

89 4028 181 4093 esse
208 4028 407 4108 possit,
445 4038 516 4090 ab
549 4051 636 4092 eo.
659 4037 745 4105 qui
773 4047 840 4087 ne
863 4028 1146 4108 meditatus
1174 4030 1386 4100 quidem
1414 4028 1483 4108 sit
1522 4043 1648 4099 pec-

90 4101 225 4175 care;
268 4101 469 4177 [)(Bllas
510 4101 848 4175 peccatorum
889 4103 1143 4177 exigere?
1192 4101 1482 4177 praesertim
1526 4114 1648 4154 cum

92 4173 207 4235 me
232 4173 407 4250 grave
450 4173 729 4247 peccatum
784 4185 968 4228 esset:
1025 4173 1495 4250 (quotnudo‘e‘niut
1541 4185 1648 4250 non

90 4267 217 4317 grave
233 4242 415 4306 inerit
447 4242 655 4302 Domini
689 4254 1010 4322 praeceptum
1036 4242 1357 4311 despicere?
1380 4243 1403 4321 )_
1430 4257 1533 4322 nou
1558 4242 1649 4322 in:

92 4312 295 4377 Emabile
343 4337 481 4376 vero
530 4312 806 4388 peccatum
850 4316 1082 4369 futurum
1129 4326 1243 4388 erat
1287 4329 1351 4388 eti
1394 4312 1649 4388 ineliabili

92 4391 370 4447 Gmditnris
399 4383 712 4452 clementia,
744 4389 969 4458 primum
1000 4387 1264 4440 hominem
1286 4385 1351 4458 ad
1376 4383 1647 4458 pristinam

93 4467 376 4532 tlzgnitatem
411 4455 953 4526 revocaturifltaquc
978 4460 1020 4511 si
1055 4472 1157 4509 non
1187 4455 1431 4532 conditus
1460 4455 1650 4505 luisset

96 4527 263 4599 prunus
296 4535 491 4596 homo,
519 4532 640 4599 quia
675 4540 986 4599 peccaturus
1008 4538 1156 4589 erat;
1190 4527 1310 4579 hinc
1337 4533 1650 4592 sequeretur

98 4604 234 4660 Deum
264 4607 465 4675 punire
491 4618 612 4657 eum
649 4603 739 4671 qui
778 4599 1010 4675 mmdum
1040 4606 1343 4666 peccasset,
1372 4605 1425 4675 et
1466 4605 1645 4675 postef

230 4671 522 4731 vocatione
541 4685 702 4742 atque
732 4671 1152 4742 saluteiprivare,
1175 4676 1229 4722 et
1249 4674 1547 4720 creaturam
1570 4673 1648 4719 tot

99 4750 333 4817 natisque
360 4747 495 4801 viris
524 4740 710 4817 orbam
736 4740 1037 4817 ostendere.
1075 4757 1095 4817 ξ

151 4836 167 4866 ι
197 4808 331 4873 cum
361 4817 589 4871 divinus
633 4814 826 4867 Paulus
856 4811 995 4865 dicat
1018 4851 1032 4874 ,
1077 4809 1455 4879 Primogenitus
1484 4808 1646 4879 omnis

100 4900 311 4943 Gestare
335 4885 539 4959 (Col.I,
572 4887 685 4952 15),
715 4882 1004 4959 haeretici”
1033 4882 1219 4959 inquit,
1255 4877 1273 4932 ἆ
1308 4896 1412 4932 non
1442 4877 1646 4959 intelli-

98 4971 248 5025 εν-Βιςε
264 4947 470 5030 άόίιυτι
492 4947 734 5010 creatura
758 4955 1018 5030 loquatur,
1042 4947 1117 5006 ad
1130 4961 1424 5005 creaturam
1450 4947 1643 5002 Filium

102 5025 398 5100 sapientes
422 5029 755 5100 deprimunt.
798 5025 996 5092 Duplex
1028 5034 1203 5100 autem
1239 5032 1323 5076 est
1358 5030 1639 5100 creatura:

100 5091 412 5171 m'quidem
441 5091 601 5171 facta,
625 5098 791 5171 altera
810 5091 1088 5171 renovata.
1116 5092 1258 5147 ldetn
1284 5092 1426 5147 enim
1448 5091 1644 5171 gaulus

100 5160 250 5225 :miu
268 5174 475 5226 clamat
497 5189 509 5223 :
536 5169 594 5224 Si
611 5168 779 5235 quain
799 5165 1018 5227 Christo,
1041 5180 1171 5217 nova
1187 5175 1416 5217 creatura
1441 5160 1640 5235 (IICor.

106 5240 149 5294 τ.
176 5245 291 5309 l7).
331 5242 514 5311 thue
561 5232 759 5311 clarius
807 5235 1053 5311 osmodat
1082 5250 1140 5289 se
1165 5235 1436 5311 Christian
1465 5232 1644 5311 dicere

102 5303 332 5368 mm
355 5303 617 5367 creaturae
651 5308 1082 5379 primogenitum,
1131 5303 1643 5379 addit,_Primogeni-

103 5392 156 5434 in
179 5403 231 5437 et:
255 5384 475 5438 mortuis
500 5377 718 5453 (Calais.
752 5380 792 5442 I,
825 5378 938 5448 i8),
974 5387 1032 5429 ut
1062 5377 1114 5430 in
1148 5377 1411 5453 omnibus
1444 5377 1642 5453 primas

106 5462 256 5509 ‘wt.
286 5444 518 5509 Primus
547 5462 632 5506 est
669 5444 1042 5505 renovatorum
1062 5487 1078 5513 ,
1110 5462 1293 5500 eorum
1325 5445 1413 5515 qui
1454 5444 1521 5497 ad
1554 5445 1633 5515 in-

102 5529 464 5593 muptiouem
498 5532 775 5585 vocantur,
808 5534 990 5593 eorum
1022 5518 1127 5593 qui
1147 5531 1179 5593 a_
1208 5514 1431 5571 mortuis
1473 5514 1641 5568 susci-

104 5589 239 5650 batur
269 5616 283 5648 :
328 5598 540 5665 primus
564 5634 579 5656 ,
620 5607 721 5665 non
765 5589 1347 5665 secunduttt_deitatem
1373 5627 1387 5650 ,
1430 5600 1594 5655 apage
1623 5603 1635 5638 ε

102 5660 379 5723 «mantelia
397 5683 544 5720 euuu
568 5675 649 5717 est
677 5663 783 5716 Deo
804 5661 979 5714 voeari
1000 5660 1226 5728 primum
1253 5666 1637 5722 creaturarum,

100 5752 160 5798 ςει
177 5741 416 5793 ἑιιεπηιιιὶῐὶ
443 5739 674 5796 ratione,
698 5742 751 5788 et
782 5728 1304 5800 incomprelteusibili
1327 5728 1638 5800 excellentia

100 5820 218 5874 aiter
234 5828 423 5863 mutes
447 5816 725 5861 creaturas
752 5799 987 5857 ascendit
1008 5804 1294 5869 sedetque;
1317 5800 1409 5853 sed
1439 5799 1640 5874 primus

100 5871 155 5930 ει(
170 5885 448 5935 saeui-ilum
478 5878 885 5938 humanitatem,
909 5874 1155 5941 princeps
1181 5874 1347 5923 laetus
1376 5871 1528 5923 nobis
1556 5885 1639 5923 re-

96 5954 418 6017 arrectionis,
442 5962 503 6006 et
527 5947 836 6002 mutationis
858 5961 924 6002 ex
942 5943 1280 6014 corruptione
1301 5942 1352 5996 in
1370 5941 1638 6009 incorrup.

1757 570 1975 645 iionem.
2009 568 2084 645 Αξί
2126 570 2267 645 enim
2320 567 2893 645 Eliasliliumviilna‘.
2933 574 3215 645 excitavit,
3266 590 3320 634 et

1754 642 1971 716 Elismus
2001 641 2167 716 lilium
2200 640 2547 716 Sunamitidis
2567 683 2583 705 ,
2612 652 2667 698 ct
2694 644 2808 713 ipse
2837 643 3087 702 Senator
3113 640 3319 716 quatri-

1749 713 1982 766 duanum
2022 711 2276 766 Lazarum
2318 712 2606 777 excitavit;
2639 724 2692 769 at
2719 711 2885 770 nemo
2925 732 3109 772 eorum
3131 711 3205 774 'ad
3235 720 3317 774 iu-

1748 782 2141 854 corruptionem
2162 792 2214 836 ut
2236 782 2683 839 immortalitatem
2706 787 2961 840 excitatus
2982 797 3099 854 est;
3123 789 3316 845 iterum

1748 853 1888 906 enim
1911 869 2055 907 mons
2083 855 2133 907 in
2162 854 2278 909 illos
2298 854 2589 908 dominium
2613 857 2892 911 exercuit:
2915 856 3159 914 Christus
3187 874 3313 916 vero

1746 939 2032 992 resurgens
2071 940 2134 979 ex
2166 924 2391 977 mortuis
2413 964 2429 988 ,
2464 938 2571 977 non
2615 925 2749 978 ultra
2785 927 3028 994 moritur,
3060 944 3204 985 mors
3236 931 3310 986 illi

1746 1008 1849 1047 non
1868 994 2115 1067 amplius
2132 995 2467 1067 dominaturi;
2504 994 2601 1067 sed
2632 1010 2802 1067 neque
2843 998 2946 1053 illis
2989 1014 3119 1067 quos
3145 999 3198 1055 in
3224 1017 3311 1057 se-

1743 1063 1918 1118 cundo
1938 1080 2034 1118 suo
2054 1065 2279 1138 adventu
2306 1064 2603 1138 suscitabat
2622 1065 2666 1119 Ο
2686 1063 2874 1138 malam
2900 1077 2953 1120 et
2974 1063 3313 1138 insipientem

1744 1142 1976 1190 mentem
2007 1136 2269 1190 vestram!
2306 1133 2459 1188 Venit
2481 1133 2721 1189 Christus
2746 1137 2811 1190 ad
2838 1152 2956 1203 nos;
2983 1133 3127 1195 dedit
3158 1141 3308 1198 nobis

1742 1207 1982 1273 spiritum
2007 1221 2182 1271 suum,
2206 1216 2259 1260 et
2282 1205 2568 1274 assumpsit
2590 1220 2784 1275 corpus
2814 1220 3076 1272 nostrum,
3103 1219 3159 1264 et
3179 1226 3309 1264 con-

1744 1286 1940 1330 tractus
1971 1277 2258 1345 praacessit,
2286 1287 2339 1330 et
2358 1286 2626 1343 assumpta
2648 1292 2820 1332 massa
2846 1288 3028 1332 nostra
3052 1282 3311 1336 exaltavit

1743 1346 1922 1419 illam,
1939 1356 1992 1402 et
2017 1347 2290 1419 constituit
2311 1345 2363 1399 in
2391 1345 2610 1419 dextera
2637 1346 2828 1419 Patris,
2854 1356 2908 1403 et
2936 1349 3171 1419 ingratus
3196 1351 3313 1405 ani-

1744 1431 1862 1489 mus
1908 1417 2222 1473 beneﬁcium
2263 1416 2597 1489 contumelia
2616 1418 2799 1475 allicit.
2836 1416 3058 1489 Accepit
3087 1437 3116 1475 a
3162 1422 3312 1477 nobis

1743 1485 2071 1560 ﬁgmentum,
2099 1499 2153 1542 et
2176 1489 2449 1542 constituit
2475 1487 2546 1560 ad
2567 1487 2838 1560 dexteram
2866 1485 3036 1544 Patris
3064 1507 3077 1543 :
3105 1492 3313 1560 accepi-

1744 1572 1863 1612 mus
1890 1559 1957 1613 ab
1982 1559 2074 1613 illo
2100 1560 2366 1628 spiritum,
2395 1567 2448 1612 et
2476 1558 2725 1620 iniuriam
2755 1558 2996 1627 facimus,
3024 1561 3078 1616 in
3103 1558 3311 1618 creatu-

1743 1644 1922 1700 rarum
1950 1639 2002 1683 et
2027 1644 2298 1700 servttrutn
2324 1628 2564 1683 ordinem
2591 1628 2737 1685 illum
2771 1631 3088 1700 redigentes.
3126 1652 3146 1685 ι

1821 1717 1840 1751 ι
1877 1699 2068 1772 Petilio
2100 1698 2312 1772 quidem
2343 1700 2552 1763 dicitur,
2592 1700 2844 1772 )AIIIQUII,
2889 1698 2907 1753 ἱ
2942 1703 3153 1772 quando
3194 1704 3314 1772 quis

1747 1769 1910 1842 Deum
1932 1770 2198 1842 quidpiam
2218 1779 2397 1839 rogat;
2432 1770 2666 1838 precatio
2693 1781 2890 1836 autem,
2907 1769 3118 1842 quando
3147 1769 3313 1828 Deum

1745 1839 1923 1913 laudat
1939 1839 2262 1913 {gratiarum
2282 1843 2448 1913 actio,
2478 1844 2738 1913 cumquis
2766 1857 2863 1913 pro
2890 1839 3120 1911 acceptis
3148 1844 3309 1898 bene-

1747 1910 1880 1983 ﬁciis
1912 1911 2109 1980 gratias
2140 1912 2249 1980 agit
2278 1911 2427 1983 Deo;
2451 1910 2801 1983 supplicatio,
2828 1928 2949 1967 cum
2977 1910 3097 1983 quis
3123 1922 3310 1969 contra

1748 1982 1925 2050 inique
1952 1990 2172 2051 agentes
2197 1981 2400 2035 accedit
2423 1982 2489 2035 ad
2519 1982 2704 2049 Deum,
2731 1998 2928 2038 vocans
2957 1981 3101 2039 illum
3128 1984 3195 2037 ad
3225 1984 3309 2039 ul-

1750 2053 1967 2122 tionem.
2000 2071 2021 2104 ο
2058 2070 2076 2105 t
2105 2051 2415 2120 Supplicare
2436 2067 2561 2106 vero
2582 2068 2688 2106 non
2715 2064 2797 2108 est
2817 2056 3046 2122 precari,
3077 2074 3096 2106 ι
3121 2055 3312 2122 inquit,

1752 2121 1898 2197 ¢__s_ed
1938 2122 2279 2197 interrogare
2295 2131 2368 2197 εξ-
2375 2137 2686 2197 responsum
2714 2121 2974 2197 accipere.
3008 2125 3153 2197 Dicit
3178 2121 3315 2197 Deus

1748 2192 1883 2265 Elia;
1906 2210 1919 2246 :
1949 2192 2085 2259 Quid
2107 2202 2164 2265 _tu
2189 2191 2290 2265 hic,
2320 2191 2441 2245 Elia
2469 2191 2569 2263 (Ill
2592 2192 2732 2265 Reg:
2750 2192 2890 2260 XIX,
2919 2192 2974 2259 9,
3014 2195 3082 2251 10
3101 2198 3119 2265 )
3139 2196 3162 2249 ‘l
3185 2195 3315 2249 Res-

1745 2263 1944 2385 $ondet
1970 2262 2225 2344 propheta
2261 2262 2615 2345 interrogatus
2644 2262 2809 2346 {zelo
2862 2268 3053 2319 zelatus
3080 2262 3194 2348 sum
3223 2284 3315 2334 pro

1799 2350 1966 2385 animo
2006 2342 2333 2385 omnipotenti
2356 2375 2373 2385 .
2415 2349 2535 2385 auia
2580 2334 2950 2385 derelmuerunt
3002 2344 3048 2385 te
3091 2337 3183 2385 liln
3226 2336 3312 2385 la-

1799 2334 1966 2387 omino
2006 2334 2373 2404 omnipotenti,
2415 2335 2535 2402 quia
2580 2334 2950 2404 dereliquerunt
3002 2344 3048 2390 te
3089 2337 3183 2404 ﬁlii
3226 2336 3312 2389 ls-

1746 2404 1888 2469 rael,
1921 2414 2027 2477 etc.
2072 2402 2186 2458 Non
2231 2414 2313 2458 est
2349 2403 2436 2458 hic
2472 2402 2757 2477 precatio,
2772 2406 2863 2461 sed
2895 2402 3239 2477 interrogatio
3266 2418 3320 2460 «ιι

1746 2476 2068 2544 responsio;
2089 2484 2143 2528 et
2179 2490 2244 2529 ex
2276 2483 2500 2545 utroque
2544 2474 2602 2529 (it
2628 2476 2969 2545 colloquium.
2999 2476 3065 2532 Et
3102 2474 3239 2533 unde
3268 2479 3318 2530 id

1748 2546 2041 2613 probatur?
2068 2545 2287 2599 Paulum
2309 2544 2573 2603 dicentem
2601 2546 2725 2600 audi
2751 2563 2764 2598 :
2788 2544 2873 2601 An
2899 2548 3096 2601 nescitis
3119 2549 3171 2602 in
3200 2545 3319 2601 Elia

1744 2616 1868 2683 quid
1886 2616 2017 2686 dicit
2047 2616 2355 2686 Scriptura?
2378 2617 2799 2682 quemadmodum
2825 2618 3109 2686 interpellat
3135 2618 3318 2672 adver-

1745 2702 1855 2738 sum
1877 2684 2041 2740 Israel
2065 2687 2237 2756 (Rom.
2260 2685 2353 2751 XI,
2379 2687 2476 2755 2)?
2524 2687 2685 2756 Igitur
2712 2684 3047 2756 interpellatio
3089 2706 3192 2742 non
3236 2700 3320 2744 est

1746 2757 2023 2828 peccarim;
2045 2756 2147 2812 Sed
2175 2756 2745 2828 bmchrysostomus.
2764 2757 2985 2827 Oportet
3015 2760 3171 2828 igitur
3194 2760 3320 2814 sub-

1748 2828 1890 2903 tilius
1913 2825 2237 2903 dili‘erentias
2275 2825 2536 2903 dictoi‘um
2562 2825 2854 2903 nominum
2898 2825 3226 2903 perpendere
3250 2841 3319 2903 et

1746 2897 2117 2960 considerare;
2149 2907 2209 2969 ut
2227 2897 2530 2969 nonisolum
2560 2898 2749 2953 idonea
2789 2897 3037 2969 sint'quz'e
3062 2901 3201 2968 plebi
3230 2900 3319 2953 di-

1746 2978 1952 3031 cantur,
1995 2970 2090 3022 sed
2130 2968 2288 3022 etiam
2338 2967 2404 3023 iis
2437 2968 2527 3037 qui
2574 2983 2665 3023 eas
2718 2984 2877 3024 voces
2926 2967 3104 3029 volent
3141 2972 3319 3027 acrius

1747 3039 2045 3106 explorare,
2074 3038 2457 3107 insuperabiles
2485 3048 2540 3094 et
2562 3038 2835 3095 iuoli‘ensaa
2852 3048 3181 3096 remaneant.

1750 3151 1833 3205 Ea:
1860 3154 2086 3206 oratiane
2109 3192 2123 3217 ,
2155 3151 2305 3219 Quod
2328 3152 2505 3207 veteris
2534 3160 2581 3207 et
2621 3153 2735 3207 novi
2763 3151 3067 3207 Testamenti
3099 3170 3228 3207 unus
3256 3154 3323 3208 sit

1818 3223 2094 3364 legislatoi',
2117 3233 2167 3365 iet
2192 3225 2245 3277 in
2268 3224 2582 3277 sacerdotum
2618 3225 2962 3279 indumentum
2984 3265 3000 3291 ,
3032 3235 3079 3279 et
3106 3226 3167 3280 de
3199 3224 3317 3280 Pa:-

1819 3305 2029 3348 mtentta
2079 3312 2109 3347 a
2142 3334 2156 3348 .

1826 3428 1844 3460 ι
1881 3411 1967 3465 Ait
1994 3410 2184 3480 Paulus
2210 3430 2225 3464 με
2254 3409 2377 3464 Νοη
2407 3412 2538 3464 enim
2567 3412 2799 3465 erubesco
2814 3407 3136 3480 Evangelium
3166 3426 3184 3464 :
3198 3412 3316 3479 jus-

1751 3483 1861 3553 titia
1897 3482 2024 3553 enim
2053 3479 2147 3553 Dei
2172 3482 2225 3553 in
2251 3497 2308 3534 eo
2335 3482 2581 3535 revelatur
2607 3480 2781 3553 (Rom.
2812 3481 2853 3548 I,
2888 3479 2998 3550 I6).
3039 3483 3317 3548 Quomodo

1752 3552 1911 3622 igitur
1943 3551 2142 3622 justitia
2174 3552 2267 3606 Dei
2303 3553 2355 3605 in
2382 3566 2448 3606 eo
2476 3551 2783 3606 reveletur?
2821 3553 3142 3619 Quomodo?
3180 3553 3315 3619 Quia

1752 3621 1919 3691 prima
1961 3624 2044 3675 lex
2070 3621 2267 3676 .Iudreis
2298 3623 2467 3676 solum
2495 3623 2614 3677 data
2656 3623 2843 3689 fuerat,
2876 3624 2999 3677 licet
3023 3623 3111 3676 alii
3143 3623 3320 3676 homi-

1751 3708 1846 3748 nes
1888 3692 2124 3762 ejusdem
2152 3702 2335 3748 essent
2361 3693 2678 3748 conditionis
2714 3703 2768 3748 et
2798 3704 2998 3748 natura;
3025 3708 3041 3757 ;
3069 3693 3315 3761 Evange-

1751 3764 1877 3818 lium
1909 3778 2038 3817 vero
2075 3765 2321 3818 omnibus
2353 3765 2627 3832 aequaliter
2650 3765 2894 3833 gentibus
2924 3779 2937 3816 :
2965 3764 3086 3833 jure
3120 3764 3317 3817 merito

1758 3834 1813 3889 in
1843 3836 1935 3887 illo
1954 3834 2155 3904 justitia
2187 3834 2279 3888 Dei
2308 3836 2591 3899 revelatur,
2639 3832 2694 3889 et
2720 3844 2940 3890 vocatur
2975 3832 3320 3903 Evangeliutn

1746 3905 1988 3974 iustitiae.
2017 3906 2069 3960 In
2101 3905 2264 3959 veteri
2293 3906 2448 3974 igitur
2469 3905 2810 3960 Testamento
2837 3920 2940 3960 non
2968 3915 3084 3960 erat
3108 3905 3318 3960 vocatio

1745 3978 1925 4039 justa:
1953 3989 2057 4028 non
2082 3976 2222 4030 enim
2251 3976 2495 4029 similiter
2518 3990 2704 4030 omnes
2730 3975 2952 4030 vocabat
2973 3987 3026 4031 et
3049 3975 3317 4031 illumina-

1750 4046 1860 4110 bat,
1889 4045 1981 4100 sed
2007 4047 2150 4100 solos
2169 4044 2400 4101 Judacos.
2423 4045 2537 4100 Non
2557 4057 2672 4099 erat
2700 4046 2857 4115 igitur
2872 4045 3033 4115 justa,
3059 4046 3153 4101 sed
3174 4060 3322 4101 (nco-

1752 4118 1959 4171 nomica
1988 4157 2003 4179 ,
2038 4131 2338 4186 praeparans
2378 4116 2518 4169 viam
2560 4116 2814 4184 jusutite?
2856 4117 2973 4171 Non
3014 4116 3135 4171 dico
3179 4117 3319 4171 hanc

1748 4188 1965 4258 justam,
2000 4188 2141 4241 illam
2168 4200 2295 4240 vero
2321 4186 2597 4255 injustam,
2631 4186 2725 4258 sed
2756 4186 2897 4241 illam
2921 4188 3056 4241 viam
3085 4187 3240 4256 hujus
3266 4198 3322 4243 et

1754 4256 2212 4327 prceparationem.
2241 4258 2603 4327 Dpinabantur
2621 4256 2787 4311 .Iudazi
2808 4258 2906 4311 sibi
2935 4258 3063 4311 solis
3089 4272 3319 4327 evange-

1752 4326 1879 4383 lium
1906 4329 2084 4382 datum
2112 4328 2195 4392 iri,
2227 4326 2364 4381 sicut
2388 4335 2443 4380 et
2472 4327 2640 4396 legem
2672 4345 2685 4381 :
2718 4326 2811 4382 sed
2839 4326 3318 4396 exspectatiocon-

1754 4410 1831 4453 tra
1861 4413 2006 4466 spem
2036 4398 2230 4452 evenit.
2252 4396 2375 4451 Ideo
2401 4395 2713 4452 dicit’David
2743 4416 2755 4450 :
2786 4395 3131 4465 Suscepimus,
3154 4395 3316 4463 Deus,

1751 4468 2141 4523 misericordiam
2173 4476 2309 4519 tuam
2334 4468 2387 4521 in
2414 4467 2579 4521 medio
2606 4469 2780 4537 populi
2807 4471 2877 4521 tui
2907 4467 3079 4537 (Psal.
3108 4467 3316 4534 XLVII,

1753 4540 1839 4604 10‘,
1871 4538 1958 4608 Il)
1988 4554 2001 4592 :
2034 4538 2226 4592 deinde
2265 4555 2280 4596 ς
2309 4537 2599 4592 Secundum
2628 4554 2806 4592 nomen
2832 4549 2974 4591 tuum
2993 4579 3010 4603 ,
3039 4538 3175 4592 Deus
3195 4578 3211 4601 .
3243 4540 3317 4592 ita

1750 4621 1796 4663 et
1825 4612 1935 4664 laus
1963 4619 2067 4672 tua,
2099 4624 2201 4661 non
2227 4609 2397 4662 solum
2429 4610 2479 4661 itt
2509 4608 2685 4662 medio
2716 4609 2888 4677 populi
2918 4608 3015 4674 tui,
3042 4609 3135 4663 sed
3157 4610 3316 4665 etiam

1748 4682 1802 4733 in
1843 4681 1967 4746 ﬁnes
2012 4689 2177 4733 terrae.
2221 4678 2289 4733 Et
2325 4689 2380 4733 ut
2405 4678 2650 4733 ostendat
2672 4679 2813 4748 quod
2856 4678 3094 4734 misereri
3136 4680 3319 4734 liuimn

1752 4761 1907 4805 terrae
1944 4750 2162 4820 justitiae
2199 4749 2291 4817 sit,
2322 4748 2469 4805 addit
2500 4768 2513 4803 :
2554 4748 2764 4803 Justitia
2808 4749 2959 4821 plena
2995 4759 3067 4805 est
3113 4750 3321 4806 dextera

1748 4832 1854 4874 tua.
1891 4840 1910 4873 ι

1823 4911 1843 4945 ι
1870 4891 2118 4946 Dominus
2131 4892 2353 4962 regnavit
2368 4889 2540 4962 (Psal.
2555 4890 2710 4953 XCII,
2732 4891 2806 4961 1),
2830 4891 3018 4961 inquit.
3041 4890 3325 4962 Quomodo

1746 4964 1988 5034 regnavit
2030 4961 2317 5034 Dominus?
2341 4976 2418 5034 an,
2432 4964 2587 5034 quasi
2614 4977 2808 5034 novam
2834 4962 3106 5030 accipiens
3144 4961 3317 5031 digni-

1749 5033 2127 5108 tatemmregni?
2147 5033 2201 5088 Si
2223 5035 2365 5088 enim
2390 5033 2632 5098 dixisset,
2652 5033 2918 5108 Dominus
2940 5039 3146 5108 regnat,
3173 5042 3319 5086 aetero

1749 5122 1868 5158 nam
1904 5102 2109 5158 Domini
2139 5112 2454 5175 potestatem
2481 5102 2836 5168 ostendisset;
2865 5117 2987 5175 cum
3014 5104 3141 5175 dicit
3170 5117 3324 5168 vero,

1748 5175 2014 5246 Regnavit,
2044 5173 2160 5243 ejus
2180 5175 2533 5246 (economiam
2558 5189 2654 5246 per
2669 5190 2889 5246 carnem
2917 5173 3200 5246 signiﬁcat,
3227 5188 3325 5242 per

1746 5244 1901 5315 quam
1932 5256 2114 5300 natura
2146 5253 2326 5299 nostra
2351 5244 2479 5314 jugo
2505 5244 2723 5307 diaboli,
2748 5244 2967 5313 peccati,
2992 5244 3199 5315 mortis,
3223 5258 3320 5297 ex-

1745 5313 1927 5381 cusso,
1952 5315 2261 5370 Creatorem
2292 5313 2559 5385 cognovit,
2590 5324 2645 5367 u-t
2674 5330 2856 5367 verum
2888 5314 3082 5385 Regem
3106 5355 3121 5378 ,
3157 5313 3320 5382 largi-

1747 5397 1914 5441 torem
1946 5386 2379 5454 incorruptionis,
2411 5385 2835 5440 resurrectionis.
2867 5385 3118 5440 Nuntium
3159 5385 3321 5455 igitur

1747 5458 1924 5511 laatum
1951 5459 2105 5510 at‘l'ert
2130 5456 2292 5510 David
2322 5455 2407 5518 iis,
2439 5456 2526 5524 qui
2557 5470 2587 5507 a
2620 5465 2857 5523 peccato,
2891 5468 3082 5523 morte,
3110 5455 3324 5511 diabolo

1745 5529 1871 5583 olim
1901 5528 2241 5598 regebantur,
2263 5524 2408 5598 quod
2431 5526 2615 5595 jugum
2647 5527 2773 5580 illud
2799 5527 3123 5598 contritum,
3155 5526 3326 5594 impe-

1746 5600 1882 5653 rium
1927 5597 2189 5653 sublatum
2232 5597 2320 5658 sit,
2349 5606 2402 5650 et
2437 5598 2691 5649 Dominus
2721 5598 2968 5650 omnibus
2995 5597 3321 5657 dominetur,

1746 5681 1803 5724 ut
1828 5671 1940 5737 ipse
1969 5683 2178 5739 quoque
2223 5677 2341 5739 post
2380 5668 2822 5739 resurrectionem
2852 5667 3028 5739 dixit;
3070 5665 3320 5739 galli-£83

1744 5734 1866 5793 mihi
1898 5734 2059 5792 omnis
2081 5734 2299 5807 potestas
2324 5738 2378 5790 in
2401 5738 2522 5790 caelo
2548 5747 2595 5790 et
2614 5738 2667 5790 in
2689 5749 2820 5790 terra
2845 5736 3058 5807 (Matth.
3086 5734 3317 5801 XXVIII,

1745 5811 1853 5880 18).
1877 5811 2028 5864 Prius
2054 5824 2178 5863 vero
2202 5808 2472 5862 dominata
2503 5816 2584 5863 est
2602 5808 2754 5862 nobis
2775 5822 2918 5862 mors
2940 5817 2991 5861 et
3020 5813 3319 5876 peccatum:

1806 5946 2034 6009 (a)Pltot.
2060 5944 2231 6003 Bekk.,
2257 5958 2302 6006 ρ.
2330 5941 2497 6002 ὕ20,1).
2525 5940 2616 6004 0p.
2643 5940 2862 6004 Chrysos.
2913 5947 2947 5991 t.
2971 5947 3035 5989 Vt.
