3864 6376
504 448 570 504 99
1749 440 2146 498 resrmomx
2195 439 2514 500 \‘ETERUM

506 561 746 626 Regnavit
763 574 903 614 enim
922 575 1051 611 mors
1067 559 1128 610 ab
1146 557 1304 610 Adam
1321 573 1473 625 usque
1487 556 1554 608 ad
1575 555 1794 626 Moysen:
1809 559 1824 626 (
1837 555 2052 620 Ront.V,

503 621 632 702 Mi,
661 643 711 686 et
741 641 938 702 postea.
969 630 1032 702 Et
1063 631 1319 702 Servntor
1343 621 1408 681 de
1434 621 1695 702 (11³1)ρὶοξ
1818 621 2055 702 'satanfon

503 696 707 756 satanas
742 696 939 770 ejiciat,
973 698 1185 770 diuisum
1209 708 1279 750 est
1302 713 1514 770 regnum
1544 699 1651 770 eius
1720 697 1906 770 Matth.
1940 696 2052 761 XII,

501 772 614 843 26).
633 767 818 843 Itaque
843 769 1079 843 regnavit
1102 776 1234 843 ante
1253 767 1533 821 adventurm
1562 768 1756 820 Christi
1781 781 1941 843 super
1969 782 2060 843 ge-

503 837 605 897 nus
627 837 923 894 humanum
939 837 1200 898 diabolus,
1224 838 1330 890 imo
1351 848 1404 891 et
1425 847 1692 905 peccatum
1723 855 1735 889 :
1763 837 1888 890 dicit
1917 839 2056 891 enim

504 914 693 968 Iterum
735 910 926 963 Paulus
954 926 966 961 :
1003 908 1435 975 Quemadmodum
1461 908 1678 976 regnavit
1705 918 1959 975 peccatum
2004 908 2057 960 in

507 981 708 1035 mortali
737 988 903 1032 nostro
937 995 1164 1041 corpore,
1193 979 1264 1031 sic
1289 988 1333 1030 et
1362 978 1524 1047 gratia
1549 978 1776 1047 regnabit
1802 995 1888 1044 per
1913 977 2060 1030 Chri~

505 1065 639 1106 stum
683 1049 858 1117 (Rom.
903 1048 969 1115 V,
1010 1048 1122 1119 2i).
1154 1047 1404 1119 Dominua
1437 1050 1697 1116 regnavit;
1729 1048 1929 1101 [initum
1977 1056 2059 1102 est

504 1116 781 1191 imperium
827 1116 1091 1191 peccati,
1115 1119 1335 1191 mortis,
1377 1116 1570 1171 diaboli
1603 1134 1618 1181 ;
1657 1119 1850 1170 exultet
1901 1119 2057 1187 igitur

510 1189 668 1254 terra,
701 1189 884 1244 natura
917 1190 1202 1258 terrigena,
1232 1189 1356 1241 olim
1383 1204 1586 1249 errans,
1618 1204 1756 1240 nunc
1779 1203 1905 1242 vero
1940 1191 2056 1258 διο-

506 1264 644 1316 riosa
671 1279 684 1320 :
715 1261 837 1314 olim
866 1261 916 1312 in
943 1260 1220 1328 sepulcris,
1250 1273 1387 1311 nunc
1413 1259 1464 1311 in
1495 1258 1716 1310 tiu-onis.
1753 1277 1770 1308 ι

583 1350 602 1383 ι
633 1327 1046 1393 (Εοοιιοωίωγ)
1091 1329 1275 1395 inquit,
1328 1346 1347 1380 ι
1371 1338 1518 1384 erant
1547 1329 1768 1395 plurima
1812 1327 1862 1379 in
1892 1329 2055 1382 veteri

506 1401 868 1465 Testamento,
915 1399 1008 1454 sed
1051 1413 1156 1452 non
1199 1399 1416 1452 omnino
1456 1408 1603 1466 grata
1641 1407 1694 1451 et
1733 1397 2056 1466 beneplacita

510 1472 620 1526 Deo
642 1479 790 1525 erant
833 1487 848 1526 :
879 1485 1055 1524 rerum
1088 1470 1378 1522 futurarum
1409 1469 1586 1536 figurae
1611 1479 1664 1522 et
1693 1468 1894 1521 umbrae
1917 1509 1931 1533 ,
1962 1469 2056 1522 sed

507 1557 613 1596 non
642 1556 726 1595 res
749 1540 875 1609 ipsa;
898 1557 912 1592 :
941 1547 995 1594 et
1021 1539 1200 1592 videre
1225 1539 1381 1609 estin
1409 1538 1511 1590 illis
1535 1538 1664 1592 alias
1688 1538 1896 1607 quidem
1929 1537 2061 1606 ﬁgu-

507 1627 594 1666 ras
619 1651 634 1676 ,
659 1607 790 1664 alias
824 1625 952 1664 vero
985 1611 1248 1663 netiones.
1278 1607 1435 1662 Verbi
1461 1609 1626 1677 gratia
1650 1650 1664 1670 ,
1710 1624 1813 1661 non
1841 1609 2061 1662 omnino

507 1681 714 1752 placent
749 1681 865 1752 Deo
894 1679 1226 1752 hyacinthus,
1257 1694 1506 1752 purpura,
1538 1694 1726 1752 coccns
1751 1688 1806 1732 et
1831 1679 2058 1749 byssns;

507 1748 647 1806 Deus
675 1751 814 1804 enim
839 1748 1131 1804 animarum
1160 1751 1436 1817 puritatem
1466 1748 1705 1817 requirit,
1733 1764 1838 1802 non
1865 1748 2059 1817 Corpo-v-

507 1837 624 1875 rum
654 1820 812 1874 ﬂores
847 1828 902 1874 et
926 1819 1235 1888 splendores
1259 1860 1275 1881 ,
1315 1819 1408 1874 sed
1440 1820 1490 1872 in
1519 1834 1771 1887 corporea
1803 1819 2059 1888 elegantia

505 1891 785 1959 imaginem
811 1890 1060 1945 virtutum
1087 1889 1340 1959 depingit.
1366 1889 1420 1943 Si
1445 1890 1586 1942 enim
1617 1904 1738 1942 vere
1764 1890 1914 1943 stolis
1955 1889 2062 1944 illis

503 1961 891 2031 acquiescebat,
918 1960 1183 2030 quomodo
1219 1960 1450 2030 Moysem
1490 1961 1952 2031 antc_Aaro_n_non
1983 1962 2062 2013 in-

505 2028 654 2095 duit;
687 2031 781 2084 sed
809 2045 910 2099 qua
937 2028 1030 2084 ille
1056 2045 1158 2084 non
1190 2028 1529 2090 vestiebatur,
1574 2028 1662 2082 illa
1692 2029 1860 2082 induit
1887 2044 2061 2084 sacer-

505 2102 658 2156 dotes
677 2101 704 2174 ‘t
721 2099 789 2174 Et
811 2100 1016 2174 Moyses
1035 2100 1245 2174 quidem
1265 2115 1399 2174 aqua
1426 2115 1527 2174 non
1553 2100 1690 2152 lotus
1710 2108 1812 2163 est,
1834 2109 1888 2153 et
1915 2099 2058 2174 lavit:

506 2171 708 2240 quare?
728 2169 796 2225 Ut
819 2169 994 2224 discas
1014 2185 1117 2224 non
1136 2171 1248 2224 Ita-:c
1275 2170 1383 2224 Deo
1405 2169 1606 2238 potiora
1632 2183 1751 2223 esse
1773 2185 1788 2233 ;
1811 2170 2058 2238 quoniam

509 2244 744 2311 perfecto
773 2242 886 2294 viro
913 2240 978 2294 ad
1017 2241 1098 2293 sui
1125 2250 1367 2295 ornatum
1404 2240 1599 2294 sufticit
1629 2240 1827 2306 virtus,
1857 2249 1912 2294 et
1939 2244 2060 2310 quia

509 2313 624 2367 lucc
654 2320 808 2381 typus
831 2320 978 2365 erant
1004 2311 1232 2376 virtutis,
1263 2311 1506 2381 nonipsa
1535 2311 1718 2363 virtus.
1756 2327 1775 2381 ι

587 2400 606 2434 ι
657 2380 715 2434 In
736 2382 956 2451 capite,
1000 2397 1020 2432 ι
1049 2381 1254 2451 inquit,
1300 2398 1320 2432 ι
1363 2380 1561 2434 ferebat
1598 2380 1830 2448 pontifex
1871 2380 2059 2435 tiaram

514 2451 709 2522 (Exod.
735 2449 972 2515 XXVIII,
1005 2450 1092 2520 59)
1118 2449 1132 2516 ξ
1161 2452 1281 2520 quia
1325 2453 1601 2522 oportebat
1635 2466 1752 2503 eum
1775 2451 1862 2520 Qui
1905 2459 2064 2521 caput

510 2521 743 2578 omnium
764 2523 1078 2577 constitutus
1098 2532 1230 2583 erat,
1252 2523 1301 2574 in
1322 2521 1492 2590 capite
1510 2521 1702 2574 habere
1724 2530 2056 2590 potestatem.

511 2605 564 2648 et
607 2591 745 2648 scire
773 2606 831 2646 se
853 2631 868 2656 ,
895 2608 1013 2647 cum
1039 2601 1196 2660 caput
1219 2591 1440 2644 aliorum
1469 2592 1535 2644 sit
1561 2633 1574 2656 ,
1609 2594 1844 2645 omnium
1886 2602 2060 2646 tamen

511 2663 737 2718 Domino
758 2662 977 2732 principi
1003 2677 1122 2718 esse
1141 2662 1456 2730 subjectum.
1485 2662 1734 2715 Absoluta
1765 2663 1907 2716 enim
1933 2677 2060 2717 auc-

511 2735 722 2804 toritas,
740 2747 852 2804 nec
874 2733 1181 2804 cujusquam
1213 2732 1434 2804 imperio
1459 2732 1870 2804 subjecta,_dura
1896 2742 1980 2804 est
2009 2741 2064 2786 et

511 2801 875 2872 intolerabilis.
892 2801 1100 2869 ldeo,in
1114 2803 1229 2872 lege
1243 2803 1444 2871 gratim,
1457 2804 1545 2871 qui
1564 2801 1835 2870 pontiﬁces
1848 2803 2060 2856 maximi

516 2884 662 2940 sunt,
689 2871 1030 2942 Evangelium
1060 2873 1112 2927 in
1139 2871 1309 2943 capite
1339 2875 1596 2942 recipiunt
1620 2914 1634 2937 ,
1663 2883 1718 2925 ut
1741 2875 1873 2926 sciat
1901 2875 1945 2928 is
1974 2875 2061 2942 qui

515 2946 760 3014 eligitur,
812 2959 870 2998 se
912 2958 1091 2996 veram
1129 2943 1400 3012 Evangelii
1453 2945 1638 3014 tiaram
1686 2943 1964 3011 accipere,
2010 2952 2066 2998 et

517 3013 724 3070 etiamsi
755 3014 978 3067 aliorum
1007 3027 1214 3068 sacrum
1259 3021 1416 3082 caput
1456 3013 1808 3067 constituatur
1829 3053 1846 3078 ,
1876 3014 2062 3067 iisdem

519 3093 698 3140 tamen
721 3087 920 3155 legibus
945 3098 1062 3138 esse
1085 3085 1380 3155 subjectum
1405 3100 1419 3147 ;
1452 3091 1506 3137 et
1532 3082 1653 3136 licet
1679 3083 1792 3136 aliis
1819 3084 2061 3155 imperet,

513 3156 612 3209 sub
640 3156 766 3226 legis
785 3154 1011 3224 imperio
1031 3169 1166 3208 esse.
1194 3154 1348 3208 Tiara
1381 3169 1604 3222 namque
1627 3163 1937 3222 potestatem
1964 3154 2064 3208 dc-

515 3227 793 3294 signabat,
823 3237 877 3280 et
901 3240 1055 3295 quam
1087 3227 1197 3292 ipse
1236 3227 1286 3277 in
1315 3226 1561 3295 pepulum
1590 3226 1848 3291 habebat,
1883 3235 1937 3278 et
1962 3238 2064 3294 qua

514 3296 605 3350 ille
633 3297 741 3351 Deo
763 3297 1001 3351 subditus
1032 3294 1314 3350 ferebatur.
1352 3312 1372 3345 ι

591 3384 612 3418 ι
646 3372 820 3422 Aurea
850 3380 974 3420 vero
1013 3363 1204 3418 lamina
1227 3405 1242 3427 ,
1285 3365 1338 3418 in
1367 3379 1466 3433 qua
1514 3364 1603 3418 Dei
1633 3381 1824 3420 nomen
1867 3365 2065 3420 inscul-

517 3445 663 3509 ptum
690 3449 799 3492 erat
826 3435 1365 3509 (Exod.XXXll,36),
1396 3435 1449 3489 in
1481 3447 1693 3505 pectore
1718 3445 1853 3509 erat,
1885 3447 2065 3507 typum

517 3507 690 3560 ferens
709 3507 960 3562 custodia:
977 3509 1153 3561 cordis
1178 3518 1436 3569 motuum,
1463 3517 1514 3561 et
1540 3507 1802 3574 quomodo
1827 3517 2068 3573 oporteat

515 3591 606 3630 cos
637 3577 747 3632 haec
771 3580 835 3632 ad
867 3579 955 3631 Dei
986 3587 1168 3630 nutum
1205 3587 1384 3644 aptare
1411 3591 1474 3630 ac
1499 3576 1718 3630 referre.
1751 3577 1806 3630 In
1835 3576 2068 3630 humeris

515 3659 664 3700 erant
684 3649 942 3716 smaragdi
963 3647 1089 3712 duo,
1114 3663 1333 3716 quormn
1358 3648 1492 3700 alter
1516 3663 1608 3700 sex
1636 3648 1821 3709 tribus,
1851 3647 2066 3716 totidem

513 3715 647 3770 alter
667 3711 948 3772 exhibebat
977 3734 988 3768 :
1019 3711 1359 3770 eraiitautetn
1386 3717 1679 3786 symbolum
1715 3711 1925 3770 summi’
1940 3732 2068 3784 pon~

514 3786 670 3856 titicis
684 3788 974 3855 praesentis.
994 3787 1162 3840 [labet
1185 3788 1323 3839 enim
1345 3787 1662 3856 smaragdus‘
1677 3797 1730 3841 et
1750 3787 2066 3840 viriditatem

513 3855 790 3912 decentem
817 3867 869 3911 et
901 3860 1175 3924 puritatem
1205 3855 1592 3925 splendentem,
1622 3857 1820 3924 Speculi
1848 3856 1953 3910 vim
1983 3874 2067 3910 rc-

512 3927 708 3979 ferens.
738 3927 958 3995 Oportet
981 3928 1122 3981 enim
1160 3926 1487 3980 sacerdotem
1517 3935 1566 3979 et
1611 3927 1663 3979 in
1694 3927 2068 3980 exercitatione

513 3997 721 4064 vigilem
739 3997 1082 4064 sobriumque
1107 4012 1245 4058 eSse,
1281 4007 1333 4049 ct
1355 3997 1513 4049 vitam
1544 3996 1767 4050 subditis
1787 3999 1896 4050 suis
1919 3999 2067 4064 quasi

514 4068 787 4133 speculum
819 4065 1031 4121 oll'erre.
1072 4067 1197 4119 Erat
1238 4081 1364 4119 vero
1389 4067 1698 4135 smaragdos
1728 4067 1778 4120 in
1812 4068 2065 4130 humeris,

513 4135 635 4206 quia
665 4152 882 4205 operum
922 4138 1127 4206 signum
1167 4147 1248 4190 est
1277 4153 1290 4188 :
1322 4136 1509 4204 agendi
1549 4139 1690 4190 euim
1727 4137 1958 4204 potentia
2002 4139 2068 4191 ab

512 4203 748 4260 humeris
788 4203 1069 4274 dependet.
1119 4206 1240 4261 Ideo
1281 4206 1417 4261 Deus
1457 4206 1522 4260 ad
1561 4203 1854 4262 Jerusalem
1896 4207 2062 4261 dicit:

515 4273 657 4348 Ifone
675 4292 761 4329 cor
785 4273 924 4330 tuum
949 4294 1098 4346 super
1116 4279 1347 4330 humeros
1376 4278 1924 4348 t_uos,ﬁ_(itiaidespecta,
1950 4279 2068 4348 quia

513 4343 760 4401 Dominus
782 4357 914 4400 creat
940 4357 986 4400 te
1010 4343 1076 4399 ad
1103 4349 1312 4400 salutent
1343 4346 1474 4415 (Jer.
1499 4345 1688 4410 XXXI,
1719 4343 1829 4417 2t).
1859 4343 2066 4403 Etenim

513 4430 701 4470 manus
738 4426 791 4471 et
818 4418 1064 4471 humeros
1091 4433 1184 4486 pro
1219 4417 1515 4487 actionibus
1542 4420 1810 4486 Scriptura
1852 4420 2063 4487 accipit,

513 4494 569 4537 ut
593 4501 712 4540 cum
738 4487 803 4542 de
832 4488 1027 4541 Davide
1051 4489 1196 4552 dicit,
1228 4485 1294 4539 Et
1323 4488 1372 4538 in
1403 4485 1916 4541 intellectu’ntanuum
1944 4485 2064 4542 sua-

518 4571 630 4628 rum
656 4557 861 4628 deduxit
890 4559 1004 4611 illos
1023 4557 1189 4628 (Psal.
1217 4555 1472 4628 LXXVII,
1500 4557 1596 4623 7‘2;
1628 4558 1795 4612 Exod.
1827 4558 2057 4623 XXVIII,

514 4625 628 4697 Π).
655 4625 865 4682 Inerant
889 4625 1045 4682 etiam
1071 4630 1120 4680 in
1148 4627 1405 4681 Rationali
1434 4629 1482 4680 in
1508 4638 1718 4696 pectore
1741 4631 1912 4697 posito
1935 4629 2064 4682 duo-

510 4695 681 4768 decim
694 4697 894 4767 lapides
905 4700 1088 4768 aptati,
1104 4700 1192 4764 qui
1208 4697 1482 4768 duodecim
1499 4695 1664 4754 tribus
1677 4695 2057 4768 significabant.

511 4765 577 4819 Et
599 4766 714 4821 vide
743 4765 759 4822 Ξ
783 4765 1176 4836 ευρηίῳιίόθιιι
1195 4779 1247 4820 et
1272 4769 1323 4820 in
1355 4767 1591 4822 humeris
1621 4765 1854 4822 nna'erat
1875 4782 2062 4824 natura

510 4836 762 4904 lapidum,
784 4840 1123 4906 smaragdos;
1152 4837 1286 4891 infra
1312 4851 1436 4890 vero
1453 4847 1508 4892 ct
1527 4839 1578 4892 in
1607 4851 1836 4907 pectore,
1863 4841 2065 4895 duode-

510 4907 650 4961 cim:
685 4923 789 4977 quo
815 4909 1142 4977 :enigmatice
1168 4907 1576 4975 significabatur,
1603 4925 1698 4963 nos
1729 4913 1970 4976 primitus
1994 4913 2062 4965 ab

509 4991 612 5050 una
632 4992 818 5050 omnes
845 4980 1102 5047 prodiisse
1125 4994 1328 5041 natura,
1351 4993 1629 5047 progressu
1657 4996 1782 5034 vero
1811 4983 2060 5050 temporis

511 5047 732 5123 diversis
753 5050 1084 5123 opinionibus
1112 5052 1270 5103 l'uiSse
1297 5051 1493 5103 divisos
1513 5061 1597 5123 :Aet
1619 5054 1716 5103 hoc
1735 5047 1942 5123 quidem
1969 5055 2061 5106 tri-

505 5115 619 5170 buit
647 5115 877 5188 opinioni
904 5158 919 5181 ,
953 5119 1074 5172 illud
1103 5135 1229 5172 vero
1257 5131 1477 5173 naturm.
1511 5121 1618 5175 Sub
1650 5115 1851 5174 liml'n-ia
1877 5137 2058 5177 sacer-

508 5189 646 5243 dotis
671 5229 687 5254 ,
735 5206 850 5258 qua:
876 5190 1068 5243 (IlCIIIIl'
1094 5205 1214 5253 ora,
1253 5192 1445 5254 ﬂores,
1483 5207 1642 5244 aurea
1670 5193 1806 5244 mala
1847 5195 2054 5260 punica,

504 5260 738 5328 corymbi
761 5271 814 5314 et
838 5260 1160 5328 campannla:
1189 5261 1502 5326 pendebant.
1530 5262 1597 5316 Et
1622 5262 1885 5330 quomodo
1922 5263 2054 5326 haec,

506 5337 562 5380 ut
590 5330 734 5400 prius
762 5331 1021 5393 diximus,
1065 5331 1284 5384 Domino
1315 5333 1625 5400 placebant?
1651 5333 1754 5386 Sed
1785 5335 1834 5384 iu
1867 5336 2054 5387 vestitu

505 5399 795 5454 sacerdotis
834 5403 1052 5454 virtutes
1076 5402 1252 5470 effingi
1279 5403 1464 5469 jussit;
1493 5403 1627 5456 infra
1656 5404 1812 5456 flores
1837 5411 1890 5456 et
1919 5405 2055 5456 l'ruc-

503 5475 610 5532 tus,
656 5473 902 5543 virtutum
933 5486 1088 5543 opera
1119 5489 1131 5522 :
1160 5489 1278 5540 qua:
1313 5481 1434 5526 sunt
1460 5479 1792 5543 eleemosyua
1815 5514 1828 5535 ,
1853 5474 2052 5540 justitia

500 5546 556 5589 et
585 5542 902 5612 humanitas,
940 5551 992 5594 et
1017 5541 1210 5595 chorus
1234 5543 1552 5612 reliquorum
1581 5541 1708 5612 ipsis
1735 5543 1987 5596 affinium.
2028 5565 2046 5597 ι

577 5627 594 5658 ι
629 5610 709 5661 Νε
736 5621 922 5673 mutes,
953 5612 1118 5680 inquit
1142 5653 1157 5675 ,
1199 5610 1470 5666 uerbaVDci
1504 5610 1615 5668 vivi;
1662 5613 1717 5666 lu
1753 5613 1959 5666 l’atrem
2001 5628 2053 5668 et

498 5677 690 5732 Filium
715 5690 766 5734 ct
789 5677 1039 5749 Spiritum
1067 5694 1305 5736 sanctum
1333 5684 1625 5752 baptizatus
1653 5699 1712 5737 es
1744 5699 1756 5734 :
1788 5698 1882 5736 cur
1913 5685 2050 5740 tollis

497 5753 865 5823 nominaviva,
891 5764 944 5805 et
967 5753 1170 5807 inducis
1194 5755 1404 5807 nomina
1425 5756 1795 5823 cogitationum
1821 5763 2046 5820 tuarum,

495 5819 675 5872 dicens
713 5822 1022 5891 ingenitum,
1047 5824 1278 5890 genitum
1303 5840 1316 5878 :
1349 5819 1557 5892 sempbr
1579 5825 1834 5888 existens,
1863 5833 1916 5876 ct
1943 5819 2044 5878 non

496 5903 702 5961 semper
731 5896 998 5949 existens?
1027 5895 1231 5948 Dettsne
1263 5895 1373 5950 haec
1404 5895 1576 5950 inania
1608 5898 1764 5950 verba
1807 5895 1994 5950 tolerat
2021 5901 2044 5950 ’ἐ

3645 458 3750 511 100

2169 557 2343 637 [intum
2373 558 2590 637 verbum
2612 567 2671 637 ut_
2692 568 2920 637 mutaret
2942 561 3220 637 propheta,
3239 563 3365 637 olim
3386 564 3453 619 de
3479 567 3581 620 vita
3607 584 3752 637 ρει-ιο

2166 631 2378 702 ςιίιιιιιιε
2397 640 2502 702 est.
2534 630 2600 683 Et
2621 630 2743 684 vide
2773 634 2929 686 unius
2956 630 3130 702 exigui
3156 635 3302 688 verbi
3328 630 3745 694 accurationem.

2167 697 2730 774 Verha_prophetarum
2751 697 3353 774 yocaruntqitidam,per
3374 707 3748 774 ignorantiam,

2167 785 2293 822 onus
2325 769 2551 824 Domini.
2583 771 2719 826 Dicit
2749 773 3005 828 Dominus
3033 769 3134 842 per
3155 769 3438 830 Jerémiain
3469 795 3482 831 :
3511 779 3570 831 Si
3591 769 3751 832 inter;

2168 843 2415 916 rogaverit
2438 851 2484 916 te
2496 842 2731 910 papulas,
2749 845 2825 916 vel
2846 847 3098 916 sacerdos,
3119 847 3194 899 vel
3215 848 3479 916 propheta,
3499 860 3543 901 et
3561 850 3749 903 dixerit

2167 911 2255 962 tibi
2282 925 2300 963 :
2331 911 2482 977 Quod
2504 923 2574 964 est
2619 929 2742 967 onus
2761 915 2786 966 ἱ)
2811 915 2892 966 dic
2917 915 3020 969 illis
3041 957 3056 979 ,
3090 911 3229 968 Unus
3260 911 3463 970 Domini
3493 934 3576 971 vos
3601 923 3750 972 estis:

2167 996 2422 1064 assumant
2449 983 2580 1035 enim
2607 993 2792 1064 voss'et
2817 986 3104 1064 dirumpunt
3130 1001 3215 1039 vos
3243 987 3376 1056 (Jer.
3413 989 3599 1052 XXIII,
3626 990 3747 1064 55).

2168 1067 2234 1103 ne
2260 1052 2442 1105 dicatis
2465 1093 2478 1114 ,
2506 1069 2651 1105 onus.
2693 1054 2866 1109 Unum
2900 1052 3116 1109 verbum
3163 1073 3229 1110 ne
3254 1052 3491 1112 mutetur
3514 1052 3748 1113 commi-

2166 1130 2321 1175 natur
2369 1124 2544 1188 Deus,
2593 1133 2646 1177 et
2692 1134 2745 1177 tu
2789 1135 2948 1178 totam
2995 1127 3298 1195 do‘gmatum
3343 1130 3747 1186 accurationem

2166 1204 2518 1260 coinmutans,
2551 1205 2702 1263 putas
2730 1204 2780 1249 te
2811 1213 2996 1250 manus
3026 1197 3119 1252 Dei
3148 1198 3381 1268 clfugere
3406 1200 3594 1268 posse?
3630 1219 3652 1253 ι

2169 1322 2417 1401 Ejusdem
2451 1326 2502 1378 in
2527 1326 2656 1401 illud
2685 1326 2758 1394 (II
2783 1325 2904 1401 Cor.
2933 1328 3065 1401 XII,
3091 1329 3162 1398 9)
3193 1329 3432 1401 :Snflicit
3452 1331 3545 1384 tibi
3568 1333 3744 1401 gratia

2202 1411 2316 1448 mea
2338 1413 2352 1460 ;
2377 1397 2540 1449 virtus
2561 1397 2702 1450 enim
2733 1414 2848 1452 mea
2882 1399 2932 1452 in
2960 1397 3268 1455 intirmitate
3297 1397 3698 1474 perﬁciturta).

2243 1552 2262 1586 ι
2302 1533 2488 1599 Venit,
2520 1555 2538 1588 ι
2569 1536 2770 1606 inquit,
2822 1556 2842 1589 ‹
2870 1554 2898 1592 a
2940 1538 3096 1593 Patre
3120 1539 3364 1594 Christus
3392 1539 3456 1592 ad
3491 1539 3744 1594 homines

2170 1603 2410 1679 legatus;
2456 1603 2662 1679 occisus
2697 1608 2797 1662 fuit
2827 1609 3028 1679 legatus
3050 1647 3065 1673 ,
3098 1620 3152 1662 et
3194 1620 3317 1663 tunc
3344 1626 3442 1676 pax
3486 1609 3598 1663 fuit.
3631 1611 3745 1666 Sed

2169 1676 2324 1749 legati
2353 1677 2658 1749 venientes,
2685 1688 2740 1732 et
2766 1676 2902 1733 dona
2935 1679 3142 1741 ferunt,
3173 1689 3226 1733 et
3265 1681 3403 1733 dona
3431 1682 3698 1749 accipiunt
3729 1701 3743 1735 :

2169 1745 2308 1820 quod
2355 1747 2512 1814 igitur
2551 1747 2750 1820 donum,
2796 1750 2944 1814 tulit,
2983 1758 3038 1802 ct
3080 1751 3218 1817 quod
3263 1750 3461 1804 donum
3498 1745 3745 1820 accepit?

2172 1817 2588 1892 Inexspectat‘nm
2618 1829 2697 1871 est
2723 1819 3030 1892 dtmum,_ut
3060 1820 3451 1886 inexspectatus
3479 1831 3561 1874 est
3598 1817 3748 1892 lega—

2171 1896 2252 1960 tus
2282 1903 2294 1938 :
2323 1887 2634 1960 sanguinem
2661 1903 2814 1943 suum
2853 1891 2903 1943 in
2931 1890 3127 1943 donum
3147 1928 3162 1954 ,
3189 1902 3239 1944 et
3267 1906 3462 1960 corpus
3487 1887 3743 1946 snnm'in

2169 1958 2368 2031 donum
2397 1958 2572 2031 fe_rcus
2593 1961 2869 2031 venitaEt
2899 1961 3038 2029 quod
3078 1977 3105 2031 a
3146 1977 3230 2013 me
3255 1958 3452 2013 donum
3495 1962 3746 2031 accepit?

2171 2025 2376 2080 Fidem.
2423 2027 2490 2080 Et
2517 2028 2641 2098 quid
2669 2045 2764 2096 pro
2788 2029 2875 2084 illa
2910 2025 3040 2084 mihi
3077 2030 3208 2085 dat?
3237 2031 3492 2086 Gratiam.
3525 2025 3747 2087 Credidi

2171 2111 2287 2164 ego,
2321 2099 2544 2166 gratiam
2574 2099 2722 2153 dedit
2760 2101 2850 2156 ille
2883 2117 2896 2154 :
2942 2101 3111 2155 soluta
3153 2113 3235 2156 est
3283 2101 3573 2154 inimicitia.
3602 2101 3744 2156 Cum

2172 2169 2316 2241 venit
2345 2169 2636 2241 legatusad
2665 2171 2895 2241 aliquam
2925 2182 3139 2241 gentem
3162 2213 3176 2236 ,
3210 2186 3313 2226 non
3345 2172 3591 2239 dignatur
3613 2189 3742 2227 cum

2169 2237 2346 2312 aliquo
2372 2237 2568 2312 forensi
2597 2240 2680 2293 vel
2708 2237 2948 2312 paupere
2966 2241 3130 2312 loqui,
3149 2242 3244 2295 sed
3271 2237 3444 2296 statim
3471 2243 3534 2295 ad
3557 2258 3743 2312 regem

2169 2309 2407 2381 accedit:
2440 2307 2526 2364 hic
2554 2324 2680 2364 vero
2704 2307 2906 2381 legatus
2936 2307 3100 2378 venit,
3131 2323 3186 2366 et
3215 2313 3393 2366 statim
3412 2328 3532 2366 cum
3561 2307 3746 2368 mére-

2171 2379 2320 2451 trice,
2343 2378 2568 2444 latrone,
2595 2378 2875 2448 public—ano
2899 2393 2954 2436 et
2978 2383 3142 2451 magis
3168 2383 3374 2437 locutus
3415 2393 3517 2437 est.
3557 2382 3748 2438 Viden’

2169 2447 2324 2520 legati
2357 2447 2773 2520 benignitatem?
2801 2467 2902 2506 non
2931 2447 3090 2507 enim'
3108 2453 3172 2507 ad
3202 2469 3364 2507 unum
3393 2463 3485 2506 aut
3512 2454 3746 2510 alterum

2167 2519 2332 2581 Venit,
2365 2520 2454 2573 sed
2490 2519 2566 2574 ad
2607 2536 2942 2577 communem
2983 2533 3225 2577 naturam
3264 2540 3278 2580 :
3327 2533 3382 2576 et
3428 2525 3572 2578 venit
3621 2540 3748 2578 mea

2171 2598 2316 2642 veste
2349 2591 2587 2652 indutus,
2626 2608 2692 2646 ne
2724 2594 2862 2646 nuda
2909 2593 3182 2649 divinitate
3204 2595 3466 2648 accedens
3503 2596 3748 2666 praedam

2169 2667 2411 2717 terreret.
2451 2679 2470 2712 ι

2169 2795 2410 2876 Ejusdem
2451 2799 2502 2852 in
2528 2799 2715 2853 dictant
2741 2801 2970 2869 Apostoli
2995 2802 3039 2874 (I
3059 2805 3176 2857 Cor.
3207 2803 3271 2870 V,
3302 2803 3392 2876 I7)
3423 2821 3440 2859 °.
3466 2804 3521 2860 Si
3550 2821 3656 2876 qua
3692 2809 3748 2862 in

2238 2867 2483 2944 Christo,
2519 2886 2651 2923 nova
2680 2867 2920 2925 creatura
2952 2893 2964 2928 :
3002 2867 3188 2930 vetera
3219 2867 3582 2944 transierunt;
3613 2892 3750 2934 ecce

2241 2954 2372 2990 nova
2405 2938 2540 2993 facta
2572 2952 2695 2995 sunt
2726 2945 2903 2996 omnia
2939 2945 3031 3014 (b).

2245 3089 2265 3122 ι
2299 3069 2495 3148 Gentes
2516 3089 2577 3127 ac
2601 3075 2765 3130 Judzei
2790 3077 2970 3133 dicunt
2993 3119 3008 3146 ,
3041 3079 3178 3145 Quid
3207 3079 3468 3148 gloriatur
3492 3080 3700 3136 Paulus
3723 3084 3748 3138 2

2170 3140 2395 3222 dicens;
2437 3141 2614 3222 Vetera
2629 3149 2966 3222 transierunt,
2995 3140 3120 3204 ecce
3148 3140 3276 3204 iraira
3314 3151 3452 3222 facta
3493 3161 3608 3205 sunt
3633 3170 3750 3206 om-

2171 3214 2277 3290 nia.
2319 3214 2507 3290 Siqua
2535 3218 2588 3269 in
2619 3215 2817 3271 Christo
2837 3261 2850 3283 ,
2880 3234 3010 3290 nova
3035 3229 3286 3274 creatura.
3314 3214 3428 3290 Ego
3457 3223 3620 3284 enim,
3667 3224 3751 3277 inn

2172 3285 2283 3360 quit
2307 3325 2321 3344 ,
2354 3285 2484 3360 nihil
2530 3303 2724 3341 novum
2755 3289 2929 3344 video.
2959 3289 3143 3360 Neque
3177 3291 3318 3345 enim
3353 3285 3515 3345 liahcs
3559 3295 3752 3348 oculos

2173 3353 2371 3430 nt‘lnec
2402 3354 2580 3430 videas
2613 3375 2638 3430 :7
2671 3361 2900 3425 accede,
2929 3370 2984 3414 et
3015 3353 3201 3416 faciam
3231 3361 3322 3414 tibi
3365 3362 3565 3416 oculos.
3605 3365 3749 3430 Quid

2173 3425 2357 3478 vides?
2385 3435 2438 3478 et
2464 3435 2514 3478 tu
2545 3425 2672 3482 facis
2701 3430 2926 3484 oculos?
2957 3432 3150 3484 Etiam.
3174 3433 3240 3486 Et
3261 3443 3470 3485 creator
3497 3433 3594 3486 es?
3617 3425 3750 3488 Om-

2174 3495 2319 3548 nino.
2365 3496 2444 3572 ᾼιι
2465 3497 2696 3572 demens
2721 3501 2820 3554 es?
2851 3501 3210 3572 Nequaquam.
3243 3501 3406 3571 Igitur
3433 3502 3517 3557 fac
3557 3506 3749 3558 oculos

2174 3567 2448 3641 corporis;
2463 3567 2836 3641 Νβιμιυιιιιιιιιη
2867 3567 2982 3636 sed,
3014 3567 3157 3641 quod
3199 3567 3370 3641 majus
3410 3583 3524 3637 est,
3557 3576 3750 3628 oculos

2175 3636 2384 3689 mentis.
2414 3637 2476 3691 Et
2501 3636 2817 3694 facies—mihi
2847 3636 3075 3696 oculos?
3105 3643 3198 3697 Ita.
3231 3636 3344 3697 Non
3373 3636 3748 3699 enimhabeo?

2174 3706 2534 3775 Nequaquam.
2587 3709 2664 3762 Tu
2709 3725 2836 3765 vero
2883 3711 3094 3767 habes?
3141 3713 3236 3768 Ita.
3288 3713 3602 3778 Quomodo?
3660 3717 3748 3770 dic

2177 3778 2327 3829 mihi.
2359 3781 2487 3852 cum
2517 3779 2719 3852 abieris
2761 3782 2810 3834 in
2857 3784 3134 3852 templum,
3176 3784 3351 3852 ibique
3395 3786 3586 3837 nudant
3626 3797 3745 3837 sta-

2178 3857 2318 3922 tuam
2365 3849 2576 3909 videris,
2622 3849 3237 3922 lapidemquemulum,
3268 3849 3334 3908 et
3361 3855 3559 3908 dixeris
3583 3895 3598 3921 ,
3649 3857 3748 3912 llic

2174 3917 2308 3970 deus
2355 3929 2437 3993 est
2479 3936 2493 3983 ;
2543 3917 2694 3993 numi
2728 3917 2910 3977 oculos
2965 3923 3173 3978 habes?
3225 3917 3291 3978 an
3353 3925 3550 3993 aliquid
3586 3917 3748 3983 ’utile

2177 3991 2418 4054 provenit
2461 4003 2526 4043 ex
2581 3992 2749 4043 oculis
2797 3995 3190 4057 exterioribus,
3237 3996 3281 4049 si
3331 3991 3454 4048 caeci
3505 3998 3610 4049 sint
3659 3998 3745 4051 in-

2177 4058 2447 4134 teriores?
2479 4059 2672 4134 _\"iden‘
2717 4077 2850 4130 OpllS
2875 4080 2993 4118 esse
3025 4074 3098 4134 ⁶ιιι
3143 4065 3232 4118 tibi
3282 4064 3472 4118 faciam
3521 4069 3742 4130 oculos,

2175 4137 2228 4180 ut
2256 4129 2433 4204 videas
2478 4129 2704 4204 lapidem
2745 4148 2874 4204 esse
2919 4129 3162 4202 lapidem,
3191 4145 3242 4188 ct
3288 4137 3480 4204 lignum
3517 4151 3636 4190 esse
3678 4140 3746 4192 li-

2174 4199 2370 4274 Ennio?
2389 4201 2659 4274 _(_)_cu_losne
2679 4202 2860 4266 habes,
2887 4199 3004 4258 cum
3032 4199 3176 4259 vides
3208 4199 3403 4274 lignum
3427 4216 3483 4260 et
3508 4206 3745 4262 adoras?

2173 4267 2229 4322 Si
2248 4283 2358 4344 ego
2388 4270 2514 4344 illud
2544 4273 2805 4340 accipiens
2833 4275 3164 4341 comburam,
3193 4267 3316 4330 utin:
3345 4280 3526 4329 oculos
3554 4277 3741 4344 habes,

2171 4340 2258 4414 qui
2293 4340 2341 4392 nl
2371 4341 2510 4414 quod
2531 4345 2886 4414 combustum
2919 4355 3019 4411 est,
3047 4340 3204 4400 deum
3236 4347 3434 4400 vocas?
3461 4345 3591 4399 Cum
3623 4340 3746 4414 pas-'-

2171 4411 2346 4463 siones
2366 4422 2420 4465 et
2447 4412 2573 4466 vitia
2594 4412 2722 4466 deos
2743 4412 2888 4477 facis,
2904 4431 2970 4468 an
2996 4417 3178 4470 oculos
3198 4416 3402 4470 habes?
3441 4411 3633 4471 Ebrius
3660 4429 3746 4473 est

2174 4477 2352 4555 homo,
2381 4490 2435 4555 et
2459 4482 2850 4555 circumagitur,
2869 4497 2922 4538 et
2944 4487 3212 4552 irridetur,
3240 4497 3294 4540 et
3320 4503 3411 4555 pro
3436 4487 3649 4541 homine
3685 4490 3745 4544 fit

2170 4548 2541 4620 inrationabilis
2571 4571 2584 4605 :
2619 4563 2673 4606 tu
2696 4548 2840 4607 'vcro
2890 4556 3047 4620 dicis,
3083 4548 3472 4610 Ebrietas-deus
3500 4557 3744 4613 Bacchus

2169 4630 2288 4683 est;
2312 4619 2531 4696 l'urtum,
2563 4625 2693 4677 deus
2723 4619 3242 4682 Merettrius.Viden'
3288 4628 3382 4680 tibi
3412 4627 3578 4680 oculis
3603 4644 3741 4696 opus

2167 4690 2327 4765 esse?
2370 4691 2478 4746 Lex
2531 4696 2802 4765 passiones
2839 4704 2893 4748 et
2921 4698 3044 4750 vitia
3091 4699 3268 4765 punit;
3297 4705 3352 4751 et
3378 4697 3491 4751 hare
3531 4707 3580 4751 te
3609 4690 3743 4755 deos

2171 4758 2344 4815 facere
2370 4777 2472 4816 non
2500 4758 2766 4818 advenis?
2793 4766 2847 4818 Si
2877 4766 2954 4819 vis
2981 4758 3177 4825 autem,
3218 4758 3430 4821 attende
3471 4770 3742 4825 quomodo

2169 4829 2299 4882 facta
2328 4832 2433 4904 sint
2461 4834 2637 4888 omnia
2682 4850 2835 4888 nova.
2888 4840 3079 4890 (Li-care
3124 4837 3305 4891 dicitur
3364 4839 3415 4890 in
3466 4829 3738 4904 Scriptura

2169 4915 2270 4976 non
2300 4902 2468 4976 solum
2496 4919 2559 4976 ex
2588 4903 2754 4957 nihilo
2784 4906 3072 4972 producere
3099 4925 3216 4976 qme
3243 4917 3364 4961 ante
3389 4924 3494 4961 non
3543 4902 3741 4962 existe-

2164 4970 2310 5028 lunt,
2350 4973 2443 5024 sed
2487 4975 2644 5026 etiam
2690 4976 2741 5028 in
2779 4970 2966 5029 melius
3009 4970 3307 5031 immutare.
3359 4977 3566 5031 Crcavit
3601 4979 3743 5032 Dens

2165 5040 2350 5092 ira-lum
2385 5056 2402 5114 :_
2431 5041 2529 5096 hoc
2553 5054 2651 5106 est,
2675 5060 2706 5098 e
2728 5043 2890 5098 nihilo
2915 5062 3101 5102 creare
3129 5066 3140 5100 :
3175 5058 3319 5101 creat
3339 5049 3495 5101 etiam
3524 5051 3740 5114 quando

2165 5125 2358 5163 Itt:tltttll
2391 5111 2656 5167 hominem
2705 5116 2896 5170 bonum
2944 5116 3068 5170 facit
3099 5131 3113 5170 :
3146 5119 3229 5171 hic
3277 5133 3403 5170 vero
3432 5111 3628 5171 creatio
3655 5130 3739 5172 est

2165 5195 2340 5232 rerum
2370 5182 2419 5234 in
2447 5185 2636 5237 melius
2668 5187 2905 5239 mutatio.
2941 5187 3002 5240 Et
3025 5188 3143 5241 audi
3181 5187 3422 5239 llavidem
3447 5188 3734 5243 dicentem.

2162 5253 2291 5301 Cum
2319 5251 2458 5304 enim
2492 5264 2545 5306 et
2572 5255 2684 5321 ipse
2718 5265 2876 5310 etcor
2902 5257 3017 5324 ejus
3040 5267 3273 5311 creatum
3299 5259 3738 5319 esset,adulterio

2159 5329 2414 5394 autemet
2441 5327 2585 5394 cicdc
2611 5328 2925 5378 maculatum
2949 5327 3152 5392 fuisset,
3173 5339 3223 5381 et
3249 5327 3314 5380 ad
3340 5330 3736 5394 corruptioiient

2161 5390 2407 5462 l'erretur,
2450 5393 2608 5445 Deum
2645 5407 2885 5462 precatur
2911 5409 2962 5449 et
2990 5397 3118 5451 dicit
3140 5390 3160 5448 τε
3192 5397 3290 5451 Cor
3328 5390 3569 5450 mundum
3620 5415 3738 5451 crea

2160 5461 2209 5538 in
2233 5477 2336 5538 ine,
2363 5461 2498 5538 Deus
2529 5462 2695 5538 (Psal.
2742 5467 2802 5532 L,
2833 5468 2951 5533 Il):
2983 5485 3084 5520 non
3112 5469 3250 5537 quod
3296 5469 3442 5538 prius
3487 5483 3580 5522 eor
3626 5486 3734 5523 non

2159 5529 2418 5608 habuerit,
2445 5529 2542 5587 nec
2585 5536 2650 5586 de
2689 5529 2978 5608 substantia
3030 5529 3205 5592 cordis
3257 5529 3510 5608 ltiqtiitttr,
3537 5540 3635 5592 sed
3665 5541 3736 5594 de

2158 5600 2360 5678 meliori
2411 5614 2529 5678 vita:
2573 5607 2874 5678 cultdittone
2923 5610 3092 5676 ipsum
3121 5600 3363 5664 ornante.
3401 5600 3534 5662 Ecce
3575 5611 3734 5678 igitur

2155 5672 2354 5724 creati.»
2402 5673 2594 5728 dicitur
2636 5693 2739 5730 non
2771 5672 2954 5732 solum'
2986 5695 3052 5733 cx
3096 5680 3261 5734 nihilo
3309 5672 3618 5750 productio:
3635 5680 3731 5736 sed

2213 5847 2287 5918 (ᾳ)
2319 5848 2480 5918 l_’hp_t.,
2507 5861 2554 5914 p.
2578 5852 2688 5915 521,
2715 5868 2760 5904 at

2215 5911 2287 5973 (ιο)
2321 5911 2527 5963 tardem;
