3818 6402
146 523 225 579 lDl
1314 515 1399 571 DE
1435 514 1491 570 S.
1533 508 1791 567 JOANNE
1828 507 2199 564 CllliYSOST.

140 638 282 695 etiam
304 641 577 696 corrupta:
625 638 830 685 naturae
856 628 908 684 in
937 627 1125 681 melius
1148 626 1384 680 mutatio.
1418 625 1509 681 Sic
1541 639 1713 680 mere-

140 709 227 760 trix
252 715 399 759 casta
432 710 672 765 creatur,
698 702 776 754 sic
795 709 975 768 raptor
993 697 1220 751 efficitur
1239 696 1708 768 elecmosynarius,

139 779 458 829 siemutatur
488 776 539 827 in
585 787 738 825 ovem
786 767 973 839 lupus,
1006 769 1056 821 in
1085 768 1384 839 columbam
1434 767 1709 839 accipiter.

141 846 327 915 Duplex
361 845 588 915 creatio.
618 842 740 895 Ideo
765 836 1128 915 et_'lavacr_tt_tn
1158 837 1358 891 creatio
1391 838 1607 915 dicitur,
1639 836 1714 915 fa-

138 906 339 971 raérmn
365 914 494 969 dico
540 910 979 982 regenerationis.
1026 908 1278 961 timentes
1325 909 1488 982 enim,
1520 906 1708 975 inquit,

136 1002 333 1039 tererem
362 978 644 1045 hominem,
671 993 719 1035 et
736 982 999 1033 induentes
1029 994 1231 1041 novum,
1260 994 1373 1030 eum
1402 978 1486 1047 qui
1512 991 1714 1047 regene-

135 1068 263 1110 ratar
285 1059 575 1110 secundiori
598 1053 868 1123 imaginem
880 1052 989 1118 ejus
1010 1051 1109 1123 qui
1125 1045 1711 1123 creavit‘illumLYiden‘

138 1129 283 1196 igitur
309 1141 513 1196 novatn
541 1139 662 1196 esse
704 1116 1048 1175 creaturam?
1075 1117 1212 1185 Quid
1241 1118 1381 1171 enim
1428 1116 1553 1170 mihi
1582 1131 1711 1196 pro-

135 1186 259 1259 dest,
283 1198 331 1250 si
356 1195 453 1249 ﬁat
493 1194 691 1249 cretum
719 1206 915 1247 novum
942 1201 997 1244 et
1027 1198 1162 1244 terra
1191 1203 1346 1251 nova,
1376 1202 1474 1255 ego
1503 1201 1631 1241 vero
1657 1186 1710 1240 in

137 1266 357 1337 peccatis
410 1265 548 1319 meis
594 1260 1013 1337 inveterascam?
1041 1259 1234 1337 coelum
1263 1259 1452 1337 domus
1486 1267 1586 1319 est,
1613 1271 1712 1337 ego

136 1326 247 1391 vero
267 1337 460 1390 habito
477 1337 533 1388 in
553 1349 617 1389 ea
636 1332 953 1402 πει-ωηεν.δί
969 1330 1203 1384 medicus
1220 1329 1271 1382 in
1293 1329 1509 1402 domum
1527 1326 1711 1402 mgroti

136 1409 371 1470 intraret,
400 1416 459 1460 et
485 1405 603 1475 ejus
626 1398 821 1475 nullam
854 1403 1069 1475 haberet
1090 1415 1289 1463 curam,
1318 1398 1713 1475 seddealbaret

136 1467 364 1547 parietes
384 1487 443 1531 et
468 1467 736 1544 laquearia
760 1486 892 1526 auro
932 1472 1143 1547 lineret,
1172 1484 1348 1523 nonne
1381 1470 1588 1547 diceres
1614 1467 1708 1547 il_li,

136 1536 173 1602 ί)
193 1548 355 1601 homo
380 1589 396 1611 ,
424 1536 687 1615 aegrotum
729 1557 860 1615 cura
889 1559 903 1615 ξ
934 1557 1029 1595 cur
1055 1541 1288 1615 domum.
1313 1539 1590 1615 exornas‘i
1630 1536 1711 1592 fer

136 1607 763 1672 auxilium'decumbenti.
783 1612 1022 1667 Christus
1040 1611 1186 1664 venit
1206 1610 1256 1662 in
1278 1609 1417 1663 hunc
1435 1607 1708 1671 mundum;

138 1694 185 1744 iu
210 1703 316 1757 quo
362 1687 774 1757 decumhentem
805 1692 884 1757 et_
903 1681 1196 1757 mo'rbidam
1235 1679 1437 1733 invenit
1466 1690 1708 1757 naturam

138 1750 316 1822 meam,
343 1767 402 1813 et
428 1757 499 1810 ad
522 1756 665 1809 illam
689 1752 974 1807 curandam
997 1752 1195 1807 nullutn
1220 1765 1323 1803 non
1361 1750 1580 1822 suscipit
1603 1763 1711 1802 cer-

137 1818 322 1891 tamen,
374 1838 730 1894 naturamque
777 1833 1002 1894 renovat
1031 1833 1084 1894 et
1132 1823 1409 1894 instaurat.
1451 1818 1562 1894 Cur
1585 1833 1711 1888 ergo

137 1890 391 1954 medicum
421 1890 795 1966 reprehendis,
828 1893 949 1966 quia
992 1892 1080 1966 illa
1105 1908 1215 1966 non
1246 1891 1404 1954 facit;
1439 1890 1708 1966 Christum

138 1985 252 2023 vero
280 1961 582 2036 vituperas,
614 1966 755 2034 quod
784 1961 898 2018 huic
924 1963 1122 2036 faciat_?
1149 1962 1238 2016 Sic
1262 1971 1441 2014 vetera
1482 1961 1710 2036 transie-

136 2051 265 2103 mut,
278 2039 356 2092 sic
376 2030 517 2093 facta
539 2030 664 2091 sunt
684 2036 861 2088 omnia
878 2049 1042 2099 nova;
1062 2031 1140 2088 sic
1162 2047 1295 2088 nova
1323 2040 1583 2086 creatura.
1598 2048 1618 2083 ι
1643 2030 1711 2084 Et

137 2115 407 2165 innumera
432 2110 555 2179 quis
581 2104 924 2176 superaddat.

249 2223 336 2279 Ex
373 2223 591 2281 homilia
619 2219 1019 2291 postKalendaa,
1052 2227 1097 2273 et
1124 2228 1300 2273 contra
1317 2218 1478 2272 ebrios
1501 2215 1600 2289 (a).

202 2356 222 2389 α
253 2335 511 2390 Christus
574 2333 906 2387 innumeram
957 2329 1347 2385 multitudinem
1395 2330 1445 2384 in
1497 2329 1709 2385 deserto

134 2409 367 2462 convivio
398 2406 691 2473 excipiens,
717 2418 824 2457 non
850 2402 966 2457 illos
989 2402 1053 2455 ad
1084 2402 1366 2473 tentorium
1387 2410 1439 2453 et
1464 2416 1707 2473 somnum

134 2479 285 2541 misit,
333 2476 433 2530 sed
464 2471 537 2530 ad
578 2474 757 2529 divina
784 2474 942 2527 verba
984 2471 1245 2525 audienda
1284 2472 1509 2541 vocavit.
1540 2471 1628 2525 Sic
1655 2481 1710 2525 et

134 2563 223 2601 nos
272 2540 558 2608 faciamus,
609 2555 662 2599 et
709 2553 910 2598 tantum
938 2542 1099 2597 edere
1137 2556 1235 2596 nos
1272 2540 1705 2603 assuefaciamus,

130 2629 376 2686 quantum
404 2617 472 2670 ad
503 2616 663 2669 vitam
693 2615 763 2668 sit
791 2615 942 2686 satis,
971 2612 1064 2667 sed
1092 2626 1459 2686 noneousque
1478 2623 1532 2665 ut
1557 2611 1708 2666 cibus

132 2683 219 2742 uos
242 2690 521 2757 dirumpat
543 2696 597 2740 et
613 2694 814 2755 gravet.
846 2684 957 2757 Non
989 2686 1127 2738 enim
1169 2684 1286 2757 ideo
1317 2683 1423 2736 nati
1446 2697 1632 2757 sumus
1655 2691 1710 2736 et

132 2762 347 2813 vivimus
379 2752 442 2810 ut'
462 2752 684 2811 edamus
708 2767 763 2809 et
806 2756 1063 2813 bibamus.
1091 2753 1184 2809 sed
1230 2752 1351 2807 ideo
1397 2753 1604 2806 edimus
1651 2764 1710 2806 ut

130 2832 359 2884 vivamus
385 2844 401 2891 ;
430 2843 543 2882 non
566 2828 671 2879 vita
717 2837 929 2895 propter
956 2827 1156 2887 cibum,
1186 2821 1281 2878 sed
1322 2823 1469 2878 cibus
1495 2831 1710 2892 prepter

130 2902 278 2954 vitam
304 2899 376 2952 ab
408 2898 562 2951 initio
608 2900 775 2949 factus
822 2907 921 2950 est.
960 2895 1067 2948 Nos
1106 2910 1233 2948 vero
1269 2895 1418 2963 quasi
1464 2895 1513 2947 in
1559 2910 1709 2947 mun-

129 2973 243 3023 dum
272 2970 400 3025 ideo
430 2968 759 3032 venerimus,
792 2968 866 3020 sic
889 2966 1134 3020 omniain
1155 2980 1274 3019 eam
1299 2979 1409 3018 rem
1437 2963 1710 3021 consumi-

130 3058 254 3095 lttllS.
287 3059 309 3092 ι

132 3151 187 3206 In
213 3153 411 3205 dictum
441 3149 672 3218 Apostoli
697 3165 716 3202 :
744 3147 999 3201 Nolumus
1033 3163 1128 3199 vos
1176 3147 1422 3215 ignorare
1470 3145 1539 3200 dc
1585 3145 1710 3200 dor-

192 3225 510 3283 mientibus,
538 3221 744 3280 fratres,
765 3228 819 3270 ut
844 3234 947 3271 non
973 3218 1358 3271 contristemini
1376 3218 1575 3272 sicutet
1599 3232 1706 3271 ca:-

191 3294 307 3359 teri,
336 3304 439 3347 etc.
472 3290 521 3361 (l
553 3289 727 3344 Thess.
785 3288 871 3352 IV,
905 3290 1016 3358 1‘3).

196 3428 213 3459 ι
258 3406 443 3475 Quare
474 3404 688 3465 Paulus,
716 3418 835 3457 cum
863 3402 928 3457 de
952 3401 1161 3475 Christo
1191 3401 1441 3470 loquitur,
1479 3408 1703 3454 mortem

132 3472 543 3546 ipsins'mortem
571 3484 755 3546 vocat;
787 3488 905 3546 cum
932 3486 1060 3527 vero
1088 3472 1156 3526 de
1184 3480 1363 3525 nostra
1386 3481 1559 3525 morte
1582 3487 1701 3546 ver-

132 3542 186 3601 ba
222 3550 349 3603 facit
375 3588 394 3613 ,
429 3545 808 3601 dormitionem
844 3543 984 3596 illam
1030 3553 1083 3597 et
1108 3560 1213 3597 non
1261 3551 1484 3613 mortem
1525 3542 1707 3609 appel-

132 3620 191 3671 lat
218 3618 289 3686 (ὁ)
308 3619 333 3671 ‘?
363 3611 524 3678 Nam,
545 3616 597 3669 iu
623 3616 806 3668 eadem
836 3614 1092 3678 oratione,
1122 3622 1201 3667 ter
1228 3613 1402 3686 obitus
1429 3611 1701 3686 hominum

132 3681 446 3743 mentionem
478 3686 699 3748 faciens,
732 3700 999 3753 nunquam
1028 3695 1254 3738 mortem
1296 3682 1444 3743 dicit,
1468 3681 1563 3735 sed
1587 3682 1705 3753 dor-

132 3761 391 3815 tuitionem
432 3758 639 3813 obitum
669 3764 839 3809 vocat.
864 3752 998 3807 Non
1028 3753 1168 3808 enim
1220 3754 1576 3815 perfunctorie
1618 3752 1702 3805 his

132 3846 241 3884 usus
267 3839 352 3886 est
380 3830 564 3883 verbis
585 3826 891 3894 Apostolus,
919 3824 1012 3879 scd
1040 3823 1239 3893 aliquid
1263 3838 1509 3891 magnum
1540 3832 1593 3876 et
1612 3837 1701 3876 sa-

131 3903 263 3967 piens
282 3905 576 3970 pmparat.
594 3896 651 3950 1n
673 3894 882 3970 Christo
899 3896 1055 3970 igitur
1075 3904 1298 3970 mortem
1321 3902 1553 3970 vocat_u_t
1575 3908 1702 3962 pas-

132 3963 198 4022 sio
220 3963 509 4033 credat—ur;
543 3970 594 4021 in
624 3966 777 4020 nobis
801 3963 936 4020 vero
952 3966 1343 4028 dormitionetu,
1362 3971 1433 4033 ut
1459 3963 1697 4018 dolorem

131 4043 334 4111 mitiget.
364 4040 471 4096 Ubi
496 4032 643 4111 enim
673 4037 947 4111 praaeessit
988 4035 1327 4111 resurrectio,
1352 4032 1700 4111 fidenter_vo-

130 4122 199 4164 cat
225 4103 491 4181 mortem;
528 4109 615 4162 ubi
647 4103 774 4181 vero
800 4107 851 4159 in
880 4120 972 4175 spe
996 4105 1169 4181 adhuc
1194 4113 1394 4181 manet,
1420 4103 1698 4181 dormitio-

132 4196 232 4234 uem
260 4180 524 4251 appellat,
552 4187 607 4251 et
645 4193 736 4247 per
760 4177 897 4231 hanc
917 4175 1440 4251 appellatio‘netnnos
1459 4175 1702 4251 consola-

132 4260 221 4315 tur,
246 4245 444 4306 bonam
478 4245 656 4303 nobis
679 4264 826 4316 Spem
853 4260 1155 4316 suggerens.
1183 4246 1280 4313 Qui
1310 4245 1504 4316 dormit
1532 4246 1692 4305 enim,

132 4327 328 4376 omnino
353 4330 604 4389 resurget
630 4336 643 4370 :
666 4315 861 4372 etenim
892 4315 1033 4371 mors
1062 4316 1196 4369 nihil
1236 4315 1378 4369 aliud
1419 4324 1502 4369 est
1540 4330 1696 4385 quam

134 4394 396 4447 dietantus
417 4403 661 4445 somnus.
693 4408 712 4440 ι

186 4504 437 4573 Ejusdem
478 4500 924 4571 Cltrysostomi'ex
961 4499 1170 4553 homilia
1206 4498 1269 4550 de
1304 4495 1624 4551 Paenitentiu.

194 4635 211 4667 ι
243 4615 437 4668 hianna
487 4611 837 4666 comedebaut
888 4609 1074 4671 Judaei,
1099 4617 1155 4663 et
1203 4622 1385 4662 caetras
1423 4606 1699 4678 Egyptias

135 4686 429 4753 mittebant
461 4700 477 4738 :
507 4682 833 4753 adeoturpis
858 4695 944 4753 res
969 4689 1052 4734 est
1071 4678 1419 4743 consuetudo,
1448 4680 1554 4730 into
1579 4693 1702 4753 pes-

301 4755 455 4808 Licet
484 4768 583 4819 per
628 4752 808 4806 decem
837 4751 953 4804 dies
981 4754 1233 4819 praeclare
1256 4758 1332 4819 te
1370 4763 1545 4818 geras,
1576 4749 1701 4804 licet

136 4841 215 4893 per
237 4826 450 4895 viginti,
480 4818 607 4876 Iicet
636 4836 729 4890 per
760 4823 990 4895 triginta,
1019 4836 1125 4875 non
1155 4829 1212 4895 te_
1232 4818 1413 4888 diligo,
1446 4835 1550 4895 mm
1575 4834 1698 4895 gra-

137 4888 219 4949 tias
252 4888 452 4958 habeo,
481 4909 591 4948 non
621 4888 673 4946 te
698 4888 1022 4959 complector
1049 4907 1064 4943 :
1093 4889 1251 4944 modo
1280 4904 1345 4943 ne
1372 4898 1422 4943 te
1447 4888 1700 4957 defatige-

136 4967 211 5027 ris,
234 4966 326 5020 sed
346 4965 559 5034 pudore
576 4960 918 5034 suffundaris,
943 4970 1100 5034 teque
1114 4961 1284 5034 ipsum
1302 4959 1539 5034 damnes.
1568 4959 1697 5034 Itur:

136 5051 233 5090 iam
256 5037 325 5091 de
342 5029 576 5089 caritate
598 5031 962 5087 disseruimus.
987 5029 1214 5089 Audisti.
1237 5029 1432 5092 abiisti,
1452 5030 1699 5097 rapuisti?

138 5122 222 5161 non
263 5106 524 5175 cperibus
551 5117 878 5175 sermonem
925 5101 1253 5175 extimuisti;
1299 5114 1368 5154 ne
1418 5109 1470 5155 te
1509 5100 1701 5167 pudeat

138 5171 321 5231 rursum
369 5174 584 5247 ingredi
614 5175 669 5228 in
693 5172 991 5247 ecclesiam.
1045 5171 1315 5247 Erubesce
1341 5185 1460 5247 cum
1486 5184 1697 5238 peccas,

138 5263 191 5302 ne
221 5241 512 5302 erubescas
556 5258 679 5299 cum
710 5242 1070 5312 pteniteutiam
1096 5242 1228 5311 agis.
1275 5241 1386 5294 Duo
1414 5242 1527 5295 haec
1554 5248 1695 5312 sunt,

140 5329 387 5382 peccatum
418 5325 477 5371 et
506 5310 816 5383 pteniteiuia
844 5328 859 5365 :
889 5313 1080 5365 vulnus
1101 5310 1183 5366 εει
1209 5320 1504 5383 peccatum,
1531 5310 1700 5383 pecni-

142 5379 277 5442 teutia
294 5402 429 5443 vero
456 5379 841 5455 phartnaeum:
869 5383 923 5455 in
947 5383 1164 5455 vulnere
1179 5379 1423 5450 putredo,
1446 5381 1498 5455 in
1538 5380 1697 5449 phar-

141 5473 266 5513 maeo
311 5452 617 5527 putredinis
662 5453 975 5527 inundatio;
1003 5453 1057 5527 _in
1092 5460 1318 5527 peccato
1362 5452 1617 5527 probrum
1644 5459 1700 5505 et

141 5519 329 5595 derisio,
350 5529 410 5583 in
441 5525 754 5597 pmnitentia
782 5523 918 5588 laus,
948 5521 1159 5597 ti‘ducia,
1192 5521 1428 5597 libertas.
1456 5519 1563 5597 Sed
1604 5536 1697 5597 or-

141 5599 291 5654 dinem
314 5590 562 5653 invertit
581 5604 815 5658 satanas,
844 5602 897 5647 et
925 5592 1023 5646 sibi
1066 5590 1481 5661 ohsequentibus
1527 5593 1615 5646 dat
1644 5593 1697 5645 in

145 5681 329 5729 mlo
355 5670 652 5729 licentiam,
683 5665 736 5719 in
784 5662 1089 5733 paenitentia
1138 5663 1412 5731 probrum.
1442 5661 1522 5715 Tu
1569 5676 1699 5733 vero

144 5753 195 5790 ne
214 5741 397 5794 eredas
424 5739 524 5804 illi,
549 5736 647 5792 sed
684 5731 890 5804 utrique
920 5734 1119 5787 actioni
1144 5733 1283 5804 quod
1310 5747 1467 5787 suum
1496 5741 1578 5788 est
1605 5731 1700 5787 tri-

146 5810 276 5865 bute
298 5826 485 5865 cura»

195 5924 250 5983 (Il
284 5923 427 5973 Phot.
450 5919 635 5979 Βοιὼ,
658 5932 705 5982 p.
729 5916 838 5983 523,
856 5914 1088 5983 Aa.AOper.
1116 5914 1280 5978 Chrys.
1306 5920 1342 5965 t.
1370 5920 1405 5977 l,
1429 5914 1519 5965 col.
1553 5913 1660 5965 974.

193 5980 253 6049 (ὑ)
290 5986 443 6046 Oper.
469 5984 637 6047 (ξω-δε.
662 5980 700 6030 ἰ.
728 5980 769 6040 l,
794 5980 886 6029 cet.
918 5980 1050 6029 1018.

3297 517 3394 571 μη

1866 621 2002 676 Visio
2030 637 2183 692 quam
2225 620 2347 675 vidit
2372 620 2752 747 Isaiaslcontra
2789 623 3028 680 Judaeum
3075 637 3122 681 et
3148 627 3365 683 Jerusa-

2569 710 2662 747 em.

2569 710 2662 749 em.

1893 800 1913 835 ‹
1950 782 2044 837 Dic
2086 782 2341 837 visionem
2371 799 2527 853 quam
2575 785 2771 840 vidisti.
2799 786 2887 841 Ait
2932 786 3021 842 ille
3053 806 3066 842 :
3095 790 3264 855 Audi,
3297 808 3392 845 cce-

1817 854 1940 926 fum,
1992 862 2039 907 et
2109 855 2338 926 aurilrus‘
2378 872 2596 926 ρεγαρδ,
2653 865 2805 921 terra,
2852 859 3089 926 quoniam
3142 854 3393 914 Dominus

1818 924 2017 997 [oculus
2064 935 2135 997 est
2181 923 2359 997 (flaui.
2441 924 2482 997 l,
2512 926 2547 997 2
2664 928 2779 997 {Alia
2828 923 3137 997 promisisti,
3189 941 3244 984 ct
3291 931 3394 986 alia

1816 993 2090 1062 loqueris:
2122 993 2380 1063 incipiens
2428 993 2627 1062 dixisti,
2666 994 2802 1050 l'isio
2829 993 3022 1050 'contra
3065 999 3300 1054 Judwam
3344 1012 3392 1055 et

1790 1064 2116 1126 “Jerusalem,
2146 1072 2199 1118 et
2236 1065 2451 1119 dimissa
2500 1067 2821 1134 narratione,
2867 1069 3058 1123 malum
3090 1080 3145 1123 et
3197 1082 3390 1125 terrain

1814 1135 2135 1204 alloqueris?
2167 1135 2404 1189 homines
2437 1135 2726 1204 relinquis,
2767 1148 2822 1191 et
2862 1153 2982 1192 cum
3016 1141 3390 1196 irrationabili-

1815 1204 1914 1285 bus
1940 1200 2219 1285 elementis
2246 1205 2513 1285 loqueris?
2546 1200 2742 1285 Etiam,
2767 1208 2953 1285 inquit,
2981 1210 3101 1279 quia
3129 1211 3296 1285 brutis
3324 1213 3394 1266 ir-

1814 1275 2237 1348 rationabiliores
2266 1274 2388 1329 facti
2417 1284 2541 1348 sunt
2569 1278 2602 1348 ii
2646 1279 2734 1347 qui
2779 1274 2986 1334 ratione
3000 1274 3217 1348 'pracditi
3245 1294 3389 1337 sunt:

1815 1358 1915 1426 nec
1956 1344 2075 1426 ideo
2106 1355 2329 1411 tantum,
2364 1346 2456 1426 sed
2509 1344 2677 1426 etiam
2723 1349 2843 1418 quia
2888 1344 3116 1426 Moyses,
3140 1352 3393 1408 ducturus

1816 1413 1936 1488 i_l_lo_s
1964 1415 2017 1469 in
2048 1425 2241 1488 terram
2276 1416 2662 1488 promissionis,
2696 1413 3068 1488 et'prrevidcns
3091 1413 3283 1486 futura,
3315 1426 3392 1477 sic

1815 1484 1948 1539 dixit
1979 1502 1992 1537 :
2022 1485 2178 1555 Audi,
2233 1486 2435 1545 coelum,
2469 1497 2514 1540 et
2560 1488 2740 1555 loquar
2772 1484 2792 1543 Ξ
2818 1492 3043 1544 attendat
3069 1501 3205 1545 terra
3245 1484 3391 1548 uerba

1814 1557 1915 1636 oris
1942 1556 2037 1636 mei
2063 1552 2239 1636 (Deut.
2295 1555 2509 1619 XXXII,
2544 1552 2837 1636 t)."l‘e_stor_
2859 1561 3028 1636 vobis,
3058 1563 3132 1636 ait
3159 1561 3389 1634 Moyses,

1814 1639 1848 1678 ο
1868 1624 2364 1707 Judaei,‘ctelum_et
2391 1624 2629 1707 terram,“
2635 1630 2756 1707 quia
2795 1630 2839 1683 si
2871 1631 3092 1707 ingressi
3118 1633 3169 1687 in
3194 1624 3386 1687 terram

1814 1696 2201 1772 promissionis,
2232 1696 2873 1772 reliqueritis__Dominum
2905 1696 3103 1772 _'Dcum
3128 1744 3141 1767 ,
3179 1704 3388 1772 disper-

1812 1768 2006 1845 gemtni
2034 1766 2085 1819 itt
2113 1780 2303 1845 omnes
2328 1776 2533 1845 gentes.
2552 1768 3089 1845 Ve_nitigitur_lsaias,
3108 1766 3387 1845 minte'jatn

1814 1835 1865 1916 in
1888 1835 2131 1916 effectum
2158 1836 2410 1892 ducenda:
2430 1848 2597 1893 erant.
2621 1838 2735 1916 Non
2746 1835 3140 1916 'potuitvoca‘re
3154 1835 3387 1916 Moysen:

1808 1906 2016 1979 jamdiu
2033 1916 2316 1972 mortuum,
2351 1922 2448 1963 nec
2471 1923 2563 1962 eos
2583 1909 2672 1979 qui
2701 1906 2811 1965 haec
2830 1911 3105 1967 audierant
3124 1932 3136 1967 :
3155 1906 3390 1969 elemen-

1816 1985 1866 2057 ta
1898 1976 2107 2057 tandem
2136 1989 2456 2057 vocantqum
2484 1976 2880 2057 etiain__h_toyses
2918 1982 3021 2035 illis
3059 1985 3110 2057 in
3148 1988 3387 2039 testium-

1812 2047 1957 2128 nium
1982 2047 2284 2128 advocarat.
2310 2048 2619 2128 Quanquam
2647 2050 2734 2104 ille
2761 2047 3008 2117 potuerat
3044 2056 3307 2110 Aaronetn
3336 2068 3390 2112 ct

1813 2117 1946 2189 alios
1996 2118 2190 2189 multos
2234 2119 2285 2172 in
2338 2117 2698 2174 testiinonium
2747 2137 2941 2177 vocare
2972 2141 2984 2176 :
3013 2126 3105 2177 sed
3138 2125 3384 2189 ideo,in-

1813 2187 1976 2254 quiet,
2006 2187 2125 2264 illos
2154 2204 2257 2264 non
2286 2190 2485 2264 voca_vi,
2515 2193 2636 2264 quia
2663 2193 2900 2264 morituri
2931 2203 3099 2257 erant,
3119 2187 3288 2264 neque
3317 2207 3389 2252 te-

1813 2266 1926 2311 stes
1958 2257 2189 2312 adfuturi
2238 2273 2359 2313 cum
2404 2257 2564 2314 Israel
2599 2263 2971 2328 przevaricatus
2995 2265 3061 2317 sit
3093 2283 3106 2320 :
3137 2257 3255 2320 ideo
3279 2268 3390 2323 elc-

1813 2337 2243 2408 mentase‘mper
2261 2332 2572 2408 _manentia_
2589 2331 2707 2400 jure
2756 2334 2807 2386 in
2853 2336 3212 2408 testimonium
3237 2352 3389 2392 voco.

1811 2396 1904 2480 Sic
1924 2396 2165 2480 et_lsaias
2180 2400 2298 2480 facit
2328 2416 2341 2451 :
2374 2415 2477 2480 no_n
2494 2396 2665 2480 solum
2690 2412 2975 2480 propterea
3001 2421 3118 2475 quae
3137 2407 3389 2473 diximus,

1812 2468 1906 2522 sed
1931 2468 2088 2540 etiam
2112 2470 2232 2540 quia
2260 2485 2400 2536 cum,
2423 2469 2620 2526 Judteis
2642 2468 2868 2537 locutus,
2889 2468 3134 2531 vidit'eos
3155 2479 3252 2532 sibi
3285 2468 3389 2536 non

1811 2539 2104 2604 attendere,
2127 2540 2193 2594 ad
2214 2540 2472 2596 elementa
2502 2556 2559 2596 se
2583 2547 2861 2608 convertit,
2880 2554 2933 2598 et
2950 2560 3008 2599 ea
3031 2557 3089 2600 ut
3107 2557 3266 2604 testes
3290 2550 3389 2604 ad-

1815 2620 1987 2663 vocat.
2013 2611 2164 2676 Audi,
2196 2613 2411 2677 cwlum;
2442 2620 2498 2665 tu
2546 2614 2686 2667 enim
2722 2629 2910 2668 manna
2957 2618 3115 2672 tulisti
3145 2636 3157 2671 :
3185 2621 3388 2677 auribus

1811 2684 2029 2758 percipe,
2054 2690 2188 2735 terra
2206 2698 2226 2745 ;
2242 2694 2295 2735 tu
2316 2684 2455 2736 enim
2478 2685 2779 2738 coturnices
2798 2685 3008 2739 dedisti.
3032 2689 3167 2742 Audi
3183 2692 3386 2758 caelum;

1816 2761 1869 2803 tu
1896 2754 2035 2805 enim
2076 2767 2283 2828 eaquae
2325 2767 2502 2828 supra.
2525 2763 2764 2828 naturam
2788 2766 2919 2828 sunt
2957 2758 3059 2811 illis
3095 2754 3384 2828 prtehuisti,

1813 2834 2041 2890 superne
2066 2832 2122 2875 ttt
2147 2821 2407 2876 firmatum
2431 2821 2597 2886 fuisti,
2633 2826 2891 2890 mansisti,
2921 2835 2975 2881 et
2999 2821 3138 2883 area:
3168 2821 3385 2887 moduni

1812 2906 1918 2946 non
1958 2892 2267 2961 tlespexisti.
2298 2894 2772 2966 Auribuspercipe,
2801 2906 2968 2961 terra;
2994 2908 3045 2950 tu
3078 2900 3218 2955 cuitu
3250 2903 3386 2959 infra

1814 2977 1952 3028 eras,
1984 2973 2037 3018 et
2065 2978 2300 3017 mensam
2334 2964 2438 3018 illis
2458 2965 2630 3019 subito
2650 2964 2962 3035 apposuisti.
3009 2966 3133 3024 Ideo
3171 2982 3225 3027 et
3251 2973 3386 3028 alius

1811 3035 2066 3101 propheta
2093 3049 2269 3102 regem
2292 3035 2641 3090 insanientem
2668 3037 2872 3099 videns,
2902 3038 3098 3094 idolqu
3119 3043 3381 3098 colentem

1809 3114 1865 3182 et
1895 3105 2056 3159 Deum
2079 3106 2406 3182 contumelia
2437 3104 2756 3182 afticientem
2771 3149 2785 3173 ,
2813 3108 3048 3178 aliosque
3089 3122 3381 3182 stupentes,

1812 3173 1999 3250 horum
2032 3177 2296 3250 neminem
2321 3176 2763 3250 _allt)_quitttr,_§ed
2788 3173 3075 3250 conversus
3104 3173 3196 3246 ait,
3226 3173 3382 3250 Audi,

1810 3247 1985 3320 altare,
2008 3245 2139 3320 nudi
2157 3262 2233 3298 me
2274 3249 2299 3320 (_
2319 3247 2382 3299 ΙΙΙ
2413 3245 2541 3320 Reg.
2572 3245 2710 3312 Xlll,
2741 3248 2776 3301 Ε).
2798 3249 2841 3319 ).
2872 3249 2977 3303 Cur
2996 3245 3222 3320 lapidem
3252 3245 3385 3310 allo:-

1810 3315 2261 3393 queris?_l€tiam,
2285 3317 2473 3393 inquit,
2493 3315 2643 3393 quia
2672 3333 2765 3393 rex
2798 3315 2991 3393 'minus
3038 3315 3194 3390 quam
3250 3325 3384 3393 lapis

1811 3386 1992 3439 sentit.
2027 3385 2175 3449 Audi,
2209 3387 2388 3450 ultore,
2416 3388 2521 3439 huic
2542 3388 2663 3441 dicit
2706 3388 2949 3443 Dominus
2971 3407 2990 3444 :
3022 3385 3076 3446 et
3103 3395 3279 3448 statim
3305 3385 3384 3449 dt-

1810 3457 1978 3508 visum
2010 3466 2064 3509 et
2093 3455 2313 3508 fractum
2335 3466 2415 3510 est
2440 3458 2624 3522 altare,
2656 3468 2708 3511 et
2733 3458 2917 3513 effudit
2938 3459 3183 3517 hostiam.
3210 3465 3382 3521 flomo

1809 3537 1985 3580 autem
2018 3541 2121 3579 non
2151 3527 2477 3605 audivit,sed
2506 3529 2748 3605 ostendit
2772 3529 3382 3605 rex'tnanum,prophe-

1810 3605 1916 3672 tam
1946 3595 2393 3672 comprehendere
2437 3597 2675 3672 cupiens.
2719 3601 2855 3672 Deus
2901 3616 3028 3655 vero
3063 3595 3187 3672 quid
3215 3595 3381 3660 fecit?

1807 3665 2015 3719 Manum
2045 3667 2159 3735 ejus
2200 3667 2435 3721 arcfecit.
2477 3666 2592 3721 Non
2621 3670 2837 3724 arefecit
2873 3680 3051 3726 autem
3080 3665 3317 3729 'mauum
3347 3694 3379 3732 a

1809 3738 2081 3817 principio,
2115 3746 2170 3817 ut
2194 3736 2284 3790 ille
2313 3751 2344 3791 e
2373 3747 2589 3817 ruptura
2620 3739 2821 3817 ‘lapidis
2865 3744 3175 3810 prudentior
3204 3747 3376 3814 fieret,

1807 3806 2030 3887 Volebat
2053 3807 2344 3887 enitnneum
2366 3812 2481 3863 sine
2506 3806 2848 3879 castigatione
2862 3806 3049 3887 Sapere
3068 3831 3082 3876 ;
3098 3817 3204 3887 sed
3232 3806 3399 3887 quia,

1807 3878 1992 3958 inquit,
2017 3878 2149 3946 lapis
2169 3878 2418 3931 discissus
2439 3888 2539 3946 est,
2566 3889 2619 3934 et
2646 3890 2701 3935 tu
2718 3897 2823 3936 non
2840 3878 3157 3953 emendaris,
3179 3878 3379 3957 justam

1804 3963 1858 4001 ιιι
1887 3960 1938 4003 te
1968 3963 2096 4002 Iram
2128 3958 2451 4002 convertam.
2484 3967 2503 4000 ›

1805 4058 1889 4115 Ea:
1931 4062 2155 4143 oratione
2182 4063 2658 4144 .in_prodigunt,.in
2693 4066 3029 4144 paenitentiam
3049 4110 3063 4134 ,
3091 4070 3145 4125 in
3186 4072 3379 4144 lignum

2015 4133 2237 4186 scientia:
2261 4133 2378 4187 boui
2407 4145 2451 4188 ct
2473 4136 2614 4200 mali,
2644 4145 2690 4188 et
2718 4139 2771 4187 in
2795 4138 3035 4193 latronem
3060 4140 3163 4211 (a).

1880 4263 1898 4295 ι
1930 4243 2202 4324 Justorum
2230 4260 2414 4315 agmen
2452 4261 2556 4300 non
2599 4248 2708 4324 vult
2733 4247 2982 4324 Christus
3014 4253 3064 4305 in
3093 4269 3151 4307 se
3190 4269 3378 4324 rapere

1805 4322 2118 4386 potestatem
2142 4326 2520 4386 creaturarum,
2552 4318 2644 4370 sed
2672 4332 2731 4371 ea
2766 4334 2884 4386 quae
2921 4322 2986 4374 ad
3025 4318 3375 4381 inconniﬁiam

1803 4394 2064 4465 spectant,
2094 4383 2262 4465 Patris
2295 4385 2636 4465 providentia;
2676 4383 2912 4454 subjecta
2943 4406 3079 4445 esse.
3122 4392 3249 4448 Ideo
3280 4412 3374 4465 pa-

1804 4456 1980 4529 rahola
2002 4454 2273 4529 juniorem
2295 4456 2513 4529 inducit,
2542 4457 2631 4529 qui
2659 4470 2932 4527 acceperat
2959 4472 3230 4529 paternam
3264 4454 3374 4520 lia:-

1802 4526 2115 4605 retlitatem',
2145 4524 2573 4605 proficiscentem
2612 4527 2664 4580 in
2712 4524 2980 4598 regionem
3035 4533 3373 4605 longinquam

1804 4594 1968 4666 (Luc.
1998 4594 2112 4656 XV,
2145 4595 2270 4666 1‘2).
2301 4594 2593 4666 Longitudo
2622 4594 2797 4652 autem
2840 4614 2942 4653 non
2991 4594 3177 4658 stadiis
3199 4594 3377 4661 deter-

1803 4664 2055 4745 r'ninatur,
2080 4664 2172 4719 sed
2199 4664 2433 4745 moribus
2447 4667 2896 4745 circumscribitur
2914 4687 2927 4723 :
2948 4686 3065 4745 nam
3085 4676 3170 4742 qni
3192 4686 3376 4745 peccat

1803 4739 1958 4805 longe
1982 4744 2286 4790 removetur
2309 4750 2339 4789 a
2371 4737 2500 4802 Deo,
2516 4753 2619 4792 non
2641 4738 2888 4804 loco,sed
2919 4737 3174 4800 moribus.
3194 4737 3374 4802 "Acce-

1804 4816 1890 4886 pta
1932 4815 2118 4888 autem.
2150 4815 2365 4888 paterna
2389 4807 2708 4888 substantia,
2748 4810 2972 4888 perdidit
3009 4828 3128 4868 eam
3158 4818 3375 4888 prodige

1801 4878 2048 4932 vivendo.
2089 4877 2308 4946 Accepit
2335 4877 2524 4942 solem,
2552 4887 2609 4932 ut
2656 4877 2758 4933 illo
2780 4880 3070 4946 frueretur,
3094 4877 3374 4944 et'donu‘in

1806 4957 1861 5002 ut
1886 4948 2051 5021 Deum
2070 4947 2315 5021 adoravit
2342 4964 2357 5001 :
2394 4950 2598 5021 accepit
2643 4950 2813 5005 fontes
2845 4952 2913 5005 ad
2933 4952 3167 5021 delicias,
3200 4967 3255 5012 et
3280 4959 3375 5013 do-

1804 5033 1930 5072 num
1960 5019 2013 5071 in
2050 5017 2207 5071 deum
2234 5020 2492 5091 convertit
2520 5036 2535 5091 _:
2566 5019 2824 5091 ignoravit
2864 5017 3168 5091 donantetn,
3203 5038 3255 5083 et
3281 5029 3376 5084 do-

1802 5104 1926 5142 num
1956 5102 2114 5165 supra
2146 5088 2355 5165 modutn
2393 5089 2575 5165 coluit:
2607 5090 2817 5165 Eadem
2854 5102 2938 5148 est
2979 5088 3218 5150 creatura
3238 5141 3252 5165 ,
3280 5099 3375 5155 sed

1803 5174 1907 5213 non
1932 5159 2178 5229 omnibus
2223 5159 2409 5229 eodem
2454 5158 2614 5214 modo
2638 5164 2940 5229 conspicua.
2995 5158 3375 5224 Paterua'sub-

1802 5229 1993 5282 stantia
2036 5228 2125 5281 ille
2152 5228 2363 5297 quidem
2406 5239 2552 5283 recte
2596 5245 2739 5296 usus,
2774 5228 2861 5287 hic
2880 5248 3010 5289 vero
3047 5236 3242 5292 abusus
3269 5244 3391 5295 est.

1803 5299 1944 5353 Ordo
1959 5298 2043 5351 hic
2057 5306 2111 5351 et
2124 5298 2255 5352 ordo
2281 5298 2369 5352 ille
2387 5307 2488 5365 est,
2510 5301 2717 5355 tametsi
2735 5301 2994 5360 diversus.
3013 5304 3135 5362 Pius
3154 5309 3232 5362 vir
3254 5312 3375 5368 αειί

1804 5368 2242 5447 pulchritudinem
2266 5369 2432 5447 videt,
2459 5379 2715 5447 _atque_ex
2741 5374 3133 5447 pulchritudine
3152 5378 3374 5434 Creato-

1803 5438 1915 5516 rem
1944 5438 2120 5516 tundat
2138 5438 2365 5516 :l'idebo
2389 5438 2695 5516 euintcwlos
2718 5438 2871 5516 opera
2889 5446 3158 5516 digitorum
3175 5459 3371 5504 tuorum

1803 5510 1971 5582 (Psal.
2000 5508 2130 5573 Vlll,
2151 5508 2226 5582 4).
2254 5508 2393 5582 Vidit
2417 5512 2626 5582 impius,
2646 5522 2701 5566 et
2724 5508 2789 5567 ad
2809 5508 3113 5572 Creatorem
3143 5531 3374 5575 mentem

1802 5579 1905 5635 non
1930 5579 2208 5657 convertit,
2240 5579 2333 5657 sed
2365 5580 2802 5657 pulchritudinem
2832 5587 2953 5657 coeli
2990 5591 3369 5657 contemplans,

1801 5663 2095 5706 creaturam
2114 5650 2425 5718 imaginatus
2436 5661 2518 5705 est
2530 5667 2649 5707 esse
2659 5653 2834 5707 deum.
2855 5656 2977 5710 Pius
2990 5672 3093 5711 non
3107 5650 3376 5715 contume-

1802 5723 1868 5776 lia
1898 5721 2058 5775 aﬂicit
2085 5730 2402 5784 creaturam,
2436 5722 2530 5775 sed
2560 5733 2616 5777 ut
2642 5724 2861 5778 Domino
2884 5728 3243 5783 adorationem
3274 5744 3366 5785 re-

1799 5803 1978 5847 servat
2004 5809 2016 5843 :
2042 5790 2266 5844 honorat
2304 5802 2621 5859 creaturam,
2665 5795 2758 5847 sed
2783 5806 2838 5849 ut
2861 5811 3166 5852 conservam
3207 5815 3222 5852 :
3261 5814 3371 5857 non

1799 5863 2044 5918 auferens
2063 5860 2261 5915 cultum
2276 5862 2513 5916 Creatori
2531 5871 2821 5919 creaturam
2833 5870 3237 5938 contemplatur;
3262 5869 3374 5927 lau-

1868 5972 1931 6036 (a)
1972 5972 2107 6022 Phot.
2131 5970 2304 6034 Beldt,
2329 5984 2376 6036 p.
2401 5972 2510 6036 521,
2535 5986 2581 6023 a.
