3818 6400
376 483 478 540 103

373 597 462 648 dat
488 593 786 658 artificium,
819 592 910 648 sed
928 592 1146 646 artiﬁcis
1184 591 1404 658 gloriam
1442 590 1516 646 illi
1545 605 1648 644 non
1677 591 1937 645 attribuit.

372 664 569 734 lnipius
611 679 735 718 vero
772 665 906 717 bene
933 663 1144 731 quidem
1174 663 1338 734 vidit,
1365 661 1455 716 sed
1501 660 1639 716 male
1682 661 1938 729 adoravit,

369 747 423 788 et
451 733 660 787 omnem
687 734 924 786 ordinem
954 733 1227 787 subvertit.
1262 751 1280 783 ι

447 822 467 855 ι
511 803 662 872 Saepe
685 803 952 871 Scriptura
981 803 1244 854 diabolum
1270 809 1420 854 vocat
1444 799 1725 872 draconem
1753 808 1811 855 et
1830 815 1943 872 ser:

373 870 939 942 pontem‘tortuoSuin.
988 873 1110 925 Ideo
1152 871 1402 925 Servatur
1450 872 1617 924 dicit:
1652 870 1782 922 Ecce
1809 870 1942 942 ξαεάὶ

370 940 507 1013 nobis
532 952 820 1013 potestatem
857 943 1084 996 calcandi
1109 958 1264 1007 supra
1301 951 1550 1013 serpentes
1579 951 1623 1013 et
1654 940 1942 1013 scorpiones

371 1009 542 1084 (Luca
566 1011 632 1077 Χ,
659 1012 748 1080 19)
784 1032 796 1067 :
827 1021 881 1066 et
906 1029 980 1084 ne
998 1013 1199 1084 reptilia
1214 1011 1503 1084 intelligas,
1531 1010 1740 1079 adjecit.
1765 1009 1829 1063 Et
1849 1026 1937 1084 suo

409 1100 467 1136 ra
494 1098 690 1137 omnem
716 1079 946 1136 uirtutem
966 1079 1176 1135 inimici.
1210 1082 1377 1134 Draco
1403 1079 1453 1134 et
1481 1095 1699 1149 serpens
1723 1089 1804 1134 est
1831 1079 1942 1149 dia:

409 1101 467 1136 ra
494 1101 690 1137 omnem
716 1101 946 1136 ωνιιιιεηι
966 1101 1176 1135 1111111161.
1210 1101 1377 1134 uracu
1403 1101 1453 1134 BI.
1481 1101 1699 1149 SCI’pCIlS
1723 1101 1804 1134 εει
1831 1101 1941 1133 (lla-

371 1101 547 1217 Eolus,
573 1168 677 1206 non
707 1163 762 1206 ut
786 1154 996 1206 malitia:
1021 1152 1190 1215 radix,
1220 1160 1276 1204 ut
1320 1150 1590 1204 Manichici
1619 1151 1819 1215 dicunt,
1848 1148 1941 1203 sed

373 1233 429 1274 ut
478 1223 723 1292 princeps
763 1222 1083 1286 daemonum,
1133 1230 1187 1276 et.
1231 1230 1410 1275 auctor
1449 1222 1624 1290 lapsus
1667 1220 1772 1274 illis
1815 1219 1942 1274 effe-

367 1303 503 1346 ειυς.
536 1311 558 1346 θ

580 1382 664 1437 Ea:
691 1382 963 1437 Itortalorio
988 1398 1210 1436 sermone
1238 1381 1299 1435 de
1324 1379 1624 1434 Paenitentia
1644 1380 1744 1450 (a).

447 1490 467 1524 t
514 1472 590 1527 De
615 1487 681 1526 eo
709 1473 796 1542 qui
827 1473 959 1525 dixit
986 1486 1002 1522 :
1033 1470 1300 1525 Destruam
1333 1474 1510 1523 horrea
1531 1487 1658 1542 turea,
1679 1481 1721 1521 et
1746 1470 1940 1542 majora

370 1543 557 1610 faciam
579 1540 738 1610 (Luc.
783 1543 897 1607 XII,
929 1543 1033 1610 l8),
1065 1541 1379 1594 sententiam
1400 1559 1425 1590 a
1449 1542 1553 1593 Deo
1569 1541 1723 1593 latam
1752 1540 1802 1592 in
1829 1555 1942 1593 rne-

373 1628 596 1666 mortam
627 1624 960 1675 revocantes,
981 1613 1182 1679 aperite
1203 1612 1478 1663 thesauros
1504 1620 1726 1670 vestros,
1754 1620 1804 1662 et
1820 1611 1941 1663 date

371 1684 785 1752 eleemosynam.
818 1681 996 1752 Facite
1026 1681 1173 1734 vobis
1201 1680 1477 1752 thesauros
1504 1679 1865 1752 indeﬁcientes
1885 1679 1937 1732 in

369 1753 529 1818 caelo,
554 1749 621 1805 ut'
642 1753 891 1805 Dominus
914 1751 1083 1819 jubet,
1105 1752 1194 1819 qui
1221 1750 1394 1803 futiles
1410 1749 1618 1802 divitias
1646 1765 1711 1802 ex
1739 1749 1940 1803 faenore

371 1832 426 1876 et
447 1823 693 1889 injuslitia
716 1821 1028 1890 collegistis:
1050 1820 1224 1873 Facite
1245 1820 1382 1874 vobis
1403 1821 1588 1872 amicos
1613 1820 1675 1872 de
1701 1836 1942 1872 mammo-

373 1908 460 1956 na,
491 1901 544 1944 ut
572 1893 824 1945 Dominus
853 1894 1103 1959 imperat;
1134 1901 1187 1942 iit
1221 1906 1336 1942 cum
1377 1891 1676 1958 defeceritt's,
1698 1890 1940 1958 recipiant

369 1977 453 2014 vos
474 1962 523 2014 in
551 1972 736 2016 attenta
761 1960 1081 2014 tabernacula
1105 1959 1254 2023 (Luc.
1272 1959 1412 2024 XVI,
1443 1961 1554 2031 9).»

375 2052 457 2104 lix
476 2053 682 2104 liomt'lia
703 2052 754 2104 in
775 2061 920 2105 terra!
938 2060 1146 2114 malum,
1177 2061 1223 2104 et
1245 2050 1529 2115 Lazarum,
1553 2059 1598 2103 et
1619 2049 1818 2103 divitem

399 2147 402 2150 ’
448 2161 468 2194 ‹
502 2143 616 2198 Non
644 2158 797 2198 cesso
826 2145 1024 2207 dicere,
1051 2147 1257 2200 etiamsi
1283 2160 1440 2199 nemo
1479 2145 1676 2198 audiat.
1711 2145 1942 2198 Medicus

370 2227 510 2285 sum,
543 2214 927 2285 medicamenta
966 2231 1172 2284 appono
1201 2233 1214 2270 :
1247 2225 1540 2285 praeceptor
1559 2231 1705 2285 sum,
1727 2230 1943 2268 monere

367 2283 548 2353 jussus
591 2298 729 2356 sum.
778 2283 1052 2356 Neminem
1084 2283 1328 2356 corrigo?
1357 2283 1568 2355 et’quid
1599 2284 1698 2338 hoc
1728 2285 1944 2356 est‘lAt

371 2368 479 2426 ego,
499 2354 797 2426 mercedem
829 2355 1017 2408 habeo.
1047 2354 1244 2411 Verum
1281 2355 1439 2410 etiam
1465 2354 1579 2426 per
1617 2355 1941 2426 hyperbolen

375 2425 481 2476 dixi
511 2439 524 2475 :
569 2426 679 2477 fieri
709 2425 848 2477 enim
877 2427 1059 2494 nequit
1090 2437 1143 2480 ul
1173 2427 1224 2480 in
1253 2435 1396 2479 tanta
1423 2425 1756 2479 multitudine
1788 2440 1942 2478 nemo

369 2509 428 2546 se
454 2495 718 2565 emendet.
769 2495 962 2558 Audio,
995 2497 1181 2565 inquit,
1231 2495 1498 2565 quotidie,
1539 2505 1592 2548 et
1636 2510 1739 2548 non
1788 2495 1939 2549 laeto.

370 2564 528 2627 Audi,
558 2565 761 2618 etiamsi
808 2581 910 2618 non
942 2564 1100 2618 facias
1127 2588 1140 2620 ι
1165 2583 1228 2620 ex
1249 2564 1433 2619 auditu
1467 2567 1606 2620 enim
1635 2565 1861 2618 eflicitur
1890 2575 1946 2618 ut

370 2642 575 2703 agatur.
607 2634 825 2688 Etiamsi
854 2650 957 2706 non
980 2636 1157 2701 facias,
1189 2652 1252 2689 ex
1281 2645 1498 2706 peccato
1527 2636 1724 2704 pudore
1749 2635 1944 2706 al'licief

373 2705 704 2767 ris;etiatnsi
736 2722 836 2757 non
872 2704 1051 2769 facias,
1082 2704 1314 2760 mutatur
1361 2707 1450 2760 tibi
1478 2707 1712 2770 animus;
1739 2705 1942 2759 etiamsi

374 2788 478 2827 non
509 2773 688 2838 facias,
723 2775 943 2843 teipsuni
967 2776 1292 2830 condemnas
1313 2777 1452 2845 quod
1478 2791 1582 2829 non
1615 2775 1772 2828 facias
1803 2776 1945 2829 :sei-

375 2859 525 2912 psum
545 2855 731 2915 autem
785 2847 1047 2910 incusare,
1080 2847 1389 2915 principium
1430 2855 1508 2900 est
1537 2846 1942 2915 emendationis,

371 2913 593 2981 Quando
616 2915 838 2977 dixeris,
866 2915 960 2968 llei
989 2913 1119 2970 mihi
1149 2917 1162 2969 l
1191 2913 1364 2969 audivi
1407 2926 1461 2969 et
1491 2931 1594 2969 non
1623 2915 1789 2979 l'acio;
1817 2913 1946 2969 illud

371 2984 468 3038 llei
495 2983 648 3051 mihi,
682 2987 882 3038 initium
914 2998 995 3040 est
1021 2986 1325 3040 mutationis
1347 2987 1400 3041 in
1427 2987 1634 3040 melius.
1674 3004 1694 3037 ι

681 3097 749 3152 In
773 3100 923 3167 illud,
951 3100 1097 3155 Mitte
1123 3100 1400 3168 Lazarum,
1423 3109 1517 3154 etc.
1551 3102 1646 3172 (ε).

450 3233 470 3266 ι
517 3213 580 3268 Ει
608 3215 693 3268 ubi
723 3229 861 3267 nunc
890 3224 1013 3268 sunt
1043 3215 1305 3280 pincerna:
1334 3215 1408 3266 tui
1433 3254 1446 3277 ,
1477 3222 1697 3282 tapetes,
1732 3213 1944 3282 parasiti

373 3294 426 3354 et
452 3285 751 3340 adulatores
774 3284 923 3354 (Luc.
947 3283 1220 3351 XVI,24)?
1251 3287 1334 3337 uhi
1369 3287 1530 3337 fastus
1549 3293 1602 3337 et
1622 3283 1948 3354 phantasti

375 3353 521 3409 Folia
552 3365 725 3422 erant,
755 3353 810 3408 et
851 3355 1022 3409 hiems
1066 3355 1300 3420 abstulit,
1327 3353 1948 3423 omniaqueperierunt,

375 3425 638 3479 Somnium
657 3435 878 3480 erantet
902 3437 1049 3479 ortus
1069 3435 1152 3479 est
1176 3425 1306 3489 dies,
1331 3425 1699 3493 sonininmque
1722 3425 1947 3492 dissipa-

381 3506 487 3548 ttnu
513 3505 610 3549 est.
631 3495 737 3550 Cur
760 3507 932 3549 autem
981 3512 1084 3549 non
1108 3496 1236 3557 δυο,
1272 3497 1350 3549 vel
1379 3495 1653 3552 Jacobum.
1685 3495 1778 3548 sed
1808 3496 1948 3547 Isaa-

370 3566 608 3626 cum.vel
634 3567 986 3620 Ahrahamum
1016 3567 1163 3620 dives
1187 3565 1350 3618 vidit?
1378 3566 1588 3632 Quare?
1615 3567 1733 3633 quia
1768 3564 1949 3632 hospi-

377 3637 498 3689 talis
522 3637 938 3700 eratAbraham,
971 3647 1028 3690 et
1050 3637 1164 3704 ejus
1184 3635 1512 3704 hospitalitas
1531 3636 1682 3689 istius
1709 3635 1952 3689 inhuma-

373 3707 553 3760 nitatis
573 3709 740 3775 tnajor
765 3717 846 3760 est
874 3717 1159 3760 accusatio.
1175 3727 1194 3758 ι

375 3815 462 3870 Ea:
503 3817 711 3870 Itomilt'a
747 3819 998 3888 quadam,
1023 3817 1145 3940 lion
1176 3817 1322 3960 ὥιῖεο
1373 3816 1628 3887 tie/lendas
1671 3832 1777 3871 esse
1816 3833 1953 3871 mor-

1067 3905 1156 3942 uos
1264 3927 1276 3940 .

1067 3905 1276 3942 11081111.

449 4016 470 4050 r
516 3997 656 4052 Mors
688 4000 880 4052 solutio
904 4009 986 4052 est
1011 3998 1445 4053 sollicitudinum.
1475 3998 1585 4053 Nisi
1613 4011 1758 4052 mors
1787 4006 1947 4062 esset,

375 4083 473 4124 nos
515 4070 658 4138 ipsos
687 4071 1100 4134 devorareiuus;
1129 4071 1227 4122 nisi
1257 4071 1952 4140 punitioneminspectare:

375 4154 514 4212 inus,
555 4155 884 4212 neqanuain
916 4158 944 4191 a
976 4141 1130 4194 malis
1177 4139 1523 4212 ceSSaretiitis.
1561 4139 1717 4193 Vides
1748 4139 1954 4192 Domini

379 4211 803 4279 benignitatem?
845 4225 1028 4279 [)(Bllas
1075 4227 1137 4263 ex
1166 4212 1597 4279 praivaricatione
1622 4218 1953 4276 exSpectatas

375 4282 561 4334 salutis
587 4282 919 4334 occasionem
947 4281 1137 4334 cll'ecit.
1155 4284 1350 4350 Sic-rgo
1359 4281 1535 4350 justus
1562 4289 1676 4332 erat
1695 4279 1783 4347 qui
1812 4294 1954 4332 mor-

376 4361 497 4405 tuus
521 4362 620 4414 est,
644 4352 835 4419 gaude,
863 4353 981 4420 quia
1003 4368 1123 4404 cum
1171 4353 1356 4405 fiducia
1391 4351 1456 4404 ad
1504 4351 1778 4405 hominum
1835 4364 1954 4416 pro-

375 4423 544 4475 lectus
568 4433 649 4476 est
677 4437 690 4473 :
715 4423 758 4474 si
795 4436 921 4475 vero
973 4431 1214 4490 peccator
1253 4431 1388 4483 erat,
1418 4435 1484 4474 ne
1535 4422 1752 4489 lugeas;
1787 4421 1836 4473 id
1869 4420 1954 4472 lu-

375 4501 555 4546 cratus
600 4500 700 4557 est,
729 4492 869 4560 quod
910 4502 1120 4561 peccata
1171 4496 1400 4562 peccatis
1447 4505 1552 4545 non
1594 4491 1792 4544 addere
1835 4507 1955 4560 pos-

375 4562 459 4614 sit.
495 4579 514 4613 ι

451 4627 508 4684 In
537 4630 757 4699 epistola
798 4632 862 4684 ad
889 4633 1161 4703 Cyriacuin
1183 4633 1488 4701 episcopum
1512 4629 1604 4699 (ε),
1634 4647 1789 4697 quant
1814 4629 1958 4703 misit

382 4717 430 4753 in
450 4705 682 4754 secundo
705 4704 912 4766 exStlio,
933 4701 1214 4756 'Arsacium
1240 4704 1564 4771 perstringit,
1589 4718 1783 4754 vocans
1806 4701 1952 4754 illum

379 4771 602 4825 deliruut
629 4781 683 4825 et
707 4773 1002 4826 adulterum
1026 4789 1038 4824 :
1065 4774 1345 4841 laudatque
1388 4774 1508 4826 illos
1537 4773 1625 4840 qui
1655 4774 1770 4840 ejus
1809 4787 1944 4824 COlll-

380 4843 683 4896 nmnioaem
713 4855 1040 4906 aversantur,
1071 4855 1127 4896 ut
1153 4844 1238 4912 qui
1286 4852 1497 4912 propter
1537 4842 1699 4912 Deum
1732 4850 1786 4894 et
1816 4843 1954 4909 inju-

380 4916 573 4964 stitiain
601 4912 998 4982 archiepiscopo
1043 4928 1141 4967 suo
1171 4913 1367 4966 illatam
1415 4915 1482 4965 ah
1513 4911 1911 4982 illoﬂdecliucnt
1938 4927 1952 4964 :

382 4996 682 5050 quanquam
702 4979 754 5033 in
780 4979 898 5036 aliis
933 4979 1180 5037 'videatur
1205 4983 1397 5036 hortari
1425 4997 1494 5037 ne
1515 4985 1580 5035 ab
1609 4981 1839 5035 Ecclesia
1869 4999 1956 5034 re-

382 5055 588 5106 cedant.
620 5053 807 5107 Postea
829 5063 1024 5117 autem,
1046 5064 1102 5106 ut
1123 5054 1346 5114 videtur,
1375 5053 1690 5106 sententiam
1716 5056 1953 5116 mutavit,

383 5123 630 5191 quoniam
657 5123 690 5176 ii
722 5122 810 5191 qui
842 5126 1011 5190 ipsum
1036 5127 1230 5191 injuste
1257 5125 1554 5192 ejecerant,
1599 5125 1821 5191 peractis
1852 5139 1956 5176 noti

387 5193 643 5262 contenti,
675 5195 832 5246 etiam
856 5198 904 5246 in
925 5209 1019 5248 eos
1045 5195 1130 5262 qui
1159 5196 1257 5262 ipsi
1275 5195 1466 5248 addicti
1485 5203 1684 5256 essent,
1707 5193 1960 5247 incursio-

387 5259 816 5386 iiefliIISidiaStjue
839 5259 1109 5334 parabant,
1127 5259 1483 5334 curabantque
1505 5265 1620 5318 illos
1645 5266 1696 5315 iii
1715 5264 1958 5318 exsniutn

387 5348 449 5386 ue
497 5351 528 5386 i.

421 5334 528 5386 elli.

385 5348 701 5473 pel[tlegimus
722 5403 792 5476 (f)
808 5403 1169 5477 Chrysostomi
1187 5405 1240 5459 in
1259 5405 1503 5461 Geuesim
1522 5405 1778 5460 Homilias
1801 5419 1958 5459 unam

473 5679 523 5751 cl
554 5679 694 5751 lfhot.
720 5679 892 5747 Bekk,
919 5703 967 5751 p.
985 5679 1093 5737 523.
1120 5688 1267 5750 Oper.
1291 5686 1455 5750 Chrys.
1476 5693 1510 5736 t.
1532 5693 1566 5748 t,
1589 5684 1682 5735 col.
1710 5684 1844 5735 1059.

567 5745 771 5798 Ibidem.

395 5808 682 5920 ωἷεὶϐξδαε
709 5825 817 5873 qua:
848 5811 911 5860 de
944 5811 1034 5859 hac
1066 5809 1269 5874 epistola
1301 5809 1508 5860 diximus
1530 5811 1581 5858 in
1605 5809 1802 5869 Monito,
1829 5815 1864 5860 t.
1891 5815 1958 5871 Ill,

454 5931 506 5996 (ι
519 5933 539 5995 )
575 5933 715 5984 l’bot.
740 5933 862 5984 una.
884 5923 1249 5989 ed.lieltk.rod.
1279 5933 1562 5999 172-l7l,p.
1599 5933 1700 5996 118,
1723 5934 1772 5986 ιι.

472 5560 519 5623 ai
556 5559 700 5626 Ριιοι.
723 5561 897 5626 Βειςιίη
925 5577 973 5626 ρ.
990 5562 1099 5614 ssi.

472 5560 519 5623 al
556 5559 700 5611 Phot.
723 5561 897 5623 Bekk.,
925 5577 973 5626 p.
990 5562 1099 5614 52L.

475 5625 501 5671 li
559 5625 709 5686 Oper.
735 5625 900 5678 Cbrvs.
925 5632 959 5673 t.
985 5633 1021 5685 Ι,
1048 5625 1140 5674 col.
1169 5625 1301 5676 l029.

451 5559 529 5808 {cf}
554 5679 892 5798 1;:péé’gckk"
919 5703 967 5751 p.
985 5688 1093 5737 525.
1120 5688 1267 5750 Oper.
1291 5690 1301 5734 l

1559 475 1959 532 TESTIMONIA
1999 477 2326 533 VE'I'ERUM

3496 485 3600 541 τοι

2045 600 2510 676 81.8811lgll1lajlll
2560 600 2658 654 tria
2697 601 3006 676 distributas
3045 603 3332 676 volumina,
3377 622 3600 676 quorum

2046 668 2271 747 primum
2317 670 2526 747 viginti,
2544 673 2830 747 secundum
2865 673 3152 747 sexdecim,
3181 668 3604 747 tertium'viginti

2044 739 2274 808 quinque
2302 741 2621 815 continebat.
2645 741 2907 815 lndicatur
2929 753 3102 798 autem
3134 746 3184 798 in
3211 746 3382 814 primo
3406 739 3602 815 ips'uin,

2044 823 2162 860 cum
2193 824 2220 860 a
2253 810 3071 886 principioguadragesimtehare
3087 810 3386 870 concionari
3407 810 3604 886 coepisé

2044 887 2144 958 set,
2173 888 2451 958 antequam
2492 880 2577 934 illa
2599 880 2855 958 ﬁniretur,
2878 884 2974 937 hos
3012 885 3189 958 viginti
3232 880 3524 958 sermones,
3553 897 3610 944 et

2044 949 2175 1018 alios
2202 957 2309 1002 tres
2325 949 2406 1002 vel
2432 961 2654 1018 quatuor
2683 953 2819 1008 inter
2843 949 3114 1010 sermones
3137 955 3189 1010 in
3219 956 3487 1018 Genesim,
3511 949 3610 1012 ne-

2045 1017 2292 1095 cessitate
2317 1028 2374 1073 ut
2396 1019 2604 1095 videtur
2641 1022 2723 1095 ita
2739 1023 3068 1087 postulante,
3101 1026 3293 1095 populo
3319 1017 3610 1081 conciOna-

2047 1095 2156 1140 tum
2197 1087 2380 1164 fuisse.
2423 1089 2819 1164 Observandum
2864 1103 3039 1149 autem
3083 1087 3186 1160 est,
3217 1096 3355 1164 quod
3399 1098 3609 1152 etiamsi

2044 1172 2296 1236 sermones
2326 1160 2396 1236 _in
2449 1159 2569 1236 hoc_
2593 1159 3278 1236 volumine__inscribaiitui{
3304 1164 3421 1236 (sic
3464 1168 3609 1222 enim

2046 1229 2298 1302 inveniin
2326 1229 2389 1302 iis
2415 1245 2532 1299 qum
2555 1231 2655 1301 legi
2682 1233 2722 1300 ),
2753 1233 2972 1287 homilia:
2996 1242 3169 1288 tamen
3197 1229 3441 1290 videntur
3463 1252 3608 1302 esse,

2047 1305 2154 1350 tum
2181 1298 2303 1373 aliis
2345 1299 2412 1354 de
2437 1298 2646 1373 causis,
2674 1298 2784 1356 tum
2827 1304 2982 1373 etiam
3024 1304 3143 1373 quia
3172 1304 3348 1358 multis
3377 1307 3430 1360 in
3453 1298 3610 1371 locis,

2045 1368 2194 1445 quasi
2226 1380 2513 1436 priesentes
2541 1372 2724 1445 videns
2745 1368 3130 1445 audit_ores.'sic
3156 1375 3274 1429 illos
3297 1368 3609 1445 alloquitur,

2045 1438 2332 1511 interrogat
2361 1450 2411 1492 et
2434 1441 2716 1505 resliondet
2737 1451 2791 1495 et
2817 1442 3273 1511 pollicitationibus
3299 1438 3480 1500 utitu'r.
3508 1438 3614 1501 Po;

2047 1516 2181 1561 terat
2207 1509 2440 1576 quidem,
2471 1511 2515 1563 si
2541 1511 2648 1565 alio
2674 1509 2830 1580 quani
2859 1511 3188 1567 homiliarum
3219 1529 3365 1569 more
3390 1518 3614 1570 concin-

2046 1585 2166 1653 nata
2192 1590 2332 1632 esset
2355 1581 2542 1642 oratio,
2586 1581 2772 1636 iisdem
2805 1582 2983 1653 ﬁguris
3019 1593 3072 1638 et
3099 1585 3264 1653 tropis
3306 1600 3612 1640 sermonem

2044 1646 2320 1720 adornare,
2353 1664 2456 1720 non
2489 1660 2662 1705 tamen
2710 1661 2812 1705 tam
2844 1646 3146 1720 frequenter
3184 1646 3244 1708 et
3271 1655 3480 1709 assidue
3507 1656 3615 1712 hoc

2047 1717 2257 1792 facere,
2292 1717 2384 1792 sed
2428 1735 2546 1773 cum
2586 1717 3024 1792 attemperatione
3068 1724 3314 1791 quadam.
3370 1726 3616 1782 Declar'it

2046 1802 2173 1855 ergo
2203 1787 2315 1856 ipse
2345 1788 2440 1844 has
2469 1805 2595 1845 vere
2623 1787 2866 1845 homilias
2891 1807 3029 1847 esse.
3074 1787 3264 1848 l'labuii
3291 1805 3462 1849 autem
3493 1798 3615 1851 illas

2045 1857 2400 1935 a_d__populum,
2421 1868 2479 1935 ut
2497 1875 2559 1935 ex_
2583 1861 2709 1930 ipsis
2733 1861 2963 1935 homiliis
2979 1863 3228 1935 discimus
3249 1882 3262 1918 :
3287 1881 3446 1932 saepe,
3473 1884 3614 1935 quo-

2046 1927 2200 1992 tidie;
2221 1930 2520 2004 aliquando,
2545 1927 2865 2000 interpositis
2891 1932 3096 2004 diebus.
3118 1933 3192 1986 lta
3223 1949 3282 1989 se
3312 1927 3469 1989 habet
3491 1927 3614 2004 'pri-

2045 2012 2188 2071 mum
2210 1999 2478 2065 volumen,
2506 2002 2556 2054 in
2583 1999 2693 2071 quo
2715 2011 2840 2055 sunt
2865 2003 3044 2071 viginti
3071 2003 3317 2058 Ιιιηιιίιὶω.
3366 1999 3613 2060 Alterum

2045 2067 2290 2122 volumen
2330 2067 2616 2145 sexdecim'
2641 2067 2941 2145 sermonesj
2959 2073 3352 2142 complectitur,
3383 2091 3615 2145 quorum

2045 2148 2245 2212 septem
2273 2141 2476 2212 priores
2504 2143 2675 2196 adhuc
2713 2143 2766 2196 in
2795 2142 3190 2212 quadragesima
3216 2141 3422 2199 habitos
3449 2149 3617 2201 tuisse

2046 2208 2304 2276 significat
2325 2210 2441 2282 ;_ita
2465 2220 2522 2263 ut
2544 2228 2638 2282 per
2661 2208 2825 2266 totam
2853 2208 3303 2282 quadragesimam
3351 2230 3513 2282 usque
3543 2217 3614 2271 ad

2046 2294 2284 2342 magnam
2331 2278 2514 2352 feriam
2545 2278 2798 2351 ’quartam
2825 2278 3004 2352 viginti
3045 2278 3246 2352 septem
3279 2287 3330 2339 in
3360 2278 3616 2340 Genesim

2045 2363 2317 2402 sermones
2347 2349 2607 2406 habuerit.
2638 2352 2843 2422 Reliqui
2873 2349 3000 2406 vero
3025 2349 3212 2408 novem
3239 2356 3451 2408 secundi
3481 2359 3616 2411 tomi

2045 2431 2336 2484 sermones,
2365 2429 2420 2473 et
2443 2422 2622 2490 viginti
2689 2422 2879 2490 uinque
2907 2424 3068 2482 tertii.
3087 2441 3190 2478 non
3222 2427 3394 2478 statim
3415 2434 3468 2478 ct
3489 2443 3620 2480 con-

2047 2490 2276 2542 tinenter
2303 2501 2420 2545 post
2449 2437 2828 2545 naschaqiahiti
2857 2491 3021 2545 fuere.
3053 2495 3177 2545 Post
3201 2495 3429 2545 habitam
3467 2499 3616 2545 ειήιιι

2047 2490 2276 2542 tineuter
2303 2501 2420 2556 post
2449 2491 2643 2560 pascha
2669 2490 2828 2547 habiti
2857 2491 3021 2546 fuere.
3053 2495 3177 2548 Post
3201 2495 3429 2548 habitam
3467 2499 3616 2550 enini

2047 2560 2100 2612 in
2128 2575 2313 2625 magna
2340 2560 2467 2632 feria
2485 2572 2668 2629 quarta
2686 2561 3317 2632 (majorisihebdomadaq
3340 2565 3615 2619 homiliani

2046 2644 2166 2696 quae
2193 2638 2276 2682 est
2304 2631 2550 2703 vigesima
2578 2633 2799 2700 septima
2828 2632 2880 2703 in
2909 2631 3178 2699 Genesim,
3197 2645 3377 2703 postea
3400 2637 3621 2689 concio—

2047 2711 2208 2774 natus
2229 2709 2307 2751 est
2335 2701 2400 2753 de
2435 2710 2611 2774 sancta
2641 2717 2818 2768 cruce,
2862 2701 2983 2756 hinc
3009 2703 3076 2758 de
3103 2701 3397 2774 proditione
3437 2706 3615 2772 Judai,

2046 2784 2107 2823 ac
2129 2770 2374 2838 deinceps
2397 2771 2683 2826 secundum
2703 2781 3040 2828 occurrentes
3069 2770 3182 2829 dies
3213 2774 3370 2829 festos
3395 2785 3448 2830 et
3477 2770 3618 2830 incié

2047 2841 2221 2892 dentia
2253 2851 2554 2911 argumenta
2580 2842 2808 2896 homilire
2831 2842 2983 2896 dicta:
3011 2843 3238 2899 fuerunt.
3289 2845 3353 2899 Et
3381 2856 3493 2911 post
3517 2848 3620 2902 ho-

2047 2911 2220 2963 milias
2239 2909 2304 2963 de
2322 2909 2740 2984 resurrectione,
2773 2912 2979 2984 inActa
3005 2914 3308 2984 frequenter
3328 2909 3620 2970 concinna-

2051 2989 2133 3033 tus
2160 2991 2260 3053 est,
2290 2988 2351 3053 ut
2375 2981 2486 3053 ipse
2507 2982 2656 3036 initio
2683 2983 2921 3053 vigesimi
2941 2981 3116 3038 octavi
3155 2985 3207 3038 in
3229 2983 3472 3039 Genesiin
3495 3002 3618 3040 ser-

2049 3051 2220 3103 monis
2263 3052 2550 3124 signilicat;
2577 3051 3100 3121 quem—sermonem,
3133 3063 3189 3108 ut
3217 3057 3385 3124 palam
3413 3067 3511 3119 est,
3563 3067 3621 3111 et

2049 3133 2353 3188 sequentes,
2380 3121 2536 3190 longo
2565 3133 2682 3190 post
2719 3132 2958 3192 tempore
2989 3124 3187 3178 habuit.
3212 3121 3449 3180 llomiliai
3471 3127 3620 3180 enim

2051 3191 2100 3244 in
2129 3192 2258 3244 Acta
2283 3192 2678 3261 quinquaginta
2709 3191 3106 3248 numerosum:
3135 3196 3186 3249 in
3232 3195 3335 3249 illis
3377 3197 3624 3252 dicendis

2051 3276 2244 3332 annum
2272 3259 2382 3332 fere
2411 3259 2670 3330 integrum
2715 3264 3013 3331 insumpsit.
3044 3264 3159 3318 Non
3198 3266 3339 3320 enim
3381 3267 3622 3332 quotidie

2050 3330 2187 3405 illas,
2219 3330 2314 3405 sed
2341 3333 2590 3400 quinque,
2614 3333 2697 3405 vel
2719 3330 2943 3402 septem,
2966 3333 3047 3388 vel
3072 3330 3624 3405 pluribusinterjectis

2050 3401 2234 3455 diebus
2265 3401 2378 3456 illas
2406 3403 2765 3471 pronuntiavit
2785 3401 2804 3454 7:
2835 3420 2965 3472 quas
3007 3401 3087 3459 se
3110 3405 3358 3460 habuisse
3383 3401 3625 3462 declarat

2051 3485 2190 3525 anno
2211 3473 2366 3525 tertio
2394 3473 2871 3542 archiepiscopatus
2891 3474 2993 3528 sui.
3017 3474 3271 3530 llomilias
3287 3491 3411 3530 vero
3433 3479 3480 3528 in
3508 3476 3628 3531 Ge-

2055 3542 2218 3595 nesim
2245 3541 2586 3614 quandonain
2611 3541 2980 3612 pronuntiarit,
3010 3546 3148 3599 scire
3177 3561 3282 3599 non
3311 3561 3620 3614 possumus.

2052 3615 2310 3665 Caeterum
2338 3629 2402 3665 an
2432 3615 2480 3664 iii
2507 3613 2759 3682 vigesimo
2787 3623 2973 3668 octavo
2997 3630 3244 3670 sermone
3282 3613 3487 3669 illarum
3519 3619 3592 3668 lio
3611 3647 3624 3658 -

2053 3681 2314 3755 miliarum
2353 3681 2655 3755 meminerit
2691 3699 2821 3752 quas
2855 3687 3007 3738 tertio
3035 3685 3510 3755 archiepiscoiiatus
3536 3688 3624 3741 sui

2052 3766 2192 3805 anno
2215 3753 2409 3816 emisit,
2437 3769 2501 3804 an
2537 3753 2756 3806 aliarum
2783 3756 2965 3808 eadem
3016 3755 3084 3811 de
3125 3753 3449 3818 re,nonduin
3481 3760 3626 3811 scire

2055 3823 2220 3890 potui.
2273 3821 2464 3888 Utique
2492 3839 2611 3876 cum
2639 3823 3064 3892 archiepiscopus
3094 3835 3255 3890 esset,
3293 3825 3385 3879 has
3413 3826 3580 3879 edidit
3606 3845 3622 3889 ;

2055 3906 2246 3959 nempe
2265 3892 2447 3960 viginti
2469 3903 2670 3965 septem
2701 3894 2752 3947 in
2795 3896 3190 3965 quadragesima
3217 3897 3429 3951 secundi
3470 3903 3624 3963 anni,

2054 3970 2272 4035 cameras
2298 3977 2422 4014 vero
2450 3963 2658 4028 triginta
2689 3976 2915 4029 quatuor
2938 3963 3078 4019 anno
3106 3976 3313 4035 quarto.
3343 3967 3505 4018 Dictio
3524 3983 3627 4020 au-

2057 4042 2160 4084 tem
2189 4032 2325 4083 illius
2349 4047 2443 4099 pro
2465 4047 2610 4105 more
2639 4036 2911 4102 perspicua
2936 4047 2988 4089 et
3020 4032 3166 4104 pura,
3193 4037 3463 4105 splendida
3490 4053 3629 4104 quo-

2055 4117 2156 4170 que
2183 4113 2234 4153 et
2263 4113 2448 4170 sponte
2474 4104 2638 4158 lluens
2665 4113 2764 4167 est,
2797 4107 3009 4157 multant
3036 4104 3284 4159 sensuum
3311 4109 3624 4161 varietatem

2056 4173 2495 4242 ctexeniplorum
2526 4175 2728 4241 c0piain
2750 4182 2873 4242 apte
2909 4187 3220 4230 contexens.
3249 4175 3418 4230 Tanto
3445 4187 3626 4231 tamen

2059 4241 2270 4315 inferior
2289 4242 2578 4315 estdictio,
2612 4244 2662 4315 in
2693 4241 2890 4299 humile
2917 4245 3160 4314 loquendi
3189 4261 3354 4314 genus
3383 4246 3623 4315 delapsa,

2057 4313 2195 4384 stylo
2248 4312 2578 4384 liuiuiliarum
2621 4314 2672 4367 in
2726 4316 2854 4367 Acta
2885 4355 2898 4377 ,
2938 4312 3135 4384 quanto
3163 4312 3276 4370 ista:
3302 4332 3330 4369 a
3353 4312 3630 4370 comnmi-

2059 4383 2204 4456 tariis
2232 4384 2284 4456 in
2309 4383 2616 4456 Apostolum
2639 4393 2692 4456 et
2717 4385 2766 4438 in
2794 4383 3028 4439 Psalinos
3049 4395 3382 4452 superantur.
3417 4385 3629 4456 Ubique

2057 4454 2195 4505 enim
2231 4454 2276 4504 in
2307 4452 2552 4519 Opi-ribus
2579 4454 2690 4525 suis
2717 4456 2941 4523 puritate
2965 4496 2978 4516 ,
3002 4457 3301 4525 Splendore,
3340 4452 3630 4524 sagacitate

2058 4538 2174 4594 t'uttt
2221 4525 2475 4594 suavitate
2512 4524 2791 4593 conjuncta
2819 4536 2977 4594 atque
3022 4524 3245 4580 artiﬁcio
3275 4541 3398 4580 usus
3422 4536 3534 4589 est;
3573 4528 3629 4582 in

2060 4592 2140 4644 his
2169 4592 2394 4645 maxime
2437 4592 2831 4666 commentariis
2874 4592 3168 4666 hujusmodi
3198 4597 3440 4666 splendet
3465 4613 3631 4649 orna-

2060 4665 2657 4736 mentis,exemplorum
2688 4667 2944 4730 ubertate,
2973 4665 3420 4736 enthymematum
3448 4668 3630 4735 copia,

2057 4743 2131 4796 et,
2156 4733 2331 4806 sit-ubi
2373 4747 2522 4806 opus,
2553 4744 2654 4798 est,
2684 4736 2842 4789 etiam
2887 4733 3180 4801 gravitate:
3211 4747 3388 4806 atque,
3417 4746 3475 4790 ut
3517 4733 3634 4789 uno

2060 4803 2220 4856 verbo
2253 4804 2452 4871 loquar,
2476 4805 2720 4866 dictione,
2755 4808 3175 4868 constructione,
3203 4803 3472 4866 methotlo,
3505 4823 3634 4860 svn-

2062 4873 2258 4931 tentiis.
2287 4888 2349 4926 ac
2379 4873 2581 4942 reliquo
2603 4885 2854 4943 apparatu
2875 4916 2890 4940 ,
2917 4875 3012 4930 has
3035 4878 3390 4946 expositioaes
3431 4877 3634 4931 eximie

2059 4953 2281 4996 Ol‘llaVIL

2133 5013 2208 5066 Ex
2241 5013 2368 5080 ipsis
2399 5029 2554 5081 porro
2593 5016 2988 5069 commentariis
3015 5016 3067 5070 in
3109 5016 3414 5083 Apostoluin
3456 5017 3632 5071 inter-

2063 5085 2206 5136 nosci
2231 5093 2418 5152 potest.
2433 5085 2645 5152 quinam
2664 5085 2730 5139 ab
2747 5103 2810 5139 eo
2832 5087 3122 5140 Antiochiae
3137 5088 3386 5140 elaborati
3407 5086 3629 5152 fuerint,

2063 5156 2181 5222 quia
2209 5164 2330 5225 sunt
2358 5155 2658 5222 diligentius
2701 5167 2752 5208 et
2791 5158 3087 5209 accuratius
3129 5158 3396 5219 adornati;
3425 5167 3478 5210 et
3503 5161 3630 5225 qui-

2065 5240 2205 5289 nam,
2235 5223 2358 5277 duin
2403 5226 2829 5294 archiepiscopus
2855 5237 3018 5291 esset,
3041 5227 3338 5280 concinnati
3385 5223 3583 5282 fuerint
3615 5247 3630 5282 :

2063 5295 2473 5364 commentarios
2496 5306 2669 5348 autem
2699 5296 2749 5348 in
2780 5297 3018 5350 l’salmos
3054 5298 3385 5364 quandonain
3419 5299 3630 5363 fecerit,

2065 5365 2200 5418 scitu
2241 5363 2454 5418 difﬁcile
2493 5375 2608 5418 est:
2636 5365 2735 5419 nisi
2764 5367 2881 5434 quis
2923 5363 3149 5421 fortasse
3185 5366 3396 5430 dixerit,
3435 5368 3541 5422 vim
3576 5381 3634 5422 et

2069 5437 2420 5506 pra-stantiam
2464 5438 2724 5488 sermonis
2751 5438 2990 5500 miratus,
3026 5438 3196 5506 ipsum
3226 5439 3397 5506 potius
3424 5439 3473 5490 in
3517 5443 3634 5491 otio

2064 5504 2362 5576 degentem,
2387 5519 2542 5573 quam
2585 5505 2636 5559 in
2668 5507 2886 5574 publicis
2916 5504 3208 5561 versantem
3227 5504 3481 5576 negotiis,
3515 5508 3634 5563 haec

2066 5575 2326 5628 emisisse.
2347 5578 2413 5647 Si
2444 5589 2544 5642 qua
2573 5585 2748 5630 autem
2769 5576 2928 5640 dicta,
2948 5593 3066 5646 quae
3085 5579 3166 5631 vel
3195 5575 3633 5647 interpretatione

2066 5647 2147 5697 vel
2173 5646 2453 5698 attentiore
2479 5648 2832 5714 speculatione
2851 5658 3087 5714 egerent,
3117 5665 3221 5702 non
3251 5649 3319 5701 ita
3343 5646 3626 5716 diligi-nter

2065 5717 2134 5767 ab
2162 5729 2226 5766 eo
2245 5716 2528 5782 explanata
2554 5717 2763 5780 fuerint,
2784 5716 2912 5770 nihil
2943 5719 3150 5772 mirum.
3176 5721 3303 5772 Nam
3328 5737 3388 5772 ea
3413 5720 3629 5787 qnidein

2065 5801 2184 5852 qua:
2211 5787 2507 5839 auditorum
2551 5788 2724 5854 Caplui
2765 5791 3158 5842 acetmitnodala
3197 5801 3367 5854 erant,
3399 5791 3478 5843 vel
3509 5807 3632 5855 «tua:

2067 5855 2132 5907 ad
2154 5869 2334 5928 eorum
2357 5856 2579 5928 salutem
2601 5857 2950 5928 etgtttilitatem
2988 5861 3334 5927 pertinebant,
3359 5877 3631 5928 nunquam

2069 5925 2422 5993 praetermisit.
2453 5926 2808 5992 Quamobrem
2852 5925 3030 5985 mirari
3081 5935 3219 5986 subit
3265 5925 3630 5986 beatissimum
