3818 6398
118 432 209 489 109

1253 442 1340 537 PE
1378 443 1435 498 S.
1478 442 1736 498 JOANNE
1774 442 2139 499 CHRYSOST.

3240 465 3338 520 110

198 584 3313 626 W

134 704 303 746 NlLL‘S
351 705 693 750 uoaacnos
734 708 818 749 an
862 707 1188 752 ARCADIUM
1222 708 1706 766 turannoneat,
1754 709 2052 755 EPISTOLA
2098 695 2395 766 5279,1113.
2448 718 2537 767 tu,
2590 719 2643 759 ρ.
2691 701 2831 773 Ιι35,
2879 722 3052 765 εωτ.
3103 723 3311 774 ιιθωιε,

1449 812 1619 865 ιηόιη,
1642 812 1808 855 ANNO
1837 796 2015 856 1668.

168 952 481 1030 Joannem,”
500 958 773 1030 maximun
805 958 1179 1030 orbislumen,
1210 958 1448 1030 Byzantii
1470 974 1672 1029 praesu-

110 1025 221 1102 lein,
274 1026 329 1080 in
357 1027 580 1102 exilium
628 1028 826 1100 injuste
853 1029 1065 1102 misisti,
1094 1025 1439 1102 suadentibus
1467 1025 1677 1100 episco-

109 1099 436 1170 pissnmmze
467 1099 702 1155 levitatis
726 1110 791 1155 et-
807 1101 949 1155 male
990 1101 1367 1157 sentientibus.
1398 1099 1527 1155 Cum
1549 1115 1677 1170 ergo

105 1165 411 1243 catholicam
457 1171 753 1243 Ecclesiam
777 1171 1059 1243 inculpata
1085 1172 1398 1243 sinceraque
1435 1165 1675 1227 doctrina

106 1240 406 1307 pn‘vaveris,
443 1257 512 1297 ne
536 1242 739 1313 absque
758 1241 945 1298 dolore
974 1241 1137 1297 vitam
1168 1242 1462 1311 transigite.

315 1354 570 1426 Ejusdem
606 1355 721 1410 Lib.
762 1354 823 1421 ll,
864 1354 1010 1425 epist.
1049 1354 1174 1422 265,
1212 1372 1265 1424 p.
1304 1354 1429 1411 251.

588 1468 805 1524 Arcadio
852 1469 1142 1540 imperatori
1149 1510 1161 1522 .

154 1600 262 1667 Quo
278 1610 446 1668 pacto
469 1614 504 1653 a
532 1599 976 1671 frequentissimis
1002 1609 1158 1656 terra:
1182 1600 1413 1656 motibus
1432 1600 1676 1656 :etherei-

101 1688 181 1740 que
192 1671 325 1741 ignis
342 1670 686 1730 conﬂimibus
697 1671 918 1727 liberam
930 1670 1442 1740 Constantinopolim
1455 1686 1676 1726 cernere

100 1742 242 1810 rupis,
270 1757 411 1813 cum,
428 1742 718 1797 innumera
757 1742 828 1813 ibi
850 1742 1047 1797 scelera
1071 1753 1463 1813 perpetrentur,
1493 1751 1547 1796 et
1570 1743 1675 1795 ini-

101 1815 249 1882 quitas
267 1826 373 1881 pro
399 1812 524 1883 lege
549 1826 674 1867 cum
688 1812 911 1883 audacia
933 1812 1097 1866 multa
1125 1813 1522 1881 praescrihatur,
1550 1827 1672 1867 cum

99 1886 183 1952 iam
228 1883 282 1936 in
334 1882 569 1938 exilium
613 1882 764 1953 pulsa
814 1884 885 1938 sit
928 1883 1176 1939 Ecclesiae
1231 1884 1512 1947 columna,
1576 1883 1670 1936 lux

101 1953 333 2059 veritf’atis,
377 1954 516 2010 tuba
544 1952 765 2021 Christi,
816 1953 1416 2010 Joannesbeatissimus
1461 1955 1670 2024 episcoc

100 2041 175 2091 pus
198 2041 211 2077 Ξ

1788 961 2033 1030 Ejusdem
2082 964 2150 1016 ad
2204 964 2831 1042 SeverumAexconaugem.
2902 969 3014 1024 Lib.
3068 972 3108 1025 ll
3132 1016 3146 1034 .
3206 977 3353 1042 epist.

2381 1036 2501 1091 199.
2544 1056 2595 1107 p.
2638 1038 2760 1092 592.

1822 1241 1833 1252 ο
1854 1169 2051 1253 Invidia
2077 1174 2334 1253 compulsi
2357 1174 2572 1253 quidam
2586 1177 2819 1253 episcopi
2836 1177 2909 1253 oh_
2920 1194 3177 1236 summam
3192 1182 3357 1253 Joan-

1782 1246 1889 1305 nis,
1941 1246 2187 1317 episcopi
2225 1247 2805 1317 constantinopolitaui,
2862 1250 3129 1314 virtutem,
3173 1252 3359 1308 divino

1784 1320 1927 1384 metu
1969 1314 2147 1369 valere
2168 1314 2342 1382 jussu,
2390 1314 2630 1373 sanctum
2659 1318 2951 1384 hominem,
2973 1336 3095 1376 vere
3124 1324 3356 1378 universi

1785 1382 1984 1466 lumen,
2021 1384 2226 1466 insidiis
2244 1388 2641 1466 aggressisunt,
2681 1382 3025 1466 feceruntque
3051 1402 3104 1447 ut
3127 1394 3352 1466 impera-

1783 1462 1866 1509 tor
1890 1458 2158 1522 piissimus
2186 1466 2242 1511 et
2264 1458 2710 1527 simplicissimus,
2743 1458 3014 1517 fraudibus
3033 1458 3217 1517 eorum
3261 1465 3357 1519 de-

1780 1535 1987 1592 ceptus,
2020 1527 2293 1583 caelestem
2327 1530 2496 1583 virum
2546 1531 2597 1584 in
2647 1531 2862 1586 exilium
2908 1534 3165 1589 mitteret.
3224 1535 3354 1589 Cum

1782 1609 1911 1670 ergo
1952 1598 2217 1666 pestiferis
2266 1607 2322 1654 et
2372 1600 2562 1655 invidis
2615 1602 2916 1670 pastoribus
2959 1605 3356 1661 circumventus

1783 1668 2073 1742 imperator
2097 1682 2260 1725 aures
2284 1670 2589 1740 praebuerit,
2616 1668 2737 1741 jure
2766 1673 3018 1742 propheta
3046 1675 3309 1729 clamabat
3338 1694 3351 1729 :

1783 1738 2025 1817 Extendi:
2075 1738 2446 1817 manum—suam
2482 1758 2598 1817 cum
2618 1738 2901 1817 ἲΙΙιιεόι-εξ(
2932 1743 3059 1799 Osee
3106 1745 3218 1811 VII,
3251 1747 3285 1801 5
3310 1752 3353 1817 ).

1780 1809 2044 1884 Caeterum
2098 1820 2216 1884 post
2261 1813 2403 1884 justi
2444 1813 2659 1867 exilium
2716 1809 2945 1868 maxima
2994 1830 3117 1884 pars
3144 1809 3352 1879 eorum,

1780 1882 1868 1952 qui
1896 1880 2010 1954 haec
2039 1881 2326 1954 machinati
2380 1881 2588 1954 fuerant
2637 1899 2822 1954 poenas
2870 1880 3259 1953 persolverunt,
3291 1903 3354 1941 ac

1780 1951 1900 2006 cum
1929 1951 2055 2007 lletu
2076 1963 2129 2007 et
2154 1953 2386 2008 clamore
2413 1951 2812 2017 eottfessisunt,
2841 1951 2899 2011 se
2921 1951 3268 2012 vehementer
3300 1958 3353 2013 in

1780 2023 1949 2077 virum
1970 2033 2209 2078 sanctum
2236 2023 2540 2093 deliquisse.

798 2135 3348 2163 c————-——-——~———-—-———-————-—————'—_

93 2230 339 2288 stans",
389 2231 683 2275 eramus
724 2231 1031 2289 EPISCOPI,
1077 2233 1278 2277 EPIST.
1323 2214 1425 2287 66,
1482 2234 1566 2277 an
1619 2232 2064 2290 THEOPBILUM,
2108 2233 2615 2279 ALEXANDBINUM
2674 2234 3056 2293 EPISCOPUM,
3103 2236 3161 2278 ι’.
3209 2217 3351 2281 206.

145 2333 397 2388 Nonnihil
430 2335 809 2391 sciscitaturus
832 2335 927 2389 abs
956 2346 1028 2402 te,
1054 2350 1155 2406 qua
1184 2334 1252 2390 de
1275 2350 1335 2391 re
1364 2335 1664 2391 sciscitatu-

92 2421 162 2459 rus
187 2406 285 2459 sim
340 2416 517 2461 antea
540 2406 673 2462 libet
697 2420 986 2474 exponere.
1020 2406 1319 2461 Alexander
1344 2421 1376 2462 e
1397 2408 1665 2461 senatorio

88 2476 252 2530 ordine
298 2475 663 2546 Cyrenensis,
713 2477 887 2531 adhuc
937 2477 1270 2541 adolescens,
1317 2481 1665 2532 monasticam

88 2550 226 2599 vitam
253 2546 549 2615 professus
571 2556 656 2603 est
685 2564 700 2601 :
731 2562 957 2617 cumque
984 2563 1088 2601 una
1122 2562 1241 2603 cum
1267 2556 1425 2602 aetate
1451 2563 1667 2603 monas-

90 2620 227 2670 ticam
279 2617 601 2689 illudivitaa,
642 2618 940 2689 institutum
972 2620 1306 2688 procederet,
1343 2619 1570 2689 primum
1598 2618 1664 2672 ad

85 2689 295 2750 diaconi,
355 2688 491 2743 inde
538 2688 607 2742 ad
650 2688 934 2743 sacerdotii
984 2691 1036 2743 in
1068 2688 1302 2744 Ecclesia
1346 2688 1664 2758 dignitatem

86 2769 351 2830 provectus
392 2769 501 2813 est.
531 2759 657 2814 Post
682 2759 819 2823 haec,
850 2761 1136 2815 occasione
1162 2760 1361 2830 negotii
1386 2760 1663 2828 cujusdam

86 2829 137 2881 ad
179 2839 354 2884 castra
402 2831 702 2900 profectus,
756 2838 812 2885 et
863 2829 1034 2886 beata:
1062 2829 1333 2886 memoriae
1359 2830 1552 2886 Joanni
1603 2845 1663 2884 se

1770 2338 1966 2393 sistens
2016 2337 2347 2408 (ltonoretur
2398 2339 2538 2393 enim
2566 2354 2595 2393 a
2624 2338 2776 2393 nobis
2821 2341 3013 2393 mortui
3072 2340 3350 2405 memoria,

1770 2411 2019 2481 quoniam
2066 2410 2241 2481 omnis
2287 2423 2408 2463 cum
2459 2410 2563 2461 vita
2610 2410 2853 2481 simultas
2895 2412 3149 2481 exuitur)
3181 2429 3194 2465 :
3227 2411 3351 2467 huic

1772 2480 1930 2562 igitur
1957 2494 2015 2535 se
2026 2480 2239 2562 sistens
2266 2488 2389 2562 a‘ute
2418 2493 2593 2562 metus
2626 2480 2761 2562 _illos
2786 2491 2839 2562 et
2881 2480 3137 2562 tumultus
3170 2483 3353 2562 Eccle-

1771 2549 1992 2614 siarum,
2024 2549 2406 2620 Basinopoleos
2430 2549 2689 2621 Bithyniae
2717 2553 2997 2621 episcopus
3023 2554 3162 2608 illius
3182 2555 3352 2609 mani—

1772 2621 1871 2675 bus
1915 2631 1996 2693 est
2041 2622 2335 2674 ordinatus.
2360 2621 2493 2693 Orta
2523 2636 2652 2676 vero
2680 2624 3039 2684 contentione,
3096 2625 3148 2678 in
3174 2625 3289 2693 ejus
3319 2642 3348 2677 a

1771 2705 1878 2760 quo
1902 2692 2102 2745 electus
2129 2701 2247 2745 erat
2269 2691 2497 2745 amicitia
2529 2693 2908 2762 perseveravit,
2932 2704 2987 2749 et
3013 2694 3154 2750 illius
3173 2691 3351 2764 partes

1772 2773 1987 2817 8800105
2008 2771 2108 2817 εει.

809 3061 1045 3106 ιειυοιιι
1086 3036 1449 3106 peiusm'ra:
1492 3059 1838 3106 svuuacno
1880 3057 2182 3102 EPISTOLA
2227 3039 2344 3101 152
2384 3057 2555 3103 ment
2599 3040 2647 3102 ι.

141 3168 272 3225 Petis
318 3184 353 3223 a
375 3182 472 3225 me
494 3166 736 3223 utdivini
764 3166 986 3238 Joannis
1024 3166 1335 3238 tragmdiam
1368 3167 1460 3223 tibi
1489 3180 1658 3236 expo-

90 3256 201 3294 m.
238 3240 350 3295 Sed
382 3240 574 3295 nescio
600 3237 868 3309 quomodo
912 3254 1029 3293 eam
1082 3237 1342 3307 explicem
1375 3256 1389 3293 :
1419 3249 1651 3293 mentem

85 3314 196 3365 ηιξιιι
245 3325 335 3365 res
392 3310 501 3365 ista
550 3320 769 3379 superat
795 3327 810 3363 :
840 3324 1023 3365 verum
1050 3324 1213 3379 pauca
1237 3310 1479 3379 quaadam
1506 3309 1650 3363 audi.

104 3382 236 3435 Ticina
250 3380 536 3506 Egﬁptus
554 3395 655 3450 pro
673 3396 824 3436 more
842 3394 939 3461 suo
955 3381 1131 3450 inique
1151 3396 1209 3435 se
1226 3380 1654 3504 κθεεὶι,Μοῖιεοιιι

106 3468 334 3506 ecusans.
416 3453 710 3506 haraonem
731 3450 1038 3506 admittens.
1064 3450 1288 3506 humiles
1302 3451 1481 3506 ﬂaarts
1530 3466 1653 3506 ace-

88 3450 353 3519 recusans;
366 3450 710 3506 Pharaonem
731 3450 1038 3515 admittens,
1064 3450 1288 3507 humiles
1302 3451 1481 3521 ﬂagris
1510 3450 1653 3506 lace-

87 3539 200 3583 rans,
245 3524 576 3578 laborantes
624 3522 952 3592 opprimens,
1006 3522 1177 3592 urbes
1214 3532 1555 3585 construens,
1601 3537 1656 3576 et.

85 3595 363 3648 mercedem
394 3591 972 3662 structoribusnegans
1000 3610 1014 3645 :
1044 3601 1097 3647 et
1117 3591 1183 3646 ad
1203 3593 1305 3647 hoc
1325 3608 1491 3661 usque
1520 3600 1654 3646 tem-

85 3665 299 3730 ptabat:
350 3678 552 3733 agens.
594 3662 725 3718 Nam
779 3664 965 3718 insano
1002 3663 1295 3731 lapillorum
1324 3677 1508 3717 amore
1557 3665 1654 3716 lla-

82 3746 293 3801 graniem
323 3745 387 3791 et
424 3736 545 3789 auri
571 3734 829 3788 cultorem
860 3733 1209 3803 TheOphilum
1237 3733 1528 3803 assumptis
1559 3733 1654 3787 ad-

79 3806 339 3871 jatoribns,
394 3805 510 3860 imo
538 3804 822 3874 apostasia:
847 3806 1004 3858 sociis
1029 3816 1273 3872 quatuor,
1322 3804 1375 3857 in
1422 3803 1652 3859 medium

82 3875 358 3942 referens,
386 3877 544 3947 piunt
574 3875 861 3945 divinaque
880 3874 1128 3947 doctrina
1157 3874 1431 3942 praeditum
1477 3875 1661 3947 virum,

83 3948 422 4015 appugnavit;
475 3945 658 4001 odium
690 3956 849 4015 atque
876 3945 1201 3999 inimicitiam
1255 3961 1412 4014 quam
1453 3946 1504 3998 in
1560 3960 1651 3999 co-

81 4021 366 4081 gnominem
420 4032 604 4071 meum
629 4017 703 4087 (a)
738 4027 1073 4085 conceperat,
1107 4017 1355 4085 nequitize
1385 4015 1653 4071 suminci-

83 4099 349 4143 amentum
398 4096 616 4142 nactus.
642 4086 717 4140 At
744 4087 931 4140 domus
965 4087 1177 4141 Davidis
1207 4088 1502 4151 invalescit,
1558 4086 1655 4140 do-

82 4174 174 4212 mus
194 4168 384 4213 autem
429 4158 613 4213 Saulis
635 4157 965 4219 debilitatur.
994 4167 1050 4211 ut
1075 4158 1222 4212 vides
1249 4175 1263 4211 :
1290 4159 1551 4226 siquidem
1576 4160 1655 4210 vir

86 4232 171 4291 ale,
209 4238 474 4299 superata
530 4228 652 4282 vitae
692 4238 1025 4298 tempestate,
1070 4229 1136 4282 ad
1187 4244 1470 4298 supernam
1510 4239 1653 4282 trau-

81 4301 372 4366 qadlitatem
390 4299 666 4370 migravit.
1104 4342 1111 4349 .

231 4391 497 4463 Ejusdem
537 4389 806 4444 Eustatltio
832 4391 1046 4461 epistola
1084 4390 1380 4457 156,eiuad.
1410 4392 1450 4445 l.

133 4483 238 4553 Ego
268 4483 498 4555 quidem
526 4485 717 4539 librum
731 4485 871 4549 misi,
902 4501 1057 4555 quem
1088 4500 1115 4537 a
1141 4502 1226 4539 me
1253 4484 1482 4554 petiisti;
1521 4484 1655 4538 fruc-

81 4565 272 4625 tumque
298 4572 371 4610 ex
400 4571 471 4609 eo
498 4571 595 4624 per
624 4566 675 4609 te
699 4565 973 4624 exspecto.
1017 4556 1104 4621 qui
1135 4556 1202 4609 ab
1247 4558 1493 4610 omnibus
1515 4555 1653 4622 exigi

80 4627 356 4681 rmevit.
406 4625 628 4680 Nullum
676 4627 840 4691 enim,
872 4626 1071 4680 nullum
1117 4637 1200 4680 est
1236 4642 1329 4680 cor
1366 4626 1506 4695 quod
1538 4626 1653 4694 ejus

82 4694 287 4752 iettione
310 4696 565 4762 fruitum,
594 4713 700 4751 non
726 4696 907 4751 divino
931 4712 1113 4751 amore
1135 4694 1432 4751 sauciatuin
1453 4695 1611 4751 fuerit
1635 4713 1649 4748 :

122 4854 185 4918 (a)
217 4853 314 4904 Hic
336 4854 563 4917 loquitur
584 4853 649 4904 de
672 4854 857 4904 Isidem
878 4853 980 4914 illo,
1005 4856 1107 4905 viro
1129 4864 1314 4916 sancto,
1339 4857 1421 4918 qui
1448 4856 1509 4905 ab
1530 4854 1651 4904 Hos-

82 4915 296 4971 malum
319 4915 511 4965 norhen
537 4918 743 4979 accepit.

1760 3163 1955 3235 quippe
1977 3165 2065 3232 qui
2103 3162 2458 3235 venerandam
2488 3179 2599 3218 rem
2629 3172 2683 3219 et
2710 3178 2928 3220 accessu
2958 3164 3229 3223 difﬁcilem
3260 3184 3346 3222 sa-

1763 3232 2065 3307 cerdotium
2114 3247 2234 3307 esse
2281 3232 2647 3307 demonstret;
2680 3235 2912 3307 etsimul
2938 3238 3205 3307 quomodo
3230 3241 3346 3295 sine

1766 3307 1867 3361 ulla
1891 3303 2323 3373 reprehensionis
2339 3305 2456 3359 labe
2475 3314 2706 3361 sectetur
2726 3305 2934 3376 doceat.
2954 3303 3184 3376 Sapiens
3203 3313 3344 3368 enim

1765 3378 2215 3451 ille_ar_cattorum
2263 3376 2388 3451 Dei‘
2419 3376 2682 3451 interpres
2722 3375 2986 3451 _Joannes,
3024 3375 3343 3451 Byzantina:

1764 3447 2036 3511 Ecclesiae,
2086 3447 2194 3500 imo
2249 3448 2484 3501 omnium
2533 3447 2889 3501 Ecclesiarum
2918 3447 3124 3516 ocnlus,
3153 3452 3342 3508 librum

1764 3520 1909 3573 illum
1944 3518 2011 3571 ita
2042 3516 2335 3585 prudenter
2371 3526 2424 3569 et
2454 3526 2703 3571 accurate
2729 3517 2915 3584 edidit,
2950 3529 3003 3573 ttt
3028 3536 3132 3578 tam
3159 3538 3345 3579 omnes

1762 3591 1952 3658 qtti._ut
1970 3588 2077 3642 Deo
2103 3599 2308 3656 gratum
2331 3596 2430 3649 est,
2457 3603 2614 3659 quam
2636 3588 2724 3656 qui
2755 3589 3080 3659 negligenter
3104 3594 3345 3648 sacerdo-

1765 3664 1838 3714 tio
1862 3660 2169 3727 funguntur,
2197 3659 2282 3731 hic
2303 3668 2353 3711 et
2378 3669 2518 3713 recte
2541 3658 2677 3713 facta
2704 3658 3344 3731 sua,’et’rcprehensiune

1761 3731 1916 3800 digna
1940 3739 2086 3799 gesta
2114 3728 2397 3797 reperiant.

1765 3821 2010 3893 Ejusdem
2046 3819 2240 3890 Cyrillo
2278 3820 2625 3876 Alexandrino
2681 3823 2894 3892 epistola
2950 3824 3056 3879 3l0
3093 3826 3260 3896 ejusd.
3302 3829 3342 3880 Ι.

1831 3914 2068 3970 AIl'ectus
2097 3912 2291 3968 nimius
2319 3929 2423 3967 non
2464 3924 2618 3970 acute
2647 3917 2853 3981 cernit;
2892 3916 3073 3972 odium
3103 3935 3229 3974 vero
3255 3922 3337 3974 ni-

1761 3986 1834 4061 hil
1849 3987 2066 4041 omnino
2090 3988 2282 4061 cernit.
2307 3985 2599 4061 Siergoab
2626 3998 2852 4061 utroque
2878 3988 3071 4043 dantnu
3091 4006 3256 4061 purus
3280 4007 3343 4046 ac

1762 4057 1899 4114 liber
1941 4070 2063 4110 esse
2103 4054 2260 4121 velis,
2292 4058 2397 4110 noli
2429 4056 2691 4112 violentas
2735 4054 2873 4113 ferre
2901 4054 3216 4126 sententias,
3245 4064 3338 4117 sed

1756 4129 1903 4203 justo
1950 4126 2149 4203 judicio
2198 4140 2387 4183 causas
2437 4130 2731 4203 cotntuittc.
2789 4130 2998 4203 Etenim
3048 4132 3208 4198 Deus,
3249 4136 3339 4203 qui

1760 4201 1936 4255 omnia
1962 4199 2112 4253 novit
2138 4205 2420 4269 antequam
2449 4199 2596 4269 iiant,
2630 4214 2726 4269 pro
2747 4214 2839 4253 sua
2868 4201 3195 4257 humanitate
3217 4199 3340 4259 des-

1759 4271 2008 4336 ccndere,
2038 4278 2092 4341 et
2119 4268 2409 4324 clamorem
2440 4268 2792 4341 Sodomorum
2823 4273 3126 4340 perspicere
3153 4273 3340 4332 voluit,

1760 4350 1818 4395 ut
1867 4355 1965 4395 nos
2010 4339 2076 4393 ad
2120 4352 2206 4391 res
2249 4339 2497 4394 accurate
2540 4342 2853 4395 scrutandas
2882 4339 3134 4396 ertnliret.
3190 4343 3341 4397 Multi

1759 4413 1899 4466 enim
1922 4426 1987 4466 ex
2020 4412 2105 4476 iis,
2153 4409 2245 4476 qui
2292 4410 2488 4478 Ephesi
2512 4412 2679 4465 coacti
2729 4420 2871 4477 sunt,
2902 4423 2952 4467 te
2979 4414 3261 4468 traducunt
3285 4425 3343 4469 ut

1762 4492 1877 4536 tuas
1906 4478 2214 4536 inimicitias
2259 4481 2626 4553 ulciscentem,
2679 4497 2743 4537 ac
2784 4498 2889 4537 non
2943 4499 3003 4537 ea
3048 4500 3167 4553 qum
3210 4484 3337 4539 Jestt

1760 4554 1955 4607 Christi
2011 4561 2153 4614 sunt,
2211 4552 2506 4606 orthodoxe
2531 4561 2879 4621 qurerentem.
2911 4552 3212 4621 Theophili,
3257 4555 3336 4609 in-

1758 4624 2085 4695 quiuntaex
2120 4638 2317 4695 sorore
2362 4637 2526 4695 nepos
2564 4632 2665 4688 est,
2709 4624 2964 4695 illumque
2988 4624 3245 4679 imitatur.
3274 4626 3341 4679 lit

1758 4696 1899 4748 enim
1942 4694 2035 4748 ille
2066 4694 2320 4750 adversus
2354 4694 2590 4749 divinum
2639 4708 2702 4748 ac
2734 4696 2843 4749 Deo
2870 4694 3050 4750 earum
3080 4696 3338 4750 Joannem

1760 4768 1937 4820 furore
1961 4776 2112 4820 actus
2142 4776 2222 4821 est
2255 4784 2266 4818 :
2300 4766 2378 4819 sic
2414 4766 2574 4819 ctiam
2604 4764 2704 4818 iste
2730 4767 2945 4835 gloriari
2987 4775 3040 4821 ct
3066 4781 3185 4821 sese
3219 4766 3334 4835 jac-

1760 4846 1872 4891 tare
1896 4837 2117 4908 expetit,
2146 4838 2354 4893 etiamsi
2378 4851 2625 4906 maguum
2654 4836 2724 4890 sit
2765 4838 2903 4891 inter
2927 4851 3020 4892 cos
3063 4838 3151 4908 qui
3179 4852 3331 4892 accu-

1732 4910 1738 4915 ’
1757 4916 1942 4963 santur
1972 4907 2275 4963 discrimen.

84 5122 359 5170 UULLUS
407 5125 924 5185 ALEXANDBINUS,
971 5127 1167 5170 EPIST.
1234 5109 1276 5169 8
1329 5129 1414 5171 AD
1472 5124 2297 5178 CONSTANTINOPOLITANOS,
2343 5122 2674 5175 POSTQUAM
2731 5124 3092 5169 NESTOBIUM
3138 5127 3292 5173 PRAV

1065 5227 1448 5280 LOQUENTEM
1492 5227 1882 5276 INDUXERAT,
1932 5225 2071 5268 ι]ωο
2115 5225 2346 5268 ΗΔΒΕΤ.

132 5348 379 5422 Nunquid
408 5351 749 5422 eloquentior
762 5362 846 5407 est
867 5351 1074 5407 Joanne
1090 5352 1555 5424 (Chrysostomo)?
1583 5367 1649 5406 an
1682 5367 1776 5421 par
1804 5352 1885 5406 vel
1913 5350 2205 5419 sapientior
2231 5360 2310 5404 cst
2337 5348 2495 5404 beato
2514 5349 2731 5406 Attico?

3210 5491 3325 5509 ——,

722 5579 1068 5623 CONCILIUM
1117 5579 1703 5634 eruasmummmr.
1753 5575 2173 5633 PABIS.,ANNO
2220 5556 2397 5629 1671,
2443 5574 2502 5615 ι».
2550 5556 2687 5617 117.

138 5708 389 5776 Joannis,
436 5708 676 5779 episcopi
731 5708 1317 5777 constantinopolitani,
1363 5708 1430 5762 de
1471 5707 1648 5779 divina

91 5783 426 5845 generatione.
466 5778 727 5848 Loquitur
749 5788 925 5833 autem
947 5780 1013 5834 de
1043 5789 1221 5833 sancta
1251 5780 1478 5848 Virgine.
1509 5778 1651 5832 Loco

93 5852 193 5904 talis
222 5865 407 5908 autem
441 5850 905 5917 incircumscripte
933 5851 1108 5904 Solem
1132 5850 1350 5919 jttstitia:
1374 5851 1649 5917 complexa

96 5921 184 5975 πει
217 5923 403 5994 Neque
446 5923 533 5977 hic
572 5921 852 5992 qumsieris
878 5920 1144 5993 quomodo
1178 5940 1189 5973 :
1223 5921 1308 5976 ubi
1340 5920 1481 5977 enim
1514 5922 1651 5975 licus

1759 5707 1887 5767 vult.
1917 5714 2118 5776 natura:
2148 5701 2552 5776 ordo_vi_t_tcitur.
2602 5702 2781 5776 Voluit
2806 5707 2970 5768 enim,
3004 5709 3193 5776 potuit.
3215 5706 3336 5761 des-

1757 5777 1954 5838 cendit,
2009 5774 2232 5847 salutent
2259 5771 2409 5847 dedit
2437 5791 2449 5826 :
2480 5773 2657 5827 omnia
2692 5774 2782 5828 Dei
2814 5771 3335 5847 ntttttm'sequuntttr.

1758 5848 1924 5902 lludie
1963 5846 2049 5912 qui
2079 5854 2194 5898 erat
2229 5844 2495 5915 gignitur;
2527 5853 2579 5895 et
2608 5848 2694 5912 qui
2717 5856 2817 5910 εει,
2853 5847 2903 5900 id
2925 5847 3064 5915 quod
3094 5844 3195 5902 non
3218 5858 3334 5904 erat

1757 5919 2017 5973 cl'ticitur:
2055 5929 2176 5970 nam
2205 5929 2325 5969 cum
2357 5914 2494 5969 Deus
2514 5925 2674 5979 esset,
2725 5914 2777 5968 lit
2804 5914 2982 5983 homo,
3017 5934 3113 5973 ncc
3141 5920 3334 5977 desinit
