3818 6402
479 408 571 462 111

473 538 592 578 esse
613 523 769 576 Deus.
792 521 974 593 Neque
992 522 1133 576 enim
1157 535 1277 576 cum
1302 519 1512 593 deitatis
1532 521 1734 593 jactura
1761 521 1928 593 iactus
1953 530 2037 576 est

479 594 658 658 homo,
690 607 862 662 neque
888 590 982 662 per
1007 593 1389 647 incrementum
1412 605 1480 646 ex
1500 590 1716 646 homine
1763 591 1930 646 factus
1955 600 2039 646 est

487 663 655 727 Deus;
686 662 778 716 sed
823 678 940 717 cum
980 663 1197 718 verbum
1226 671 1388 726 esset,
1435 671 1652 731 propter
1680 662 2040 730 impatibilita-

475 745 602 797 tem,
627 747 752 787 caro
770 731 967 787 factum
988 741 1089 799 est,
1115 747 1208 787 sua
1231 741 1476 786 manente
1497 731 1809 786 immutabili
1826 741 2035 785 natura.

1690 404 2091 462 TESTIMONIA
2137 403 2457 462 VETERUM

3614 408 3720 464 ll}

2139 520 2266 592 Haec
2313 520 2494 592 deinde
2513 503 2849 591 a'djicit:Qut
2901 521 2954 576 in
2999 521 3134 576 solio
3160 525 3376 579 excelso
3401 522 3716 592 sublimiqne

2141 591 2310 664 sedet,
2361 591 2411 664 in
2445 593 2700 660 praesepio
2747 592 3002 664 ponitur:
3033 593 3123 663 qui
3176 593 3544 664 impalpabilis,
3589 591 3718 648 siin—

2143 663 2264 730 plex
2289 670 2344 715 et
2371 661 2713 729 incorporeus
2738 672 2841 726 est,
2867 661 3112 716 humanis
3131 661 3377 719 manibus
3393 663 3714 718 involvitur:

2145 731 2234 802 qui
2259 741 2595 800 peccatorum
2637 732 2845 786 vincula
2873 733 3051 797 solvit,
3091 730 3270 789 fasciis
3313 734 3708 804 constringitur.

551 962 822 1007 sancxus
867 962 1279 1019 AUGUSTINUS,
1324 962 1408 1005 DE
1449 962 1704 1004 unum
1746 963 1826 1004 nr
1867 959 2394 1016 enarramus“
2434 960 2776 1014 PELAGIUM,
2822 963 2881 1003 τ.
2928 963 2994 1017 x,
3041 963 3097 1005 c.
3141 943 3242 1021 ϐἀ,
3288 964 3345 1005 ι».
3394 945 3533 1008 159.
3574 967 3635 1008 Β.

543 1089 674 1145 Item
727 1088 992 1153 Joannes,
1044 1085 1646 1155 eonstantinopolitanus
1716 1085 2035 1155 episcOpus,

473 1160 624 1228 cujus
671 1159 856 1228 posuit
891 1159 1206 1214 sententiam
1231 1197 1249 1224 ,
1302 1156 1432 1228 dicit
1476 1165 1749 1228 peccatum
1786 1171 1895 1210 non
1923 1170 2043 1228 esse

473 1225 819 1285 substantiam
845 1269 861 1297 ,
894 1229 989 1284 sed
1014 1238 1188 1282 actum
1219 1226 1528 1296 malignum.
1561 1227 1690 1293 Quis
1716 1227 1815 1297 hoc
1843 1225 2043 1297 negat?

473 1310 529 1354 et
568 1301 690 1370 quia
730 1296 952 1370 nonest
974 1299 1232 1370 naturale,
1259 1297 1380 1370 ideo
1405 1307 1590 1370 contra
1620 1296 1751 1351 illud
1766 1296 1952 1370 _l_ege_rn
1968 1296 2046 1349 la-

475 1366 600 1434 tam,
630 1368 848 1438 etquod
891 1369 958 1422 de
1006 1368 1208 1422 arbitrii
1258 1367 1505 1438 libertate
1553 1366 1844 1438 descendit.
1870 1366 2044 1420 Etiam

473 1439 577 1495 hoc
601 1437 944 1510 quis’negat?
974 1439 1076 1510 Sed
1105 1452 1244 1510 nunc
1268 1437 1528 1510 agitur_de
1553 1437 1782 1490 humana
1810 1447 1996 1490 natura
2025 1476 2042 1503 ,

475 1525 594 1579 qua:
622 1507 804 1563 vitiata
824 1507 924 1563 'est
942 1524 958 1572 ;
979 1509 1150 1576 agitur
1163 1507 1228 1561 de
1248 1508 1414 1579 gratia
1428 1507 1553 1579 ADei,
1578 1516 1925 1579 quasanatur
1948 1520 2045 1575 per

475 1577 739 1634 medicum
767 1579 1061 1644 Christum,
1090 1592 1194 1647 quo
1221 1593 1326 1631 non
1354 1577 1636 1644 indigeret,
1662 1577 1707 1630 si
1733 1591 1860 1630 sana
1880 1585 2044 1647 esset,

475 1665 596 1719 quae
623 1651 690 1704 ab
728 1650 830 1703 isto
855 1645 1122 1719 tanquam:
1151 1661 1301 1719 sana,
1327 1647 1414 1701 vel
1466 1656 1716 1716 tanquam
1753 1647 1856 1701 sibi
1883 1645 2046 1719 sufﬁ-

474 1715 648 1774 ciente
685 1715 977 1774 voluntatis
1002 1716 1232 1772 arbitrio
1254 1758 1270 1784 ,
1299 1731 1456 1787 posse
1478 1715 1585 1771 non
1605 1731 1827 1787 peccare
1865 1715 2049 1772 delen-

472 1790 634 1845 ditur.

473 1901 718 1972 Ejusdem
758 1909 934 1956 contra
987 1897 1664 1972 Julianum_Pelagianum,
1705 1909 1743 1954 ε.
1774 1898 1846 1968 X,
1880 1897 1968 1954 lib.
1994 1899 2039 1967 Ι,

933 1987 981 2024 c.
1014 1969 1068 2033 6,
1099 1987 1153 2039 p.
1188 1969 1292 2025 509
1317 1979 1363 2024 et
1390 1970 1516 2036 510,
1535 1986 1588 2023 a.

543 2085 688 2140 Itane
708 2081 993 2157 ista‘verba
1024 2082 1196 2157 sancti
1213 2081 1433 2137 Joannis
1455 2082 1692 2157 episcopi
1731 2082 1898 2157 audes
1936 2090 2054 2136 tan-

473 2171 629 2223 quam
651 2170 682 2209 e
702 2153 972 2210 contrario
1002 2161 1079 2206 tot
1109 2153 1398 2223 taliumque
1418 2153 1695 2207 sententiis
1719 2154 2046 2223 collegarum

475 2222 589 2290 ejus
611 2239 898 2294 opponere,
923 2238 1152 2292 eumque
1180 2223 1248 2276 ab
1276 2222 1486 2294 illorum
1517 2222 1932 2278 concordissima
1961 2237 2054 2294 so-

474 2292 664 2351 cietate
685 2292 994 2364 ‘sejungere
1019 2333 1036 2359 ,
1090 2301 1146 2364 et
1185 2293 1262 2347 eis
1290 2292 1650 2364 adversarium
1675 2293 2004 2364 constituere
2028 2293 2054 2346 Υ

473 2365 660 2430 Absit,
711 2361 850 2418 absit
871 2361 991 2417 'hoc
1034 2363 1234 2417 malum
1278 2361 1344 2416 de
1391 2371 1537 2416 tanto
1567 2364 1684 2418 viro
1712 2363 1934 2419 credere
1962 2370 2054 2418 aut

473 2435 669 2491 dicere.
700 2434 870 2502 Absit,
902 2435 1147 2504 inquam,
1169 2441 1229 2486 ut
1255 2433 1870 2504 constantiuopolitanus
1889 2432 2052 2489 Joan-

2146 1099 2243 1158 nes
2263 1083 2329 1138 de
2351 1084 2663 1158 baptismate
2705 1085 3083 1158 parvulorum,
3112 1100 3403 1158 eorumque
3431 1103 3464 1143 a
3495 1099 3715 1158 paterno

2147 1154 2502 1224 chirographo
2531 1155 2846 1210 liberatione
2890 1172 2986 1225 per
3025 1157 3292 1212 Christum
3313 1154 3334 1221 ζ
3357 1167 3437 1214 tot
3463 1154 3526 1213 ac
3555 1162 3715 1215 tantis

2149 1226 2478 1293 coepiscopis
2530 1227 2662 1288 suis,
2717 1228 3050 1294 maximeque
3107 1243 3328 1284 romano
3368 1227 3716 1294 Innocentio,

2145 1295 2553 1368 carthaginiensi
2577 1295 3193 1368 Cyprianoi,icappadoci
3259 1298 3478 1366 Basilio,
3503 1300 3719 1354 nazian-

2147 1379 2280 1419 zeno
2318 1363 2572 1434 Gregorio
2595 1363 2781 1432 {gallo
2819 1363 3023 1420 Hilario
3040 1408 3054 1428 ,
3087 1363 3474 1423 mediolanensi
3504 1372 3720 1425 resistat

2147 1435 2451 1510 Ambrosio,
2492 1445 2595 1510 etc.
2643 1435 2832 1490 Postea
2856 1437 3259 1510 quadrimo/fert
3285 1454 3346 1492 ea:
3375 1439 3485 1509 ejus
3509 1441 3720 1510 epistola

2147 1504 2216 1558 ad
2243 1503 2593 1576 Olympiadem
2611 1515 2659 1560 et
2673 1523 2735 1561 ea:
2753 1503 2979 1561 sernione
3001 1508 3064 1561 de
3083 1503 3299 1563 Lazaro.

2149 1615 2416 1690 Ejusdem,
2439 1619 2493 1673 in
2539 1633 2688 1687 opere
2714 1618 3015 1690 imperfecto
3042 1630 3218 1674 contra
3241 1619 3528 1689 Iulianum,
3558 1632 3598 1675 ιε
3624 1622 3674 1677 Χ
3703 1665 3718 1689 ,

2569 1705 2685 1760 cap.
2711 1689 2765 1757 7,
2795 1706 2848 1759 ρ.
2877 1689 3017 1746 1296
3039 1699 3084 1744 et
3117 1690 3275 1746 1297.

2223 1801 2295 1856 Et
2313 1802 2449 1877 mihi
2471 1802 2658 1877 obiicis
2677 1803 2878 1877 peccati
2904 1804 3059 1873 primi
3083 1804 3311 1862 hominis
3333 1807 3722 1877 granditatem,

2154 1873 2454 1945 qumitanti
2500 1871 2625 1928 ntali
2677 1871 2949 1928 hominum
2991 1879 3227 1930 omnium
3281 1871 3483 1932 ex‘stitit
3533 1871 3725 1945 causa,

2153 1944 2304 2012 quasi
2331 1942 2434 1998 hoc
2461 1959 2563 2011 ego
2599 1945 2745 2000 solus
2769 1945 2853 2000 vel
2883 1945 3086 2014 primus
3110 1947 3374 2002 dixerim?
3396 1947 3531 2006 Audi
3555 1942 3726 2005 JoanL

2154 2029 2277 2068 nem
2327 2015 2957 2084 conStantiuopolitanum
3003 2017 3312 2072 excellentis
3339 2019 3518 2085 gloriae
3549 2039 3564 2074 :
3598 2020 3732 2075 Pec-

2154 2085 2514 2157 cavit,inquit,
2544 2085 2710 2157 Adam
2747 2086 2876 2140 illud
2914 2088 3109 2157 grande
3141 2098 3396 2155 peccatum
3427 2131 3443 2152 ,
3489 2100 3536 2144 et
3575 2107 3731 2145 omne

2154 2169 2310 2278 {enus
2347 2154 2604 2208 hominum
2643 2156 2697 2209 in
2733 2154 2993 2210 commune
3019 2154 3296 2212 damnavit.
3324 2159 3456 2213 Audi
3479 2165 3640 2214 etiam
3677 2164 3733 2214 in

2201 2224 2340 2277 azat‘i
2369 2226 2774 2278 resuscitatioue
2795 2227 2920 2278 quid
2941 2227 3103 2278 dicat.
3131 2238 3187 2278 ut
3204 2229 3463 2278 intelligas
3486 2233 3733 2278 cor-noris

2201 2224 2340 2277 azari
2369 2226 2774 2300 resuscitatioue
2795 2227 2920 2300 quid
2941 2227 3103 2300 dicat,
3131 2238 3187 2282 ut
3204 2229 3463 2300 intelligas
3486 2233 3735 2300 corporis

2157 2302 2385 2366 mortem
2428 2297 2496 2350 de
2532 2295 2621 2350 illo
2647 2297 2834 2366 grandi
2872 2299 3083 2354 venisse
3128 2311 3345 2366 peccato
3371 2295 3396 2354 ἶ
3415 2295 3617 2365 Flebat,
3642 2303 3731 2356 in-

2158 2365 2294 2440 quit,
2323 2364 2571 2440 Christus,
2599 2364 2734 2437 quod
2755 2382 2838 2420 eos
2863 2368 2948 2440 qui
2974 2364 3281 2428 immortales
3305 2385 3409 2432 esse
3431 2382 3728 2440 potuerunt,

2163 2435 2391 2491 diabolus
2417 2436 2536 2507 fecit
2564 2435 2668 2491 esse
2696 2439 2952 2504 mortales,
2985 2450 3090 2496 etc.

1183 2672 1542 2729 CASSIANUS,
1587 2672 1671 2714 DE
1712 2669 2181 2715 INCABNATIONE
2224 2669 2478 2726 DOMINI,
2523 2668 2646 2712 LIB.
2693 2669 2807 2720 VII,
2851 2669 2908 2713 C.
2953 2650 3051 2712 30.

545 2827 780 2881 Joannes
796 2865 814 2888 ,
843 2825 1539 2896 constantinopolitanorum
1559 2821 1852 2896 antistitum
1870 2820 2058 2896 decus,

473 2897 623 2966 cujus
661 2897 913 2951 sanctitas
959 2896 1161 2966 absque
1187 2890 1310 2949 'ulla
1357 2894 1632 2966 gentilitiaa
1673 2890 2061 2962 persecutionis

476 2965 708 3037 procella
736 2967 802 3022 ad
827 2967 1067 3038 martyrii
1095 2966 1286 3021 merita
1309 2965 1574 3036 pervenit,
1601 2973 1707 3019 etc.

940 3099 1183 3173 Ejusdem
1206 3099 1390 3155 lib.VII
1415 3118 1464 3155 ε.
1493 3099 1584 3156 '50.

542 3233 695 3290 Unde
737 3248 838 3304 ego
899 3247 1129 3304 quoque,
1163 3232 1278 3302 ipse
1326 3231 1541 3304 humilis
1590 3239 1750 3304 atque
1796 3231 2056 3304 obscurus

473 3306 686 3359 nomine
710 3301 847 3360 sicut
876 3301 1088 3368 merito,
1121 3301 1245 3358 licet
1284 3303 1414 3357 mihi
1461 3303 1599 3357 inter
1649 3301 1874 3357 eximios
1927 3317 2058 3357 con-

473 3375 956 3444 stantinopolitaum
993 3374 1137 3428 urbis
1163 3374 1384 3428 antistes
1415 3373 1587 3444 locum
1634 3372 1872 3444 magistri
1901 3386 2056 3427 usur-

479 3461 604 3514 pare
619 3442 724 3500 non
740 3447 960 3514 possim,
977 3444 1209 3499 studium
1233 3443 1676 3514 tamenidiscipuli
1701 3442 2055 3512 aﬁectumque

477 3513 758 3582 praesumo.
791 3515 1086 3584 AdOptatus
1139 3515 1282 3569 enim
1337 3529 1366 3566 a
1414 3513 1733 3568 beatissima:
1781 3514 2054 3584 memoria:

473 3585 679 3640 Joanne
707 3583 960 3655 episcopo
989 3586 1041 3639 in
1084 3585 1440 3639 ministerium
1463 3597 1696 3655 sacrum,
1721 3593 1879 3655 atque
1899 3583 2052 3637 obla-

473 3665 559 3710 tus
584 3671 613 3708 a
643 3653 770 3718 Deo,
802 3653 909 3711 etsi
934 3670 1162 3722 corpore
1201 3656 1426 3720 absum,
1457 3653 1647 3708 affectu
1673 3654 1778 3708 illic
1806 3669 1925 3708 sum
1954 3669 1970 3706 :
2000 3661 2054 3708 et

472 3725 548 3780 illi
587 3725 932 3780 dilectissimo
975 3725 1106 3779 mihi
1141 3740 1205 3779 ac
1232 3724 1687 3779 venerandissimo
1715 3723 1808 3778 Dei
1831 3723 2050 3793 p0pulo,

472 3797 570 3851 etsi
624 3811 765 3850 nunc
817 3796 1102 3866 prteseutia
1136 3811 1245 3849 non
1281 3794 1601 3859 admisceor,
1648 3803 1826 3849 tamen
1868 3802 2052 3849 mente

474 3926 654 3944 ...ια-θ

2162 2819 2547 2889 conjungor....
2572 2819 2893 2874 Mementote
2910 2819 3278 2889 magistrorum
3319 2827 3556 2880 veterum
3577 2863 3594 2883 .
3640 2838 3738 2877 sa-

2164 2890 2546 2962 cerdotumque
2565 2900 2889 2962 vestrorum,
2920 2889 3160 2962 Gregorii
3184 2891 3374 2946 nobilis
3397 2908 3490 2962 per
3513 2893 3732 2958 orbem,

2162 2960 2388 3031 Nectarii
2412 2960 2756 3031 sanctimonia
2787 2959 3274 3031 insignis,'Joannis
3299 2959 3480 3017 {ideae
3496 2964 3737 3031 puritate

2162 3029 2458 3103 mirabilis:
2487 3029 2739 3103 Joannis,_
2761 3029 2996 3103 inquam,
3036 3029 3255 3085 Joannis
3298 3033 3459 3096 illius,
3491 3029 3742 3103 quivere

2160 3101 2228 3173 ad
2273 3100 2673 3173 similitudinem
2714 3101 2934 3156 Joannis
2981 3102 3318 3172 evangelista:
3344 3113 3399 3157 et
3437 3100 3741 3173 discipulus

2159 3171 2284 3242 Jesu
2313 3179 2366 3226 et
2391 3172 2682 3242 apostolus,
2711 3173 2861 3242 quasi
2877 3187 3052 3242 super
3077 3171 3260 3242 pectus
3281 3173 3490 3228 Domini
3517 3171 3740 3242 semper

2158 3241 2512 3310 effectumque
2539 3240 2822 3296 discubuit.
2874 3241 3039 3307 Illius,
3079 3240 3326 3312 inquom,
3367 3240 3699 3300 mementote
3725 3287 3742 3309 ,

2160 3311 2308 3366 illum
2340 3312 2644 3380 sequimini,
2676 3313 2816 3367 illius
2840 3315 3119 3381 puritatem
3147 3311 3332 3378 {illius
3358 3313 3516 3370 ﬁdem
3536 3356 3551 3379 ,
3594 3316 3745 3370 illius

2156 3381 2450 3436 doctrinam
2485 3384 2982 3453 ac‘sanctimoniam
3012 3385 3240 3453 cogitate
3273 3401 3287 3436 :
3321 3385 3465 3443 illius
3493 3401 3748 3441 memen-

2156 3461 2266 3507 tote
2295 3467 2508 3522 semper
2541 3451 2776 3508 doetoris
2823 3454 2986 3508 vestri
3037 3451 3100 3508 ac
3142 3455 3454 3517 nutritoris;
3495 3456 3549 3510 in
3581 3457 3744 3523 cujus

2155 3524 2306 3606 quasi
2351 3525 2557 3606 gremio
2614 3525 3006 3607 quodammodo
3045 3525 3397 3607 amplexuque
3443 3527 3700 3607 crevistis
3724 3546 3739 3590 ;

2155 3593 2246 3667 qui
2276 3593 2727 3667 communismihi
2753 3611 2816 3649 ac
2839 3596 2990 3650 vobis
3017 3593 3268 3667 magister
3293 3595 3389 3652 fuit
3412 3615 3427 3660 ;
3458 3597 3615 3667 cujus
3643 3599 3732 3654 di-

2154 3663 2345 3733 scipuli
2382 3674 2542 3734 atque
2577 3665 2836 3721 institutio
2876 3680 3079 3720 sumus.
3117 3663 3278 3721 Illius
3332 3663 3538 3737 scripta
3585 3668 3728 3738 legi-

557 4024 919 4069 comesum
961 4023 1136 4066 mem
1179 4021 1378 4063 EPIST.
1427 4021 1510 4064 an
1551 4019 1806 4063 CLERUM
1849 4018 1930 4059 ET
1971 4014 2265 4061 rOPULUss
2306 4017 2403 4062 cr.
2448 4019 2878 4066 commorunt
2919 4021 3094 4066 'rouo
3135 4022 3230 4076 ut,
3282 4023 3340 4066 ιι.
3383 4005 3524 4068 365.
3565 4023 3626 4069 α.

551 4151 688 4218 Quid
719 4166 824 4206 non
853 4149 1130 4205 animabus
1150 4147 1601 4218 vestrisdoctrina
1630 4155 1827 4202 sanctae
1850 4161 2054 4218 memo-

473 4217 826 4291 riasepiscopi
855 4221 1075 4276 Joannis
1101 4217 1365 4274 Immisit?
1391 4217 1544 4291 cujus
1584 4231 1777 4291 sermo
1831 4217 2057 4272 catholi-

472 4308 588 4348 cam
613 4286 1085 4348 lidem'instituens
1123 4305 1219 4360 per
1254 4298 1424 4344 totum
1459 4286 1650 4343 orbem
1676 4286 1901 4344 diﬂ‘usus
1927 4297 2047 4354 est,

2162 4147 2990 4288 pg‘illt‘tsuzgitggdipctrinam
3016 4151 3216 4220 defuit,
3256 4153 3376 4224 quia
3415 4152 3747 4224 ubicumque

473 4415 3714 4443 Wﬁ—

1341 4512 1753 4558 THEODORETI
1796 4510 2050 4554 nume.
2096 4511 2142 4568 ι,
2187 4513 2248 4554 Τ.
2295 4511 2381 4568 ιν,
2427 4513 2484 4554 ιι.
2525 4496 2597 4555 31
2646 4516 2725 4556 ET
2766 4497 2865 4556 32.

543 4647 803 4702 Joannem
830 4659 981 4712 vero,
1004 4659 1255 4716 magnum
1281 4642 1430 4716 orbis
1455 4641 1634 4716 lumen
1654 4682 1669 4706 ,
1701 4639 1790 4710 qui
1821 4639 2054 4716 primum

473 4717 686 4781 quidem
739 4731 931 4781 magno
967 4709 1347 4769 'cum'honore
1395 4709 1781 4766 Antiochenam
1824 4709 2057 4781 irrigavit

475 4779 791 4852 Ecclesiam,
814 4779 1112 4855 deindeque
1131 4785 1334 4855 regiam
1362 4784 1621 4855 urbemsa
1631 4782 1832 4849 pienter
1853 4779 2050 4855 coluit;

471 4873 649 4912 annon
691 4849 845 4927 putas
871 4849 1220 4927 apostolicam
1269 4852 1392 4906 ﬁdei
1421 4853 1657 4927 regulam
1679 4849 2050 4927 servass_e_?....

475 4929 570 4982 ilic
627 4920 786 4998 igitur
841 4920 924 4979 vir
974 4926 1130 4993 longe
1175 4923 1649 4998 prmstantissimus
1695 4920 2056 4998 apostolicum

477 4999 622 5052 hunc
647 4989 830 5052 locum
865 4989 1243 5066 interpr'etatits
1267 5002 1349 5048 est
1392 5009 1408 5048 :
1452 4992 1530 5047 sic
1565 4989 1747 5046 autem
1775 4989 2007 5060 loquitur
2037 5005 2050 5042 :

2162 4639 2336 4713 Quare
2361 4683 2375 4706 ,
2428 4643 2633 4713 quando
2678 4646 2842 4708 audis,
2873 4644 3105 4700 Verbum
3133 4661 3258 4700 caro
3284 4649 3474 4702 factum
3502 4659 3606 4713 est,
3637 4669 3749 4706 non

2159 4712 2371 4767 turberis
2399 4729 2488 4766 nec
2522 4715 2747 4767 animum
2787 4715 3031 4779 deficias?
3070 4715 3191 4770 Non
3215 4719 3347 4770 enim
3374 4712 3658 4775 substantia
3688 4727 3750 4777 in

2158 4799 2360 4860 carnem
2390 4793 2717 4860 mutatae“;
2744 4787 2836 4860 hoc
2865 4789 2997 4838 enim
3023 4787 3189 4840 dicere
3224 4801 3460 4844 extremae
3500 4791 3716 4860 impieta
3737 4825 3752 4834 -

2158 4853 2221 4905 tis
2260 4863 2422 4935 esset;
2458 4856 2547 4906 sed
2583 4855 2638 4907 id
2687 4856 2820 4923 quod
2858 4867 2965 4909 erat
3003 4874 3231 4922 manens,
3260 4864 3333 4912 sic
3360 4861 3488 4914 serui
3513 4853 3750 4932 formans

2157 4933 2369 4992 accepit,
2399 4935 2502 4979 etc.

476 5119 3747 5152 Μ

1049 5221 1270 5266 sucu
1315 5219 1534 5262 Lectus
1579 5219 1779 5264 usam
1823 5217 1998 5260 PAPE
2041 5212 2355 5258 ANATOLIO
2397 5211 2718 5268 Episcopo,
2765 5213 2961 5256 EPIST.
3011 5196 3146 5256 106.

545 5353 600 5408 Si
653 5353 805 5406 ﬁrmo
854 5349 1379 5416 incomtnutahilique
1410 5347 1684 5418 proposito
1713 5347 1929 5402 dilectio
1958 5354 2046 5399 tua

478 5439 659 5478 curam
706 5423 888 5488 gratiae
925 5421 1225 5475 communis
1263 5417 1554 5484 habuisset,
1605 5418 1734 5473 nihil
1785 5418 2046 5488 proiecto,

477 5493 618 5560 quod
648 5490 810 5547 ullam
858 5493 1186 5545 anxietatem
1236 5490 1328 5546 tibi
1379 5490 1680 5559 ingereret,
1733 5489 2046 5542 exstitisset.

481 5565 596 5620 Non
627 5564 770 5619 enim
794 5563 1002 5618 sinebat
1028 5562 1162 5615 ratio
1188 5571 1245 5615 ut
1266 5561 1382 5628 ejus
1411 5561 1682 5614 caritatem
1710 5573 2042 5627 spernerem,

476 5651 631 5700 quem
672 5649 854 5689 amore
901 5633 1046 5704 pacis
1078 5643 1142 5704 et
1190 5633 1365 5685 studio
1411 5630 1721 5704 reparanda:
1755 5629 2049 5704 catholica:

478 5707 599 5761 ﬁdei
652 5707 788 5760 inter
834 5700 944 5774 ipsa
1003 5703 1338 5774 episcopatus
1377 5701 1699 5774 ‘rudimeuta
1746 5700 2044 5770 juvissem.

479 5787 671 5844 optans
687 5777 738 5833 in
755 5771 1129 5832 ecclesiasﬁcis
1157 5774 1297 5829 curis
1325 5771 1480 5829 talem
1504 5773 1698 5827 habere
1719 5783 2042 5842 consortem,

2161 5339 2398 5420 nemihi-
2425 5338 2493 5394 de
2544 5342 2742 5420 sanctis
2785 5343 3198 5420 praecessoribus
3237 5347 3340 5404 tuis
3379 5365 3478 5403 nec
3503 5350 3756 5410 Jvannis

2159 5410 2489 5483 spiritualem
2508 5410 2886 5483 copiosamque
2911 5415 3228 5483 doctrinam,
3248 5434 3346 5474 nec
3361 5423 3755 5481 auctoritatem

2157 5481 2339 5544 Attici,
2365 5495 2469 5551 nec
2507 5481 2819 5535 industriam
2849 5483 3043 5551 Procli,
3074 5502 3172 5541 nec
3214 5481 3372 5544 Iidem
3410 5491 3552 5546 beati
3608 5493 3756 5550 Flu—

2156 5551 2296 5627 via_ni
2345 5550 2533 5627 deesse
2577 5553 2828 5627 sentirem
2855 5571 2874 5627 _:
2903 5565 2957 5627 et
2987 5558 3053 5610 ita
3085 5557 3275 5612 studiis
3306 5561 3411 5616 tuis
3437 5574 3634 5627 uterer,
3685 5579 3756 5623 ut

2157 5621 2334 5696 nullus
2376 5622 2713 5696 auderetuvel
2745 5623 2865 5678 ﬁdei
2892 5625 3179 5682 Catholica:
3205 5632 3496 5696 resultare,
3531 5621 3632 5688 vel'
3660 5621 3758 5692 υἰέ

2105 5697 2113 5750 ξ
2155 5692 2320 5746 eteius
2347 5693 2723 5748 vcncrabilium
2759 5704 2966 5764 patrum
2995 5699 3191 5768 regulis
3213 5692 3497 5769 contraire,
3529 5713 3636 5760 etc.
