3846 6394
149 342 242 397 ll'J

1336 339 1420 392 DE
1461 339 1515 392 S.
1556 334 1815 390 JOANNE
1853 335 2218 392 CilRYSt)ST.

3277 354 3373 409 τη

663 561 882 605 νιϐιιιι
924 560 1254 603 TAPSENSIS
1302 559 1495 603 EPJSC.
1543 561 1689 604 CON'I

1806 556 2253 605 'EUTYCHETEM
2301 565 2419 607 Lm.
2470 566 2511 620 ι,
2559 568 2693 611 car.
2743 552 2839 613 15.

210 665 355 721 Unde
402 664 682 718 hortamur
732 677 918 716 omnes
962 661 1205 715 homines
1244 660 1483 715 nefanda:
1539 660 1699 730 hujus

146 736 367 806 perﬁdia
402 745 719 806 sectatores.
751 734 874 786 dum
904 733 1007 785 vita
1040 741 1216 806 manet
1243 770 1258 793 ,
1290 730 1415 783 dum
1446 731 1700 806 [uenitere

143 800 290 867 licet,
335 807 537 859 erroris
590 804 673 856 sui
720 813 925 856 mutare
965 801 1302 861 sententiam,
1354 810 1407 854 et
1459 800 1697 870 Gregorii

144 879 304 945 potius
337 886 498 944 atque
532 872 751 945 Basilii,
808 871 1097 945 Theophili
1132 886 1358 945 quoque
1379 882 1431 924 et
1479 870 1698 945 Joannis

142 941 360 1000 civitatis
398 941 990 1011 constantinopolitana:
1015 942 1363 1010 Opinatissimi
1402 943 1649 995 antiStitis
1673 980 1688 1006 ,

1806 679 2014 744 necnon
2067 675 2121 744 et
2166 664 2353 733 Cyrilli
2390 668 2715 744 alexandrini
2753 674 3007 744 episcopi,
3039 685 3094 731 et
3143 678 3367 733 aliorum

1802 735 2309 802 quamplurimorum
2331 777 2345 795 .
2372 741 2458 806 qui
2497 735 2867 811 antiquitus'in
2895 735 3132 802 Ecclesia
3168 748 3366 802 ﬂorue-

1803 814 1946 883 rnut,
1975 819 2134 872 super
2166 815 2448 883 utriusque
2468 819 2666 883 natura:
2689 815 3013 883 proprietate
3045 820 3235 872 sectari
3265 818 3366 871 do-

1799 874 2046 943 etrinam,
2077 891 2300 943 quormn
2324 878 2402 932 eis
2417 879 2485 932 de
2513 880 2610 933 hac
2640 874 2703 936 re
2722 874 3014 939 sententias
3034 888 3366 943 extrinsecus

1798 942 2072 998 offerimus
2098 942 2461 1016 perlegendas.

1135 1164 1352 1208 SUIDAS
1397 1165 1477 1206 ET
1519 1164 1905 1210 GUILLELMUS
1949 1167 2432 1215 PASTRENGICUS.

206 1297 224 1330 ι
244 1276 482 1332 Joannes
507 1272 871 1329 Antiochenus
896 1271 1087 1342 (inquit
1114 1269 1327 1342 Suidas)
1353 1280 1702 1342 cognomento

142 1350 561 1430 ειρτῐεεειοιηυξ»
592 1340 1569 1430 animiesrissltes':istisistis
1589 1341 1695 1430 P5:3:

140 1411 250 1473 εει)Ῑῖ
281 1416 541 1470 Emeseni
574 1411 875 1483 philosophi
916 1423 970 1465 et
1010 1411 1222 1465 Diodori
1261 1411 1694 1483 discipul_ns.ill_ic

138 1490 280 1542 multa
307 1481 603 1555 scripsisse
629 1481 958 1555 narraiur.in
985 1483 1174 1555 quibus
1192 1482 1454 1535 excellunt
1481 1481 1598 1555 libri
1627 1481 1694 1535 de

134 1551 459 1617 Sacerdotio,
488 1567 599 1608 tum
618 1553 939 1607 sublimitate
955 1560 1009 1605 et
1028 1553 1185 1621 style,
1214 1559 1323 1605 tum
1356 1551 1611 1605 suavitate
1639 1559 1693 1606 et

134 1628 378 1695 elegantia
393 1627 709 1680 verborum.
724 1624 857 1677 Cum
882 1622 961 1675 his
974 1620 1278 1695 conitertant
1288 1635 1563 1695 sermones
1577 1620 1691 1688 ejus

131 1701 175 1753 in
200 1690 417 1752 Davidis
448 1696 710 1759 Psalmos,
730 1703 785 1747 et
810 1693 1175 1746 annotationes
1202 1692 1252 1743 in
1279 1690 1496 1745 Joannis
1521 1691 1693 1744 Evan-

128 1769 326 1837 gelium,
351 1778 409 1821 et
427 1769 482 1819 in
513 1762 1089 1837 Matthzeum,Marcum
1109 1770 1163 1815 ct
1187 1761 1379 1814 Lucam
1403 1762 1690 1815 Commen-

130 1833 251 1892 iarii.
278 1837 501 1891 (ἔνιοι-ει
538 1850 668 1889 vero
712 1835 828 1902 ejus
872 1833 971 1887 scri
1016 1842 1063 1885 ta
1111 1845 1387 1885 numerum
1419 1841 1687 1899 superant.

130 1909 297 1954 Totam
351 1908 506 1954 enim
550 1905 811 1954 indaieam
855 1912 908 1954 et
951 1850 1293 1954 cﬁristianam
1365 1901 1687 1954 Seriuturam

128 1909 297 1964 Totam
351 1908 506 1961 enim
545 1901 908 1975 judaieamet
951 1901 1293 1975 christianam
1365 1901 1689 1975 Scriptorum

131 1971 562 2033 commentariis
588 1974 906 2036 illustravit,
950 1983 1008 2027 ut
1046 1973 1180 2025 alius
1226 1986 1402 2025 nemo.
1435 1971 1692 2025 Plurimas

126 2050 266 2104 etiam
302 2050 360 2102 in
404 2046 628 2101 laudem
658 2057 948 2115 martyrum
982 2058 1123 2115 saepe
1149 2052 1483 2115 ngtempore
1513 2040 1694 2097 habuit

126 2121 224 2186 ille,
245 2119 406 2187 cujus
435 2117 638 2187 lingua:
662 2111 974 2187 proﬂuvium
1002 2113 1141 2182 ipsas
1168 2111 1267 2165 Nili
1294 2121 1584 2187 cataractas
1610 2125 1693 2187 su-

124 2180 368 2260 perabat.
401 2180 599 2242 Nullus
638 2180 896 2260 abuomni
947 2180 1060 2260 :evo
1096 2191 1238 2260 tanta
1277 2180 1487 2260 dicendi
1538 2181 1689 2260 copia

127 2251 437 2321 abundavit,
475 2267 674 2327 quanta
715 2255 806 2327 ille
845 2254 1094 2327 prmditus
1123 2251 1220 2306 fuit
1250 2267 1263 2305 :
1296 2251 1431 2305 adeo
1459 2259 1515 2304 ut
1541 2251 1688 2304 solus

124 2332 298 2384 merito
337 2324 575 2382 aureum
623 2324 750 2380 illud
781 2334 834 2379 et
862 2325 1096 2378 divinum
1132 2337 1325 2377 nomen
1372 2330 1688 2377 consecutus

123 2403 199 2453 sit.
227 2399 580 2469 Scriptorum
596 2397 725 2469 fejus
757 2409 1035 2469 numerum
1062 2406 1343 2469 recensere
1371 2407 1475 2445 non
1506 2392 1686 2469 homi-

121 2472 190 2523 nis
226 2462 378 2525 essei
399 2510 415 2535 ,
462 2467 563 2522 sed
593 2462 686 2522 Dei
716 2466 919 2535 potius,
950 2465 1038 2534 qui
1067 2464 1243 2535 omnia
1273 2463 1563 2531 cognoscit.
1593 2462 1692 2535 llic

120 2541 168 2594 S.
193 2531 439 2596 Joannes
469 2531 1085 2607 Chrysosiomusasceta
1122 2533 1220 2587 fuit
1246 2547 1481 2607 summus
1502 2574 1517 2600 ,
1549 2531 1687 2607 mnia

119 2622 323 2679 tumque
354 2602 937 2679 vigilaba’t,.etquieti_s
962 2614 1076 2679 erat
1095 2603 1506 2679 amantissimus,
1538 2612 1592 2679 et
1620 2602 1689 2656 ob

120 2673 385 2735 nmmum
414 2673 800 2747 'temperantize
839 2676 1009 2747 zelum
1048 2677 1103 2729 in
1135 2673 1362 2747 dicendo
1388 2673 1689 2747 liberrimus

117 2762 217 2806 erat
257 2762 317 2806 et
350 2750 426 2804 ad
466 2744 606 2803 iram
647 2747 897 2816 proclivis
929 2765 942 2800 :
977 2746 1086 2816 ira;
1112 2745 1251 2816 enim
1293 2744 1497 2816 magis,
1530 2758 1686 2814 quam

117 2822 289 2891 pudori
317 2814 754 2891 obsequebatur.
786 2826 842 2891 et
878 2815 1157 2891 itnmodiea
1195 2814 1690 2891 dicendinlibertate

116 2885 363 2946 adversus
390 2885 677 2944 auditores
705 2886 972 2941 utebatur.
1000 2885 1059 2939 in
1086 2885 1327 2939 docendo
1354 2885 1683 2947 utilissimus,

116 2964 160 3015 in
181 2960 577 3035 congressibus
603 2958 903 3027 arrogantia
932 2966 988 3011 et
1016 2956 1161 3035 [astu
1202 2953 1457 3035 praeditus
1480 2956 1691 3035 videba-

116 3044 189 3086 tur
221 3026 417 3101 iis'qui
462 3044 593 3085 eum
632 3026 747 3082 non
770 3036 978 3101 norant.
1010 3026 1550 3101 Quamobremetiam
1576 3027 1687 3094 epi-

115 3117 295 3182 saeptis
329 3095 660 3182 designatus
685 3096 883 3167 majore
911 3096 1194 3182 supercilio
1219 3096 1273 3150 in
1304 3095 1543 3182 subditos
1573 3106 1687 3182 utcf

113 3164 273 3237 luatur,
315 3172 391 3227 ad
434 3164 785 3240 singulorum
819 3164 1242 3240 emendationem
1278 3177 1338 3240 et
1366 3164 1689 3240 salutemet

113 3235 272 3298 nores
301 3235 630 3299 sermonem
664 3237 1092 3293 accommodans.
1121 3236 1175 3292 Si
1203 3238 1320 3306 quis
1348 3251 1475 3306 ergo
1501 3235 1688 3291 adula-

113 3323 184 3367 tor
210 3330 317 3368 non
372 3313 579 3373 fuerit,
616 3324 721 3363 non
766 3307 885 3363 ideo
906 3322 1160 3377 arrogans
1187 3306 1608 3371 existimandus;
1642 3307 1687 3361 si

113 3386 214 3452 quis
245 3401 383 3438 vero
424 3383 680 3452 adulator
721 3379 809 3442 sit,
850 3389 904 3435 et
939 3377 1152 3452 humilis
1186 3392 1401 3452 gguere,
1434 3392 1539 3430 non
1562 3378 1689 3452 ideo

115 3448 373 3509 modestus
405 3451 688 3506 Vocandus
716 3460 799 3504 est
828 3465 842 3501 :
874 3449 968 3503 sed
993 3464 1116 3502 eum
1154 3449 1243 3516 qui
1273 3448 1324 3501 in
1351 3448 1687 3501 convenienti

113 3525 305 3587 ordine,
348 3525 447 3594 qui
480 3523 656 3576 libero
679 3519 947 3584 convenit,
979 3533 1099 3594 sese
1126 3527 1437 3594 conservat,
1470 3533 1689 3587 magna-

117 3597 297 3649 nimum
326 3587 459 3650 esse
489 3600 731 3660 oportet,
754 3605 859 3644 non
886 3590 1169 3660 superbum
1190 3605 1204 3652 ;
1226 3587 1441 3660 fortem,
1470 3603 1573 3642 non
1604 3604 1690 3642 au-

116 3667 280 3719 dacem
305 3683 322 3727 ;
352 3658 605 3724 comem,
633 3677 738 3713 non
766 3661 975 3714 servilis
1004 3658 1165 3712 animi
1189 3676 1203 3723 ;
1237 3658 1555 3721 modestum,
1582 3675 1689 3712 non

118 3735 421 3790 humilitatis
450 3733 860 3795 simulatorem;
902 3729 1196 3791 liberalem,
1237 3743 1343 3783 non
1370 3728 1686 3793 sordidum;

118 3816 162 3858 ut
187 3818 237 3860 et
276 3809 401 3875 ipse
442 3805 581 3858 dicit
614 3820 628 3854 :
664 3820 682 3852 ι
718 3802 890 3875 Quare
920 3801 1117 3875 varium
1158 3815 1275 3853 esse
1319 3798 1471 3875 decet
1514 3807 1690 3867 pasto-

119 3891 213 3929 rem
250 3870 312 3930 et
328 3877 661 3937 doctorem;
704 3873 908 3927 varium
940 3870 1082 3933 dico,
1125 3885 1228 3923 non
1261 3870 1561 3934 subdolum,
1592 3886 1688 3925 nec

120 3947 463 4012 adulatorem,
517 3960 619 3999 nec
655 3942 1119 4005 contumeliosum,
1168 3940 1262 4012 sed
1306 3940 1466 3994 multa
1513 3940 1565 3994 in
1609 3941 1688 3994 «Ιὶ⁸

121 4018 270 4070 cendo
300 4018 566 4071 libertate
594 4014 832 4083 plenum,
863 4014 950 4082 qui
977 4012 1109 4065 sciat
1140 4011 1336 4083 utiliter
1362 4027 1566 4064 morem
1593 4027 1688 4079 ge-

125 4102 239 4150 rere,
260 4089 485 4157 quaties
513 4082 629 4154 ipsa
654 4100 739 4138 res
766 4084 867 4157 hoe
896 4083 1131 4152 requirit.
1155 4082 1432 4157 leuemque
1457 4083 1610 4157 simul
1637 4092 1690 4135 et

125 4152 375 4211 austerum
410 4152 589 4211 esse:
621 4170 726 4208 non
764 4155 907 4207 enim
945 4168 1065 4206 cum
1102 4152 1328 4206 subditis
1355 4154 1600 4205 omnibus
1632 4168 1690 4205 so

126 4231 215 4290 pari
257 4228 429 4283 modo
468 4241 663 4296 gerere
700 4225 877 4280 debet.
906 4222 1037 4278 Nam
1067 4238 1237 4291 neque
1276 4222 1511 4277 medicos
1539 4222 1688 4277 decet

174 4362 494 4413 innumeros
538 4373 815 4427 possemus
857 4358 1089 4425 adjicere
1120 4359 1402 4427 scriptores
1442 4360 1602 4415 medii
1632 4368 1687 4416 et

124 4431 263 4483 mimi
304 4431 413 4483 :evi
453 4433 547 4498 qui
579 4428 647 4482 de
686 4437 871 4483 sancto
898 4429 1100 4500 Joanne
1122 4429 1503 4500 Clirysostomo
1531 4431 1681 4484 lucu-

124 4500 238 4554 lenta
267 4502 449 4555 tulere
478 4500 781 4553 tes1imonia
806 4517 820 4560 ;
852 4498 946 4553 sed
975 4516 1042 4553 ne
1069 4498 1277 4565 longius
1308 4502 1678 4568 procedanms,

124 4586 260 4625 unum
290 4581 506 4625 tantum
539 4568 1162 4639 GuillelmiPastrengici
1201 4570 1542 4635 Veronensis,
1586 4572 1685 4625 Pe-

124 4642 327 4697 trarchze
353 4641 550 4705 amici,
573 4640 748 4694 locum
772 4638 1079 4703 afl‘eremus,
1104 4641 1191 4695 ubi
1211 4641 1449 4711 quazdatn
1482 4641 1681 4697 haben-

125 4720 191 4765 tur
212 4722 403 4767 notatu
427 4711 613 4780 digna.

176 4782 246 4837 De
288 4799 357 4837 eo
401 4779 523 4835 haec
566 4779 724 4833 habet
752 4779 1067 4835 Guillelmns
1108 4781 1479 4849 Pastrengicus
1511 4781 1682 4837 Vero—

125 4855 303 4917 nensis,
336 4851 619 4906 Francisci
643 4850 943 4904 Petrarchce
967 4855 1187 4917 amicus,
1217 4853 1299 4906 cui
1322 4852 1411 4906 ille
1431 4864 1553 4906 octo
1575 4853 1687 4920 cpio

124 4925 264 4977 stolas
300 4924 457 4977 misit
481 4936 607 4975 cum
642 4921 762 4973 aliis
794 4921 1095 4991 Petrarclun
1129 4923 1368 4991 epistolis
1410 4924 1547 4991 typis
1576 4924 1685 4975 edi-

127 5004 205 5046 tas.
232 4993 458 5049 Librum
504 5001 685 5045 autem
729 4991 906 5044 emisit
931 4990 1242 5046 Gnillelmus
1268 4992 1368 5045 hoc
1395 4990 1580 5057 titulo,
1609 4992 1687 5046 De

130 5062 385 5133 διήριιὼ
414 5064 643 5115 virorum
671 5061 945 5133 illustrium
978 5077 995 5114 :
1023 5064 1103 5115 vir
1127 5073 1269 5116 certe
1306 5070 1366 5116 ut
1400 5064 1487 5115 illa
1530 5072 1687 5117 artate

128 5131 389 5188 admodum
432 5133 699 5194 eruditus,
744 5131 836 5200 qui
884 5132 950 5186 de
993 5133 1339 5201 scriptoribus
1390 5135 1684 5199 praesertim

130 5206 260 5258 medii
288 5206 389 5258 aevi
424 5204 594 5256 nutlta
624 5202 781 5255 docet
807 5218 912 5255 non
948 5203 1265 5266 spernenda.
1298 5203 1482 5257 Editus
1510 5214 1684 5258 autem

132 5273 207 5327 fuit
247 5277 331 5330 hic
378 5275 520 5327 liber
570 5272 805 5326 Yenetiis
853 5288 882 5325 a
928 5273 1182 5328 Michaele
1227 5274 1430 5343 Angelo
1481 5274 1689 5329 Blondo

132 5359 245 5396 uno
272 5346 412 5401 1547
441 5360 457 5406 ;
495 5343 592 5397 sed
622 5358 742 5396 cum
780 5345 1070 5398 mnmneris
1099 5344 1304 5398 mendis
1334 5362 1346 5397 :
1376 5345 1480 5397 emi
1510 5355 1686 5398 autem

134 5432 231 5467 Casu
261 5417 459 5469 librum
491 5415 643 5467 illum
676 5413 911 5467 Venetiis
932 5455 944 5476 ,
973 5416 1060 5483 qui
1092 5414 1351 5469 universis
1381 5430 1515 5484 pene
1542 5416 1689 5484 igno-

137 5497 200 5537 Ias
220 5499 320 5549 est,
350 5486 740 5553 exemplarque
768 5500 941 5537 meum
970 5486 1020 5537 in
1056 5486 1187 5540 locis
1214 5484 1390 5539 multis
1411 5486 1689 5539 emendavi

136 5557 439 5611 micrendo
464 5571 590 5609 cum
618 5554 817 5608 Codice
844 5554 1098 5609 Vaticano
1116 5597 1131 5619 ,
1168 5566 1223 5610 et
1247 5571 1368 5609 cum
1410 5557 1580 5610 altero
1606 5557 1691 5609 Bi-

140 5624 387 5681 l-ltuthccm
425 5625 826 5679 Ottobonianm.
862 5625 982 5678 Ilasc
1021 5636 1219 5693 autem,
1251 5626 1488 5695 inquam,
1535 5629 1689 5681 habet

140 5696 205 5747 ille
224 5698 289 5749 de
311 5700 369 5751 S.
401 5698 616 5752 Joanne
643 5696 1045 5764 Chrysostomo.

196 5788 212 5815 α
250 5768 489 5822 Joannes
539 5767 992 5835 Cltrysostomus,
1047 5766 1375 5820 autiochcnae
1438 5765 1689 5818 Ettt'losiw

144 5841 416 5902 msbvter,
450 5839 649 5896 deinde
676 5836 1165 5906 Constantinopolis
1196 5840 1499 5905 episcopus,
1535 5839 1613 5890 vir
1642 5842 1692 5891 in

1801 1274 2029 1343 :Pgrotis~
2052 1271 2296 1324 omnibus
2339 1272 2475 1326 idem
2508 1273 2947 1329 medicamentum
2978 1277 3234 1343 prarbere,
3267 1296 3361 1335 ue-

1801 1356 1904 1412 qtte
1947 1341 2353 1412 gubernatorem
2400 1346 2645 1397 eumdem
2689 1359 2900 1398 cursum
2934 1341 3155 1412 tenere,
3190 1341 3362 1405 ventis

1800 1411 2129 1464 reﬂantibus.
2160 1412 2343 1481 Cogita
2384 1430 2512 1482 ergo
2555 1415 2764 1482 qualem
2808 1415 2996 1470 deceat
3023 1411 3145 1470 esse
3172 1418 3318 1472 illum
3344 1462 3359 1483 ,

1800 1496 1958 1550 quem
1991 1491 2148 1536 tant-.e
2180 1486 2423 1550 procella:
2463 1496 2515 1537 et
2561 1486 2857 1553 tempestati
2897 1502 2961 1540 ac
3000 1495 3077 1540 tot
3117 1487 3365 1546 ﬂuctibus

1798 1553 2046 1606 resistere
2066 1563 2303 1622 oporteat
2322 1556 2345 1617 ;“
2363 1564 2417 1608 ut
2436 1555 2682 1610 otnnihus
2706 1557 2881 1610 omnia
2900 1558 2987 1620 sit,
3007 1568 3061 1612 et
3082 1576 3268 1615 mones
3285 1562 3365 1614 lu.

1799 1632 1994 1696 eretur.
2024 1623 2232 1677 Etenim
2278 1627 2432 1678 talem
2474 1626 2642 1678 virum
2671 1636 2878 1695 oportet
2911 1642 3028 1683 esse
3066 1645 3279 1696 gravem
3308 1643 3362 1685 et

1799 1692 1965 1769 fastus
1994 1703 2285 1769 expertem,
2304 1692 2784 1769 _l_'ormitlabilem_et
2809 1692 3165 1762 mansuettim,
3196 1703 3365 1769 impe—

1798 1764 1995 1839 riosum
2037 1765 2460 1839 et__sociabilcm,
2506 1767 2866 1839 incorruptum
2906 1779 2960 1823 et
2984 1770 3223 1839 obsequii
3253 1764 3361 1839 ple-

1799 1848 1940 1909 mun,
1976 1833 2227 1909 humilem
2256 1851 2353 1909 nec
2381 1838 2648 1909 servilem,
2678 1833 2895 1893 hilarem
2925 1851 2979 1893 et
3002 1833 3355 1909 mansuetum,

1797 1914 1852 1955 ut
1874 1902 1987 1981 hajc
2014 1906 2300 1959 certamina
2332 1906 2485 1961 facile
2513 1910 2777 1981 eoulicere
2807 1912 2991 1977 possit.
3022 1908 3241 1977 Oportet
3264 1902 3360 1981 igi;

1797 1982 1881 2046 tur
1904 1977 2071 2027 virum
2100 1986 2370 2031 strenuum
2398 1988 2448 2032 et
2476 1978 2784 2046 prudentem
2812 1995 3019 2045 cavere,
3045 1995 3112 2035 ne
3134 1982 3214 2035 vel
3239 1977 3361 2036 adu-

1795 2042 1953 2119 letur,
2001 2046 2079 2098 vel
2121 2046 2421 2119 adulantem
2469 2042 2635 2113 ferat,
2686 2065 2818 2104 neve
2869 2042 3122 2119 arrogans
3164 2053 3233 2105 sit
3276 2056 3358 2108 vel

1796 2115 2072 2179 adulator;
2110 2117 2201 2169 sed
2242 2127 2298 2171 ut
2326 2129 2603 2187 utrumque
2649 2120 2829 2173 vitium
2860 2115 3098 2184 recidat;
3132 2132 3186 2175 ut
3225 2123 3360 2180 liber

1793 2187 1885 2250 sit,
1924 2202 2022 2239 nec
2050 2187 2099 2238 in
2142 2190 2496 2255 arrogantiam
2527 2190 2799 2255 deﬂectat,
2824 2207 2926 2245 nec
2949 2191 3014 2245 ad
3044 2193 3237 2246 servile
3262 2196 3357 2246 ob-

1794 2259 2033 2325 sequium
2074 2272 2132 2311 se
2170 2258 2430 2312 demittat.
2471 2260 2602 2315 Nam
2636 2278 2755 2315 cum
2788 2262 3077 2317 mansuetis
3106 2261 3356 2318 humilem

1792 2337 2167 2402 oportet__esse_,
2210 2343 2327 2383 cum
2360 2331 2646 2402 audacibus
2674 2348 2798 2385 vero
2833 2332 2968 2384 altos
3010 2333 3225 2402 spiritus
3265 2352 3358 2388 su-

1794 2412 1960 2473 rucre.
2000 2398 2208 2473 Etenim
2236 2399 2467 2473 quidam
2510 2412 2698 2473 putant
2734 2398 3192 2458 mansuetudinem
3236 2420 3358 2458 esse

1796 2468 2043 2522 virtutem
2068 2484 2082 2533 ;
2112 2470 2198 2522 alii
2228 2468 2584 2526 fortitudinem
2620 2489 2738 2528 esse
2767 2473 3062 2527 audaciam.
3096 2475 3225 2527 Cum
3254 2475 3356 2529 illis

1794 2536 2088 2610 humilitate
2125 2540 2377 2595 utendum
2419 2553 2534 2608 est,
2576 2558 2695 2597 eum
2741 2545 2822 2597 his
2850 2558 2975 2598 vero
3016 2543 3351 2610 fortitudine,

1791 2623 1909 2684 qua:
1929 2609 2165 2684 audacia:
2195 2611 2404 2684 illorum
2426 2613 2644 2681 gloriam
2672 2616 2970 2684 exstinguat
2992 2631 3006 2680 ;
3026 2625 3084 2668 ut
3104 2616 3206 2669 illis
3230 2631 3355 2681 pro-

1789 2678 1864 2731 sis
1884 2718 1898 2741 ,
1933 2680 2226 2752 hurtunque
2269 2678 2485 2750 Spiritus
2516 2684 2801 2752 depritnas.
2832 2678 3069 2750 Nam,ut
3095 2687 3170 2739 ait
3197 2678 3351 2739 Salo-

1789 2762 1914 2825 mon
1930 2790 1951 2825 _,
1979 2748 2259 2825 Unicuique
2281 2748 2353 2805 rei
2380 2770 2528 2825 suum
2559 2748 2630 2807 est
2656 2764 2847 2825 tempus
2873 2748 3058 2825 (Eucti.
3092 2755 3175 2818 Ill,
3197 2755 3274 2825 1);
3303 2756 3355 2809 id

1803 2822 1909 2892 est,
1929 2818 2235 2892 humilitati,
2253 2820 2519 2892 potentia),
2544 2818 2962 2892 reprehensioni,
2988 2818 3353 2892 consolationi,

1794 2884 1981 2949 veniat,
2029 2883 2237 2937 dicendi
2281 2886 2531 2949 libertati,
2564 2883 2784 2953 lenitati,
2819 2896 3087 2948 severitati
3122 2913 3136 2948 :
3166 2907 3219 2949 et
3247 2883 3353 2950 ιιιισῖ

1793 2953 1973 3019 verbo,
2004 2954 2162 3029 rebus
2190 2956 2434 3029 omnibus
2458 2974 2470 3010 :
2498 2968 2554 3011 ut
2581 2958 2739 3012 modo
2764 2963 2975 3029 quidem
3001 2962 3271 3020 humiliter
3301 2980 3351 3022 te

1789 3037 1944 3096 geras
1970 3034 2024 3076 et
2047 3024 2399 3081 submissione
2429 3042 2619 3096 pueros
2649 3024 2891 3096 imiteris,
2921 3035 3210 3089 secundum
3246 3038 3347 3091 lio-

1790 3093 1921 3175 miui
1964 3104 2323 3175 przeceptum;
2354 3093 2639 3175 aliquando
2682 3093 2938 3166 potestate
2968 3105 3166 3175 utaris,
3195 3122 3351 3175 quam

1788 3161 1933 3217 dedit
1961 3161 2203 3219 Christus
2239 3164 2306 3220 ad
2333 3161 2733 3223 tedilicationem
2757 3210 2771 3235 ,
2807 3187 2912 3226 non
2941 3173 3005 3227 ad
3033 3161 3353 3231 destructio-

1788 3248 1931 3313 nem,
1965 3235 2176 3301 quando
2197 3235 2415 3313 dicendi
2447 3238 2695 3313 libertate
2723 3255 2857 3309 opus
2885 3254 2968 3296 est
2995 3261 3008 3297 :
3039 3254 3091 3300 et
3116 3255 3353 3313 tempore

1788 3304 1997 3371 quidem
2028 3306 2424 3383 consolationis,
2443 3308 2712 3383 lenitatem
2732 3304 3020 3383 ostendere
3041 3304 3274 3383 oportet;
3300 3320 3349 3373 in

1788 3382 2027 3446 tempore
2050 3386 2229 3428 autem
2252 3375 2651 3446 ohjurgationis,
2669 3380 2836 3434 zelum
2862 3375 3225 3441 demonstrare
3255 3375 3271 3442 Ξ
3299 3401 3350 3443 et

1787 3443 1839 3495 in
1862 3444 2106 3517 omnilnis
2131 3446 2247 3499 aliis
2274 3443 2431 3501 rebus
2450 3443 2645 3516 justam
2677 3449 2859 3517 iudicii
2896 3462 2949 3507 et
2978 3456 3195 3508 rationis
3226 3474 3347 3512 nor-

1785 3528 1926 3592 mam
1967 3515 2221 3592 adhibere
2246 3515 2480 3592 oportet;
2503 3515 2784 3592 Justorum
2802 3522 2941 3592 enim
2973 3525 3245 3579 ratiocinia
3270 3528 3358 3592 ju-

1785 3584 2063 3666 diciasunt.
2080 3602 2097 3633 ι
2118 3582 2426 3666 Ειιεὶᾷρι-υε
2436 3585 2611 3666 Peius.
2631 3590 2749 3643 dicit
2766 3588 2899 3666 (Lib.
2920 3592 2979 3666 V,
3001 3582 3291 3666 epist.158)
3329 3618 3340 3651 :

1787 3648 2117 3729 fPrincipem
2130 3660 2475 3729 oportet_esse
2499 3657 2698 3726 justum
2730 3648 2784 3714 ei
2828 3648 3347 3729 tor...'ia5me.’.{,"..i

1788 3723 1906 3771 houi
1933 3724 2142 3793 quidem
2183 3724 2356 3777 securi
2386 3723 2525 3787 sint,
2558 3739 2860 3793 peccatores
2884 3748 3011 3786 vero
3037 3723 3330 3791 deterrean-

1786 3798 1888 3871 tur.
1930 3791 2061 3876 Nam
2100 3793 2324 3874 alterum
2359 3794 2474 3875 sine
2518 3791 2685 3876 altero
2726 3800 2935 3876 imperii
2994 3808 3201 3859 eversio
3253 3822 3344 3876 po-

1785 3861 1890 3914 tius
1910 3869 1996 3934 est
2035 3878 2195 3944 quam.
2230 3864 2525 3946 imperium.
2571 3868 2625 3921 Si
2671 3861 3039 3946 enim_0n_mes
3076 3861 3342 3946 obscqt'ie-

1782 3944 1965 3986 rentur
2032 3943 2085 4013 et
2147 3934 2396 3988 virtutem
2438 3936 2710 4015 colerent_.
2752 3941 2871 4015 sola
2920 3942 3177 3998 bonitate-
3209 3934 3342 4015 cuius

1780 4012 1955 4063 esset;
2013 4003 2093 4057 sin
2150 4014 2326 4058 autem
2387 4009 2611 4073 pereatis
2664 4009 2829 4064 dediti
2881 4025 3087 4072 essent.
3152 4003 3339 4069 tim'ire

1783 4082 1982 4153 tantum
2018 4075 2433 4156 :quilauveroiet
2468 4077 2593 4156 boui
2636 4093 2758 4156 sunt
2787 4093 2854 4156 et
2881 4087 3022 4147 mali,
3064 4097 3338 4156 utramque

1781 4144 2041 4197 rationem
2064 4144 2313 4199 adhibere
2339 4146 2492 4201 debet
2522 4148 2567 4202 is
2587 4151 2672 4219 qui
2703 4154 2893 4219 pupulo
2924 4144 3129 4223 praeest.
3160 4166 3185 4208 δ

1781 4359 1955 4411 divina
1986 4367 2039 4412 et
2063 4359 2289 4428 humana
2320 4356 2643 4425 philosophia
2679 4360 2993 4427 ln‘.t'ciptltls,
3023 4362 3073 4413 in
3104 4361 3342 4428 disputa-

1783 4430 2014 4482 tionibus
2032 4426 2325 4495 perspicax,
2348 4428 2395 4480 in
2413 4430 2748 4481 eonl'utandis
2767 4426 3133 4484 luereticorum
3152 4426 3346 4485 (εἰη-οη-

1784 4499 1881 4570 lms
1916 4512 2039 4570 acer
2065 4515 2080 4554 ;
2106 4497 2172 4570 de
2194 4514 2297 4565 quo
2326 4498 2509 4570 beatus
2535 4497 2906 4570 Hieronymus,
2936 4500 3071 4555 libro
3107 4502 3174 4555 de
3209 4502 3347 4559 Viris

1785 4568 2093 4630 illuswihus,
2130 4567 2368 4635 loquens,
2400 4569 2512 4620 ait:
2555 4586 2573 4618 ι
2607 4567 2857 4631 Joannes.
2882 4571 3213 4626 antiocliena:
3246 4577 3346 4628 Ec-

1782 4640 1959 4693 clesia:
1988 4637 2285 4706 presbyter,
2318 4638 2523 4709 Eusebii
2555 4639 2799 4695 Emeseni
2826 4640 3144 4709 Diodoriqne
3173 4655 3345 4696 secta-

1788 4722 1886 4782 tor.
1904 4710 2064 4782 multa
2076 4707 2452 4782 _c_omposuisse
2480 4708 2695 4768 dicitur.
2719 4728 2835 4780 qum
2850 4722 3025 4766 tamen
3054 4707 3160 4766 non
3186 4712 3341 4782 Ιῳὶη

1787 4780 1849 4832 lit
1875 4780 1999 4832 alibi
2027 4778 2093 4831 ad
2119 4778 2328 4832 beatum
2359 4778 3012 4847 Augustiriutiiscribettszc
3031 4778 3346 4847 Quiddieatn

1785 4853 1849 4903 «le
1887 4849 2113 4922 Joanne,
2142 4851 2230 4916 qui
2257 4848 2453 4922 dudum
2486 4851 2541 4922 in
2575 4852 2857 4920 pontiﬁcali
2886 4856 3050 4922 gradu
3084 4857 3350 4910 Cotistau-

1786 4919 2183 4987 tinopolitanam
2214 4921 2346 4972 rexit
2374 4919 2687 4982 Ecclesium,
2720 4932 2773 4975 et
2795 4919 2952 4988 supI-r
2976 4924 3261 4984 Epistulam
3283 4927 3349 4979 ad

1785 4990 1999 5044 tialatas
2036 4989 2360 5063 latissimum
2394 5001 2638 5044 exaravit
2674 4992 2862 5045 librum
2890 4996 2912 5044 ’ἐ
2948 5014 2966 5043 ι
3001 4994 3226 5063 Scripsit
3267 4996 3353 5050 hic

1787 5061 2116 5115 venerandus
2146 5061 2235 5113 Dei
2258 5061 2477 5115 antistes
2504 5077 2662 5130 super
2685 5072 2794 5116 tuto
2823 5066 2983 5118 veteri
3015 5076 3072 5119 et
3092 5061 3228 5119 novo
3252 5066 3352 5119 Te-

1786 5141 2046 5184 stamento
2087 5131 2483 5197 Expositiomtm
2535 5132 2699 5187 libros
2753 5151 2765 5186 :
2822 5133 3243 5188 (Iouuncntarios
3298 5139 3351 5189 in

1787 5202 2086 5254 Matthatum
2116 5200 2392 5255 distinctos
2442 5217 2533 5270 per
2585 5202 2830 5256 homilias
2856 5204 2925 5259 90
2956 5223 2967 5257 :
3006 5220 3167 5271 super
3196 5205 3355 5261 Joan-

1786 5288 1906 5326 nem
1958 5271 2199 5325 hotnilias
2237 5271 2323 5344 887
2357 5289 2367 5321 :
2412 5287 2572 5340 super
2617 5274 2882 5342 Epistolas
2924 5276 3086 5329 libros
3123 5278 3360 5344 singulos

1789 5359 1879 5408 per
1940 5356 2215 5413 sermones
2266 5343 2553 5413 distinctos
2608 5345 2716 5397 :in
2772 5344 3061 5413 Epistulam
3130 5343 3358 5400 ad'lle—

1787 5417 1957 5467 ln'acos
1985 5412 2055 5465 54
2085 5412 2320 5466 condidit
2361 5413 2602 5467 homilias
2632 5431 2644 5466 :
2678 5412 2836 5480 super
2874 5416 3124 5471 Geuesim
3167 5419 3357 5471 librum

1788 5484 2136 5557 quaestionum
2195 5500 2209 5537 :
2259 5483 2326 5536 de
2379 5483 2621 5537 laudibus
2681 5485 2826 5557 Pauli
2893 5488 3115 5557 apostoli
3184 5489 3353 5541 homi-

1788 5556 1883 5608 lias
1949 5556 1980 5606 7
2032 5571 2045 5601 :
2101 5563 2286 5606 eontra
2365 5557 2664 5609 arianorum
2727 5556 2973 5612 lueresim
3046 5558 3360 5612 fortissimos

1788 5628 1957 5677 lilirus
1988 5643 1999 5676 :
2031 5634 2213 5676 contra
2257 5626 2607 5691 simoniaeos,
2649 5637 2833 5680 contra
2878 5627 3219 5691 Marcioncm,
3254 5629 3359 5681 Ce-

1790 5695 2044 5757 rinthutn,
2067 5695 2341 5755 Ebionetn,
2377 5701 2393 5717 '
2420 5697 2806 5751 Archemouem
2853 5710 3010 5758 atque
3053 5699 3356 5760 Plautinum,

1789 5769 1873 5828 qui
1906 5782 2086 5816 eorum
2134 5769 2406 5819 suscitavit
2448 5768 2689 5821 hzrrcsitu
2726 5787 2736 5819 :
2771 5779 2951 5821 contra
2999 5770 3358 5837 Apollinarem

1792 5837 1981 5889 lilirnn:
2020 5838 2038 5889 l
2072 5855 2080 5888 ;
2115 5847 2295 5889 eontra
2328 5838 2645 5893 tuattichxus
2674 5840 2878 5903 insigne
2912 5840 3159 5893 volumen
3192 5856 3202 5888 ι
3233 5854 3358 5895 eon-
