3846 6420
433 369 534 424 H5

443 485 521 527 tra
553 484 738 534 omnes
763 470 1040 524 limi-elices
1077 477 1236 533 super
1271 466 1519 534 parabola
1553 463 1772 534 seminis
1795 462 2012 526 longum

435 545 573 598 opus
603 541 658 584 et
683 533 898 599 elegans
937 548 951 583 :
993 528 1287 599 tractatum
1304 541 1468 599 unum
1510 530 1561 599 in
1589 528 1847 599 Thomam
1873 540 2008 594 apo-

437 596 658 665 stolum,
689 600 742 654 in
770 596 875 669 quo
903 598 1156 653 adversus
1183 598 1395 669 arianos
1430 596 1714 669 fortissime
1737 596 1970 669 disputat
1993 612 2007 650 :

439 682 601 739 super
641 667 855 724 Cantica
901 669 1229 739 canticorum
1275 668 1437 739 libros
1464 667 1615 739 duos
1647 682 1661 721 :
1695 667 1820 739 item
1850 667 2010 739 vitam

439 737 610 794 sancti
657 740 851 795 Meletii
904 738 1140 807 episcopi
1177 738 1475 793 antiocheni
1509 756 1522 792 :
1554 738 1623 793 de
1658 737 1894 793 vestibus
1937 737 2013 791 le-

439 810 646 879 galibus
669 809 1001 865 sacerdotum
1022 821 1075 863 et
1097 809 1420 875 Levitarum,
1449 818 1502 863 et
1521 808 1588 864 de
1604 818 1790 862 ornatu
1817 808 2013 863 summi

441 881 704 1004 pontificis
730 879 938 936 Veteris
974 879 1298 935 Testamenti
1334 882 1574 934 volumen
1603 879 1870 948 egregium
1902 895 1918 934 :
1945 879 2014 934 de

483 950 737 1004 umilitate
766 952 816 1004 in
845 950 1042 1004 lotione
1067 949 1258 1004 nedum
1289 957 1567 1004 tractatum
1594 966 1756 1004 unum
1782 966 1795 1003 :
1827 959 2014 1004 contra

483 950 737 1006 umilitate
766 952 816 1005 in
845 950 1042 1006 lotione
1067 949 1258 1020 pedum
1289 957 1567 1005 tractatum
1594 966 1756 1004 unum
1782 966 1795 1003 :
1827 959 2014 1005 contra

441 1035 537 1076 eos
582 1022 670 1090 qui
708 1021 773 1076 ad
804 1023 995 1077 missas
1023 1037 1128 1076 non
1168 1031 1452 1076 occurrunt
1479 1029 1759 1075 tractatuum
1802 1035 1964 1075 unum
1995 1037 2009 1074 :

441 1094 510 1148 de
554 1093 896 1163 virginitate:
925 1092 992 1147 de
1031 1093 1340 1163 ptenitentia
1377 1111 1390 1146 :
1432 1090 1500 1146 de
1530 1091 1633 1146 fide
1658 1108 1671 1145 :
1700 1090 1767 1146 de
1811 1091 2015 1160 patien-

445 1164 516 1218 tia
548 1162 660 1234 :,de
695 1162 1040 1218 confessione
1069 1180 1084 1218 :
1123 1163 1191 1218 de
1225 1163 1566 1234 eieemosyua
1607 1171 1860 1234 tractatus
1899 1163 2015 1231 plu-

443 1249 550 1290 res.
575 1233 830 1289 Homilias
851 1242 906 1290 et
919 1249 1197 1288 sermones
1214 1248 1307 1302 per
1328 1232 1491 1286 totam
1516 1232 1971 1302 quadragesimam
1999 1250 2013 1287 :

444 1319 744 1360 sermonem
791 1304 1226 1360 declamatorium
1295 1304 1348 1358 in
1396 1303 1798 1359 decollationem
1845 1303 2015 1358 sancti

442 1375 666 1431 Joannis
696 1375 972 1444 Baptistze:
991 1377 1113 1431 item
1141 1375 1191 1429 in
1221 1375 1426 1428 laudem
1452 1375 1617 1429 beata;
1638 1373 1868 1444 Virginis
1885 1375 2016 1430 mira

443 1447 701 1501 suavitate
743 1445 1038 1516 fragrantes
1068 1462 1082 1500 :
1113 1444 1369 1516 adversus
1406 1445 1610 1499 Arabas
1636 1445 1706 1516 de
1747 1460 2019 1516 resurrec-

447 1518 592 1572 tione
622 1515 952 1572 mortuorum
992 1517 1155 1571 libros
1196 1515 1364 1581 duos,
1393 1516 1482 1585 qui
1526 1515 1771 1571 dicebant
1811 1515 2018 1572 animas

445 1587 582 1642 mori
597 1602 717 1642 cum
737 1601 997 1656 corpore:
1019 1587 1144 1642 item
1165 1596 1348 1640 contra
1362 1585 1575 1641 Judmos
1602 1586 1790 1640 librum
1813 1601 1976 1640 unum
1997 1603 2013 1640 :

445 1657 572 1712 item
615 1657 896 1713 adversum
924 1656 1122 1714 Gentes
1164 1657 1216 1710 in
1257 1656 1470 1710 modum
1509 1656 1702 1725 dialogi
1741 1657 1939 1726 grande
1965 1664 2020 1711 et

444 1729 652 1799 insigne
678 1728 922 1799 volumen
967 1747 980 1782 :
1022 1728 1089 1783 de
1120 1726 1308 1799 ordine
1335 1737 1388 1781 et
1414 1727 1918 1799 officiohsacerdmis
1957 1727 2019 1781 li-

446 1797 598 1870 brum
629 1814 812 1870 unum.
837 1798 1074 1870 Hymnos
1101 1807 1156 1854 et
1178 1798 1447 1852 orationes
1467 1807 1519 1851 et
1548 1797 1650 1870 alia
1673 1797 1840 1870 plura_
1853 1807 2017 1870 metra

443 1868 610 1924 edidit
652 1868 792 1940 apud
838 1867 1085 1935 Graecos,
1145 1879 1201 1924 et
1241 1882 1543 1940 quanquam
1593 1869 1756 1922 latino
1776 1867 2023 1940 _fnlserit

443 1938 996 2011 eloquio,‘plurimum
1025 1947 1202 1994 tamen
1242 1938 1456 2010 scripsit
1482 1939 1536 1993 in
1571 1953 1748 2010 graeco
1773 1938 2020 1995 Theodm

442 2011 706 2081 siiMagni
731 2011 1078 2081 temporibus.
1116 2027 1136 2062 ι

517 2080 573 2152 In
594 2079 702 2152 Aliae
721 2079 1033 2138 recensione
1054 2079 1294 2151 quaedam
1316 2079 1504 2152 Joanni
1522 2079 1906 2152 Chrysostomo
1926 2081 2022 2139 ad-

444 2150 666 2223 scribit,
717 2167 839 2223 quae
897 2152 1038 2208 inter
1079 2150 1254 2223 opera
1320 2151 1437 2218 ejus
1491 2150 1759 2221 nunquam
1813 2154 2022 2208 censeri

444 2221 681 2291 potuisse
724 2221 975 2278 videntur
1013 2243 1028 2276 :
1067 2222 1170 2277 alia
1216 2235 1380 2292 vero,
1425 2237 1542 2292 quae
1585 2236 1847 2292 nusquam
1897 2223 2023 2280 alibi

445 2303 951 2358 commemorantur,
981 2307 1208 2364 quaeque
1238 2291 1322 2347 vel
1343 2291 1525 2364 latent
1542 2291 1734 2364 alicubi
1756 2334 1771 2358 ,
1801 2293 1885 2348 vel
1919 2293 2025 2348 for-

449 2373 591 2418 tasse
628 2364 904 2436 perierunt
930 2381 952 2436 :_
973 2363 1148 2436 qualia
1177 2373 1302 2436 sun_t
1339 2363 1474 2418 liber
1497 2363 1587 2436 ille
1610 2373 1794 2418 contra
1821 2365 2025 2436 Apolli-

447 2433 647 2488 narem
670 2441 726 2489 et
760 2434 881 2490 libri
922 2433 1028 2489 duo
1055 2433 1143 2489 alii
1171 2434 1238 2490 de
1260 2433 1669 2490 Resurrectione
1694 2433 2022 2492 mortuorum

446 2505 877 2576 contraArabas,
903 2505 993 2576 qui
1009 2505 1469 2560 dicebantanimas
1485 2505 1618 2558 mori
1633 2519 1753 2576 cum
1775 2519 2019 2575 corpore.

520 2575 597 2646 De
625 2573 729 2630 hoc
753 2573 935 2646 autem
959 2583 1231 2646 postremo
1259 2589 1433 2646 repere
1467 2576 1632 2646 multa
1661 2574 1816 2630 nobis
1835 2573 2023 2631 obser-

451 2644 616 2700 vanda
657 2654 782 2701 sunt
821 2645 922 2717 (a).
961 2644 1052 2702 Ait
1076 2645 1338 2702 Eusebius
1366 2646 1568 2702 Arabes
1595 2645 1794 2706 dixisse
1817 2646 2026 2705 animas

506 2755 580 2824 (α)
610 2754 736 2806 Hlst.
763 2752 888 2806 eccl.
913 2766 963 2817 p.
988 2750 1098 2812 135,
1123 2748 1243 2801 edit.
1267 2747 1333 2800 Η.
1358 2743 1576 2798 Valesii.‘

1171 349 1578 408 TESTUIONIA
1617 347 1945 404 VETERUM
1988 344 2072 401 DE
2110 345 2166 401 S.
2207 341 2466 399 JOANNE
2502 340 2872 400 CHRYSOST.

3585 335 3691 393 H6

2109 461 2242 516 mori
2265 477 2384 516 cum
2409 475 2654 531 corpore,
2684 470 2739 516 et
2770 476 2894 516 cum
2919 476 2984 515 eo
3010 468 3402 514 resurrecturas
3429 457 3610 531 fuisse,
3633 469 3690 531 et

2107 541 2290 586 contra
2322 531 2459 586 hanc
2496 528 2742 588 haeresim
2791 540 3032 586 coactam
3070 531 3231 584 fuisse
3274 528 3569 600 synodum,
3599 530 3686 584 cui

2107 602 2276 657 adfuit
2315 601 2591 672 Origenes.
2633 601 2788 669 Saepe
2817 603 3045 672 vidimus
3065 600 3502 672 ChrySOstomum
3529 615 3689 669 pero-

2109 682 2315 728 rantem
2347 671 2606 727 adversus
2633 672 2829 728 multos
2855 688 2922 727 ex
2945 671 3295 729 auditoribus,
3323 671 3412 740 qui
3445 684 3688 724 resurre-

2107 744 2336 798 ctionem
2357 744 2576 798 omnino
2594 744 2850 813 negabant
2869 743 3090 812 :quique
3107 751 3233 797 tunc
3252 755 3446 811 magno
3463 755 3692 795 numero

2114 815 2410 869 Antiochiae
2434 814 2596 868 fuisse
2616 812 2895 878 videntur;
2919 827 3176 882 nusquam
3198 822 3376 866 autem
3405 826 3488 866 me
3509 812 3684 880 ipsum

2110 884 2304 954 legisse
2335 884 2551 938 memini
2581 885 2942 939 confutantem
2968 899 3061 938 eos
3088 883 3178 953 qui
3207 883 3447 938 dicerent
3481 884 3689 936 animas

2111 970 2231 1009 cum
2259 969 2487 1023 corpore
2514 956 2798 1010 morituras
2821 965 2874 1010 et
2891 969 3013 1009 cum
3033 969 3100 1009 eo
3119 962 3510 1023 resurrectaras
3536 967 3682 1017 esse,

2109 1025 2193 1080 vel
2235 1022 2437 1080 Arabes
2467 1025 2693 1095 idipsum
2729 1025 2984 1081 docentes
3010 1023 3425 1095 aggredientem.
3457 1022 3690 1095 Tamian-

2110 1113 2214 1166 qne
2238 1093 2555 1151 Guillelmus
2590 1096 2962 1165 Pastrengicus
2987 1093 3153 1149 libros
3177 1095 3300 1166 illos
3325 1093 3466 1166 duos
3479 1093 3567 1166 de
3581 1093 3684 1148 Re-

2111 1164 2442 1222 surrectione
2463 1174 2790 1221 mortuorum
2812 1164 3069 1222 adversus
3087 1165 3308 1228 Arabes,
3326 1165 3416 1235 qui
3437 1164 3689 1220 dicebant

2113 1239 2318 1292 animas
2355 1238 2488 1291 mori
2524 1253 2646 1292 cum
2682 1252 2924 1306 corpore,
2967 1251 3028 1291 se
3069 1236 3265 1290 vidisse
3305 1247 3690 1306 commemorat

2113 1308 2335 1379 Joannis
2376 1307 2744 1379 Chrysostomi
2781 1304 3036 1370 nomine;
3077 1306 3398 1379 omninoque
3439 1305 3513 1361 illi
3555 1304 3690 1379 fides

2117 1378 2358 1434 habenda
2402 1375 2632 1433 videtur.
2673 1378 2834 1433 Multa
2877 1388 3024 1434 certe
3070 1375 3412 1446 quotidie’ex
3455 1375 3692 1431 tenebris

2115 1459 2377 1520 eruuntur
2405 1448 2624 1520 Joannis
2643 1447 3006 1520 Chrysostomi
3033 1462 3221 1520 opera,
3241 1457 3300 1501 ut
3316 1446 3500 1520 videre
3525 1457 3609 1520 est
3634 1446 3690 1520 in

2117 1519 2220 1575 hac
2259 1529 2438 1574 nostra
2479 1520 2538 1574 S.
2583 1516 2818 1574 doctoris
2859 1516 3085 1588 Operam
3123 1518 3459 1588 collectione,
3503 1516 3592 1572 ubi
3637 1517 3691 1569 in

2118 1600 2264 1645 tomo
2293 1590 2611 1645 duodecimo
2646 1587 3204 1658 undecim’prmclaras
3249 1587 3528 1650 homilias,
3572 1602 3695 1657 qua:

2121 1659 2374 1716 hactenus
2401 1661 2693 1725 latuerant,
2722 1657 3027 1723 emisimus,
3055 1658 3107 1714 in
3133 1659 3354 1729 aliisque
3379 1657 3541 1729 tomis
3579 1673 3692 1712 non

2120 1746 2334 1802 paucas.
2379 1731 2489 1786 Hos
2528 1731 2861 1802 verogilibros
2898 1730 3131 1802 edidisse
3173 1728 3368 1800 potuit,
3411 1728 3695 1802 sive_qui.i

2122 1799 2323 1856 Arabes
2350 1817 2448 1856 suo
2471 1817 2585 1856 aevo
2609 1800 2783 1856 adhuc
2811 1801 2862 1856 in
2897 1801 3119 1872 pristino
3147 1799 3331 1872 errore
3357 1799 3695 1872 perstabant,

2121 1873 2236 1927 sive
2273 1873 2395 1941 quia
2423 1872 2664 1926 nonnulli
2704 1871 3020 1927 Antiocheni
3045 1870 3516 1941 Arabibusvicini,
3548 1880 3700 1926 vete-

2120 1958 2236 1999 rem
2262 1940 2407 1996 illum
2438 1943 2671 1997 Arabum
2698 1957 2934 1998 errorem
2963 1957 3221 1997 renovare
3247 1940 3584 1996 videbantur.

2193 2012 2346 2082 Quod
2371 2029 2499 2068 vero
2525 2013 2707 2083 adjicit
2726 2013 2777 2068 in
2807 2012 2911 2068 line
2938 2012 3252 2083 Guillelmus
3280 2012 3656 2081 Pastrengicus
3683 2029 3698 2068 :

2122 2082 2192 2140 Et
2214 2081 2513 2156 quanquam
2556 2081 2713 2156 latino
2741 2082 2943 2156 fulserit
2985 2081 3201 2156 eloquio,
3231 2083 3502 2156 plurimum
3530 2090 3703 2156 tarrten

2121 2155 2321 2226 scripsit
2359 2153 2421 2226 in
2465 2171 2629 2226 grwco
2667 2153 2935 2226 Theodosii
2961 2153 3131 2225 magni
3156 2153 3484 2226 temporibus,
3504 2155 3704 2226 nescio

2126 2223 2264 2280 unde
2306 2223 2610 2293 expiscatus
2653 2235 2773 2291 est;
2832 2225 2964 2279 nihil
3019 2223 3163 2280 enim
3210 2223 3371 2279 latine
3415 2223 3703 2293 scripsisse

2123 2295 2576 2367 Chrysostomum
2603 2304 2789 2366 putant
2825 2310 3012 2367 omnes
3048 2295 3136 2366 qui
3171 2295 3366 2364 scripta
3395 2294 3511 2367 ejus
3542 2309 3708 2348 accu-

2124 2363 2249 2421 rate
2263 2368 2520 2436 legerunt.
2539 2363 2696 2422 Forte
2713 2366 3035 2422 existimavit
3059 2363 3145 2421 ille
3169 2363 3410 2420 sanctum
3424 2363 3705 2436 doctorem

2126 2436 2294 2492 latino
2319 2434 2534 2492 fulsisse
2560 2437 2791 2506 eloquio,
2805 2438 2926 2506 quia
2943 2436 3150 2491 viderat
3167 2451 3305 2506 opus
3333 2434 3706 2505 imperfectum

2126 2508 2181 2564 in
2210 2507 2513 2562 Matthmum
2534 2549 2550 2574 ,
2589 2507 2730 2575 quod
2755 2507 3122 2579 Chrysostomi
3151 2507 3366 2562 nomine
3391 2506 3711 2579 circumfer-

2127 2589 2235 2645 tur,
2279 2579 2442 2651 latine
2465 2579 2718 2651 scriptum
2739 2619 2755 2642 ,
2787 2577 3034 2648 qualique
3059 2577 3426 2651 Chrysostomi
3445 2593 3552 2633 non
3582 2592 3711 2633 esse

2126 2658 2364 2724 pugnant
2383 2649 2542 2706 hodie
2569 2648 2761 2705 eruditi
2787 2663 2996 2705 onmes.

467 2865 3720 2895 W

805 2956 934 3019 FB.
981 2953 1377 3018 ΜΑΤΤΗΕΙ
1411 2951 1518 3014 DE
1559 2946 2152 3014 CHRYSOSTOMO
2193 2945 2578 3010 ORATORE
2621 2945 2884 3006 BREVE
2929 2944 3327 3009 JUDICIUM.

524 3118 1267 3193 Homili‘arumChrysostomi
1283 3117 1391 3193 duo
1417 3124 1543 3193 sunt
1560 3115 1780 3193 omnino
1804 3129 2021 3186 genera.

457 3200 510 3253 In
530 3196 647 3251 aliis
665 3195 809 3250 enim
856 3187 1108 3262 deinceps
1133 3205 1237 3262 suo
1254 3188 1446 3262 ordine
1468 3189 1707 3262 integros
1733 3187 2027 3262 litterarum

383 3274 385 3276 ’
456 3280 725 3324 sacrarum
771 3264 938 3319 libros
961 3256 1170 3317 tractat.
1201 3259 1298 3314 Hie
1340 3260 1392 3314 in
1437 3257 1656 3328 singulis
1687 3256 1917 3312 homiliis
1950 3256 2026 3328 (α)

459 3337 707 3409 preponit
749 3332 949 3409 partem
975 3332 1092 3409 ejus
1115 3330 1260 3386 modi
1278 3329 1446 3409 _libri,_
1478 3343 1703 3409 eamque
1749 3329 1828 3409 in_
1854 3328 2032 3409 priore

459 3398 609 3481 parie
632 3398 865 3481 homiliae
889 3398 1141 3481 explicat,
1171 3415 1235 3456 ac
1278 3399 1541 3481 interdum
1563 3398 1862 3481 eadenibis
1885 3408 2032 3481 terve

461 3469 682 3535 resumit
713 3485 769 3532 et
794 3469 1063 3531 retractat.
1092 3471 1332 3528 Secunda
1361 3486 1482 3540 pars
1499 3485 1708 3524 morum
1734 3469 2034 3524 doctrinam

462 3558 684 3618 spectat,
711 3558 919 3615 sumpta
940 3544 1151 3600 dicendi
1178 3543 1395 3618 materia
1418 3549 1508 3596 aut
1527 3555 1556 3594 a
1575 3541 1754 3596 verbis
1793 3556 1912 3610 quze
1937 3553 2033 3594 ex-

464 3614 976 3693 posuit,;smpiusque
1003 3630 1070 3670 ex
1099 3614 1278 3684 paucis
1305 3622 1359 3666 et
1381 3627 1514 3693 uno:
1542 3621 1632 3693 aut
1660 3621 1975 3693 artempnrc,
2006 3625 2035 3664 a

465 3682 726 3760 personis,
753 3682 784 3743 ᾗ
813 3682 994 3753 rebus,
1022 3682 1147 3760 quia
1167 3693 1292 3738 tunc
1305 3683 1643 3760 gerebantur,
1678 3682 1748 3736 ita
1770 3682 2042 3760 etiamdu-

467 3751 793 3825 terdum,'ut
815 3751 997 3812 coacta
1026 3751 1082 3809 et
1116 3751 1329 3809 detorta
1373 3753 1616 3808 videatur
1642 3752 1852 3825 oratio.
1888 3751 2040 3825 _Hinc

469 3823 775 3901 frequentes
816 3829 919 3882 illa:
967 3827 1350 3901 diSputationes
1395 3833 1579 3901 cont_ra
1617 3823 1848 3901 theatra,
1887 3823 2042 3901 ludos

469 3891 757 3964 circenses,
785 3907 929 3954 artes
954 3891 1187 3966 magicas
1207 3936 1223 3962 ,
1248 3894 1617 3966 jusjurandum
1643 3891 1754 3966 (b),
1781 3893 2041 3966 supersti-

472 3913 757 3964 circenses,
785 3913 929 3954 artes
954 3913 1036 3952 ma
1078 3913 1187 3950 Icas
1207 3936 1223 3962 ,
1248 3913 1617 3966 jttSjuranuum
1643 3913 1740 3966 ψ),
1781 3913 2041 3963 supersu-

472 3974 697 4038 tionem,
729 3969 1023 4031 libidinem,
1042 3913 1256 4031 ﬁnxum,
1279 3973 1463 4038 contra
1487 3979 1582 4020 eos
1610 3966 1701 4038 qui
1740 3964 1795 4038 _in
1817 3963 2041 4038 ecclesia

476 4046 614 4097 inter
660 4033 721 4097 se
769 4038 1264 4100 confabulabantur,
1291 4036 1554 4101 ridebant,
1602 4033 1884 4098 saltabant,
1937 4035 2046 4087 imo

473 4113 632 4168 etiam
662 4107 1406 4182 marsupiafc)succidehant,
1430 4115 1489 4182 _et
1515 4116 1699 4160 contra
1721 4106 1822 4182 alia
1845 4103 2048 4182 elfcmi-

475 4184 608 4250 nati,
637 4172 1055 4244 mollis,'eli'reni
1080 4187 1135 4234 et
1178 4177 1245 4232 ad
1291 4177 1560 4250 interitum
1602 4176 1813 4250 ruentis
1855 4178 2042 4250 seculi,

479 4245 604 4309 veri
618 4252 776 4308 fidem
818 4261 873 4308 et
905 4251 1118 4306 modum
1145 4263 1359 4304 omnem
1387 4247 1696 4303 excedentia
1723 4245 1872 4302 vitia.
1899 4247 2046 4301 Alte-

477 4340 596 4380 rnm
639 4338 806 4394 genus
854 4321 1188 4394 homiliarum
1230 4329 1320 4372 aut
1362 4319 1748 4394 ecclesiasticas
1797 4317 2052 4394 lectiones

482 4388 837 4464 Evangeliarii
870 4401 925 4464 et
950 4392 1192 4464 Aposﬁtoli
1235 4389 1475 4464 exponit,
1501 4397 1593 4442 aut
1621 4388 1855 4445 habitum
1877 4398 1957 4443 est
2000 4391 2051 4442 in

480 4461 659 4521 certis'
679 4464 867 4519 diebus
897 4463 1066 4526 festis,
1090 4463 1215 4516 item
1240 4461 1399 4531 variis
1425 4469 1745 4531 temporum,
1769 4474 2056 4530 rerumque

482 4534 937 4591 vicissitudinibus
959 4547 1010 4588 et
1036 4533 1267 4588 casibus.
1297 4529 1354 4586 In
1378 4531 1463 4585 his
1489 4529 1800 4600 plerumque
1830 4529 2056 4598 amplior

483 4615 567 4660 est
585 4610 755 4660 oratio
782 4614 837 4659 et
860 4605 1118 4659 ornatior.
1143 4601 1297 4670 Quod
1319 4603 1701 4666 inventionem,
1737 4601 1792 4654 in
1822 4600 2058 4656 Secundo

487 4677 717 4731 maxime
743 4690 958 4746 genere,
977 4677 1185 4736 attinet,
1219 4672 1304 4726 hic
1323 4688 1480 4746 nemo
1520 4674 1884 4746 Chrysostomi
1915 4672 2059 4746 desi-

487 4745 698 4801 derabit
742 4743 1034 4814 ingenium,
1089 4758 1233 4813 saepe
1285 4759 1413 4814 vero
1461 4743 1721 4797 luxuriam
1765 4743 2057 4814 accusabit,

486 4815 705 4872 modum
737 4812 1038 4871 excessisse
1065 4812 1320 4884 culpabit,
1353 4812 1657 4869 facilitatem
1694 4822 1749 4866 et
1772 4813 2058 4884 probabili-

489 4896 653 4942 tatem
683 4886 1004 4942 inventionis
1022 4887 1278 4955 requiret.
1305 4884 1713 4955 Dispositionem
1739 4884 1892 4955 primi
1909 4898 2075 4952 gena.

492 4959 569 5012 ris
589 4957 841 5021 homilize,
865 4965 921 5010 ut
940 4956 1074 5020 dixi,
1098 4953 1341 5010 eamdem
1361 4968 1547 5009 omnes
1561 4953 1780 5008 habent.
1805 4954 1881 5008 Ex
1899 4959 2068 5008 altero

491 5043 690 5099 genere
735 5028 1070 5098 paucissima:
1113 5026 1379 5080 subtiliter
1419 5031 1546 5079 sunt
1571 5023 1885 5099 dispositm:
1929 5024 2068 5099 haud

494 5095 618 5156 raro
668 5095 1088 5171 propositionem
1117 5099 1278 5152 etiam
1321 5103 1510 5163 mutat,
1559 5095 1641 5150 vel
1697 5096 1964 5162 latiorem,
1988 5095 2069 5150 vel

557 5233 632 5300 (ει)
664 5232 1048 5300 ΑδΑΜίξῃοηηᾳ
1076 5237 1242 5282 tamen
1265 5231 1466 5300 recedit
1497 5231 1546 5282 in
1580 5231 1793 5300 homiliis
1825 5234 2075 5298 plerisque

495 5299 546 5349 in
568 5293 822 5348 G'enesim.
845 5293 939 5345 Hic
970 5295 1100 5359 enim
1125 5293 1379 5359 exordium
1403 5301 1456 5359 et
1475 5295 1719 5359 peroratio
1739 5293 1925 5345 morum
1949 5293 2076 5359 pra:-

496 5367 643 5422 cepta
665 5362 890 5416 tractant,
915 5357 1072 5422 media
1086 5369 1200 5422 pars
1217 5356 1687 5422 orationisexplicat
1699 5371 1902 5408 sensum
1921 5356 2077 5410 Litte-

499 5417 661 5473 rarum
696 5431 960 5469 sacrarum.
1002 5417 1248 5468 Interdum
1281 5417 1427 5468 etiam
1451 5420 1498 5468 in
1524 5417 1722 5469 exordio
1744 5428 1975 5471 retractat
2019 5434 2077 5471 ea

497 5495 610 5548 quae
637 5487 784 5532 antea
813 5480 913 5544 jam
935 5486 1263 5548 exposueral._
1281 5479 1337 5528 In
1374 5479 1583 5548 homiliis
1601 5483 1660 5548 in
1692 5481 1906 5534 Psalmos
1930 5485 2079 5548 verba

500 5542 674 5608 textus,
702 5557 793 5608 per
818 5542 1217 5608 ‘partes‘recitat,
1250 5542 1467 5608 breviter
1502 5542 1734 5605 explicat,
1767 5557 1824 5594 ac
1853 5547 2081 5608 continuo

504 5682 632 5720 ﬂlllla
651 5682 790 5720 mura
811 5682 868 5718 ac
888 5682 1078 5716 αινεγεῑι
1101 5682 1388 5720 aritumenta
1413 5682 1570 5718 etmca
1592 5682 1863 5719 occurrant.

558 5679 632 5718 uta
651 5679 790 5732 plura
811 5681 868 5718 ac
888 5679 1078 5716 diversa
1101 5679 1388 5728 argumenta
1413 5679 1570 5718 ettnca
1592 5679 1863 5719 occurrant.

558 5738 627 5798 (θ)
666 5730 841 5804 contra
855 5728 1426 5804 jusjurandumpluribns
1447 5729 1678 5794 deinceps
1699 5731 1912 5794 disputat
1933 5733 2084 5784 homi-

500 5791 593 5856 mg,
611 5791 654 5847 't.
680 5803 734 5850 ll,
765 5792 876 5843 inde
899 5806 926 5842 a
951 5804 1060 5855 pag.
1083 5791 1243 5856 δ”ἶκΕΣ

667 5857 787 5909 Vide
816 5863 934 5912 tom.
952 5853 993 5917 Vl,
1095 5854 1203 5918 479,
1229 5853 1285 5913 Β,
1312 5867 1447 5918 seqq,

2135 3114 2512 3185 angustiorem
2549 3110 2816 3185 vocabulis
2841 3109 3129 3182 subjiciens
3152 3113 3450 3185 notionem.
3468 3115 3720 3182 Accedit,
3821 3131 3823 3166 :

2135 3182 2278 3255 quod
2306 3182 2578 3255 multoties
2627 3183 2773 3255 inter
2797 3183 2908 3250 ipsa
2943 3194 3261 3255 argumenta
3287 3184 3354 3238 ad
3387 3184 3488 3239 alia
3515 3185 3728 3242 delabi-

2137 3252 2224 3330 tur
2250 3274 2265 3310 :
2292 3269 2462 3330 a3gre_
2471 3253 2619 3330 enim
2657 3252 2900 3309 exultans
2939 3254 3207 3330 ingenium
3250 3269 3594 3330 compescere
3618 3275 3728 3330 ρο-
3822 3283 3823 3290 ι

2139 3326 2258 3382 tuit.
2303 3324 2700 3394 supellectilem
2736 3333 2915 3378 autem
2943 3325 3253 3390 oratoriam,
3303 3324 3465 3382 ﬂores
3499 3324 3636 3382 dico'
3667 3337 3732 3384 tt

2139 3398 2448 3468 pigmenta,
2470 3395 2665 3465 ubique
2689 3409 2874 3449 secum
2904 3409 3116 3468 omnem
3145 3396 3473 3464 circumfert,
3504 3406 3563 3468 ut
3595 3414 3730 3454 cre-

2139 3464 2256 3534 das,
2311 3464 2601 3533 hominem,
2627 3475 2923 3536 expugnata
2950 3464 3429 3536 Constantinopoli,
3451 3467 3734 3538 aufugisse
3822 3477 3823 3482 ‘

2141 3553 2263 3593 cum
2326 3537 2572 3591 omnibus
2631 3539 2742 3609 suis
2789 3538 3072 3609 opulentiae
3108 3540 3298 3609 gregis:
3350 3537 3615 3609 luxusque
3672 3549 3736 3597 et
3822 3585 3823 3594 χ

2144 3607 2772 3680 magnificentizeeopiis.
2812 3606 3253 3680 liepﬁrchenditur,
3281 3608 3441 3680 etiam
3493 3606 3732 3679 partium

2145 3677 2492 3762 inaequalitas:
2540 3677 2697 3762 Modo
2747 3679 3042 3762 exprdium.
3074 3678 3149 3750 (α)
3205 3677 3735 3762 όὶωἰόὶᾳιπρπιειιι
3821 3716 3823 3722 η

2145 3749 2401 3806 orationis
2443 3750 2680 3814 abstulit,
2710 3749 2869 3804 modo
2899 3749 3092 3820 brevis
3122 3749 3557 3820 argumentorum
3588 3760 3739 3806 trac~
3822 3775 3823 3806 l

2147 3822 2274 3877 talio
2317 3822 2583 3888 ingentem
2632 3829 2753 3890 post
2795 3835 2856 3874 se
2885 3819 3046 3874 trahit
3091 3822 3614 3877 sermocinationem.
3670 3823 3738 3878 ln
3822 3849 3823 3858 ι

2150 3892 2310 3962 priori
2337 3891 2412 3962 (b)
2437 3905 2650 3961 genere,
2682 3905 2802 3944 cum
2825 3890 2961 3944 dicta
2989 3890 3306 3946 Litterarum
3333 3907 3601 3948 sacrarum
3629 3908 3740 3947 ex-

2186 3963 2433 4026 licantur,
2460 3963 2694 4016 elocutio
2714 3962 2980 4016 interdum
3008 3976 3114 4018 non
3137 3971 3242 4017 tam
3287 3964 3463 4018 tenuis
3483 3973 3538 4018 et
3558 3964 3743 4018 subti-

2175 4035 2218 4087 is
2247 4041 2350 4097 est,
2378 4032 2535 4105 quod;
2551 4032 2744 4105 merito
2773 4033 3126 4105 probaretur,
3154 4033 3250 4088 sed
3302 4033 3469 4105 lenta,
3517 4036 3742 4105 supina,

2153 4105 2464 4174 negligens,
2513 4103 2784 4174 fastidium
2838 4118 2869 4158 a
2919 4103 3328 4173 repetitionibus
3374 4103 3622 4160 ali'erens.
3676 4105 3743 4160 In

2153 4173 2321 4228 altero
2343 4189 2560 4243 genere,
2585 4173 2780 4242 sapius
2799 4173 2957 4228 nimis
2981 4176 3199 4243 quassita
3226 4183 3309 4230 est
3327 4175 3572 4241 elocutio,
3600 4191 3748 4231 con-

2157 4245 2316 4299 tinuis
2340 4259 2402 4299 ac
2429 4245 2775 4299 dissimilibus
2809 4245 3242 4301 translationibus
3267 4245 3485 4310 referta,
3517 4245 3750 4302 floribus

2158 4316 2337 4370 multis
2377 4323 2432 4370 et
2480 4315 2834 4371 discoloribus
2861 4315 3054 4379 obsita,
3106 4317 3173 4370 ad
3222 4318 3630 4373 ostentationem
3689 4329 3753 4373 et

2156 4387 2362 4440 aurium
2389 4385 2710 4454 voluptatem
2736 4386 3045 4456 composita,
3066 4388 3208 4442 mole
3236 4387 3507 4452 laborans,
3532 4387 3750 4453 inflata,

2161 4467 2371 4511 tumens
2410 4466 2483 4519 et,
2536 4467 2594 4510 nt
2642 4458 2814 4530 ipsius
2849 4457 3048 4530 ve_rbis_
3060 4467 3201 4530 utar,
3219 4469 3454 4530 βρύουσα,
3487 4467 3756 4530 βρίθουσα,

2161 4538 2371 4595 κομῶσαι,
2417 4538 2672 4599 σφριγῶσα.
2724 4527 2987 4612 Ερὶειοιξιε
3011 4526 3376 4612 Οιιιςγξοξῐοωί
3403 4526 3598 4612 nemini
3625 4526 3756 4611 lita;

2161 4613 2283 4671 gno
2311 4614 2476 4671 opere
2518 4599 3024 4671 commendaverim,
3082 4599 3180 4671 nisi
3216 4601 3303 4665 iis,
3334 4601 3425 4671 qui
3467 4600 3759 4655 historiam

2163 4669 2306 4724 exilii
2343 4670 2462 4741 ejus
2482 4670 2744 4741 _cupiuntr
2776 4682 3122 4741 cognoscere.
3157 4669 3366 4736 Paucaz,
3413 4685 3598 4741 ezeque
3630 4673 3759 4724 lon-

2165 4738 2862 4811 giores,’ad0lympiadem,
2894 4740 3034 4811 inter
3059 4741 3288 4809 reliquas
3316 4738 3619 4806 excellunt;
3653 4743 3762 4797 sed

2166 4810 2426 4867 excedunt
2456 4809 2800 4879 epi‘stolarum
2829 4809 3067 4864 modum.
3090 4811 3371 4880 Pleraeque
3397 4823 3452 4868 et
3470 4814 3766 4868 sententiis

2169 4889 2228 4935 et
2250 4881 2424 4936 verbis
2443 4889 2567 4936 sunt
2592 4882 2731 4936 inter
2758 4895 2818 4937 se
2837 4881 3058 4937 similes.
3085 4881 3419 4950 Patheticum,
3437 4883 3578 4955 quod
3605 4885 3766 4954 epis-

2238 5056 2312 5119 (a)
2351 5055 2821 5122 Propterlongjora
2862 5057 3067 5122 exordia
3101 5071 3160 5108 se
3185 5067 3386 5122 excusat
3404 5065 3449 5122 ﬁt.
3475 5066 3553 5122 tu,
3589 5073 3640 5122 p.
3685 5061 3783 5121 8:,

2175 5117 2302 5183 €in
2330 5117 2477 5183 §5,A_;
2496 5133 2544 5181 p.
2573 5117 2776 5183 115,'D;
2795 5135 2843 5183 p.
2869 5119 2976 5178 120,
3001 5129 3066 5180 Α;
3096 5125 3132 5170 t.
3159 5127 3230 5177 Iv,
3257 5135 3302 5183 p.
3326 5121 3438 5180 246,
3463 5120 3515 5177 C,
3543 5117 3604 5172 et'
3625 5121 3689 5170 ali
3708 5117 3787 5174 in.

2262 5180 2310 5241 ὑ)
2337 5180 2420 5236 Iis,
2445 5180 2527 5244 qui
2560 5181 2769 5247 nondum
2782 5180 2974 5247 assueti
2995 5189 3110 5247 sunt
3126 5180 3334 5232 orationi
3351 5183 3695 5247 Chrysostomi,
3732 5183 3782 5232 si

2176 5248 2344 5292 tamen
2370 5243 2632 5310 exegetica
2649 5243 2756 5305 ejus
2779 5245 2830 5292 in
2847 5244 2969 5310 Nov.
2991 5243 3362 5310 _'l‘e_sta_mentum
3389 5243 3568 5310 legere
3592 5246 3730 5310 veliu
3745 5257 3759 5295 ι
3774 5288 3788 5310 ,

2178 5312 2344 5370 auctor
2367 5307 2478 5370 sim,
2499 5313 2553 5355 ut
2575 5307 2977 5370 aeommentario
2989 5307 3037 5355 in
3059 5305 3322 5370 Epistulam
3344 5306 3404 5356 ad
3426 5305 3620 5358 Galatas
3644 5305 3778 5359 inci-'

2180 5369 2333 5439 piant,
2356 5364 2591 5439 desinant.
2608 5366 2658 5417 in
2668 5369 3066 5439 commentarium
3091 5364 3141 5418 i'n
3164 5371 3333 5439 Actus,
3357 5372 3440 5439 qui
3459 5371 3784 5439 estomnium

2181 5428 2387 5494 iniimus.
2422 5429 2595 5494 Minori
2625 5430 2829 5494 quidem
2855 5443 2970 5494 cura
2982 5428 3395 5494 commentarium
3425 5433 3481 5494 in,
3500 5430 3784 5494 Epistolam

2181 5490 2241 5555 ad
2265 5489 2460 5541 Galatas
2483 5489 2779 5555 elaboratum
2801 5491 2918 5555 dicit
2951 5491 3377 5555 Moutefalconius,
3401 5493 3489 5543 sed
3513 5489 3630 5542 cura
3659 5508 3788 5555 pro’

2181 5551 2411 5627 iectoest
2428 5553 2620 5627 eadem,
2643 5554 2868 5627 et‘oratio
2889 5554 3044 5627 multo
3069 5561 3146 5627 est
3163 5551 3465 5627 pressim-et
3475 5551 3785 5627 adstrieiior.
3816 5557 3824 5580 '

2186 5615 2238 5664 in
2265 5615 2669 5677 interpretatione
2693 5615 2807 5665 Vet.
2820 5617 3125 5666 'l‘cstamenti
3135 5615 3228 5667 sibi
3255 5625 3334 5668 est
3352 5615 3785 5676 dissimilior,0ri-

2185 5689 2318 5741 gene
2349 5684 2514 5741 tamen
2552 5677 2704 5727 multo
2735 5679 2988 5741 superior;
3030 5680 3226 5728 tametsi
3265 5678 3370 5734 hic,
3411 5681 3579 5728 nescio
3612 5689 3790 5731 utrum

2185 5739 2341 5802 dicam
2373 5737 2635 5796 liebraice,
2660 5753 2720 5788 an
2744 5737 3004 5797 Hebraica,
3040 5743 3258 5802 apprime
3290 5741 3498 5791 caluisse
3529 5743 3787 5792 credatur.

2187 5799 2425 5911 Equidem
2450 5809 2586 5852 certe
2609 5815 2670 5854 ex
2696 5804 2833 5852 istius
2855 5805 3044 5867 scriptis
3069 5799 3156 5854 hoc
3180 5802 3373 5855 discere
3392 5817 3486 5854 non
3506 5805 3669 5867 potui,
3693 5820 3789 5856 nec:

2237 5875 2298 5911 ne
2326 5875 2415 5911 ius.

2237 5875 2415 5913 uellus.
