3810 6386
466 314 574 378 963

1288 321 1855 380 SUPPLEMENTUM
1888 324 1980 381 AD
2021 326 2079 380 s.
2119 326 2169 381 ι.
2209 289 2712 387 cuuvsosrom
2752 329 3007 388 opem.

3646 338 3733 395 96I

467 442 527 487 ut
549 431 663 488 etii
692 432 785 503 qui
813 432 1062 491 translati
1089 433 1308 491 fuerant
1346 439 1610 505 redirent,
1643 440 1718 494 ait
1741 441 2001 511 propheta

2188 444 2568 509 ποικισθέντας
2591 448 2890 510 ἐπανιέναι,
2906 446 3097 517 λέγειὸ
3120 448 3431 520 προφήτης.
3456 447 3734 520 Είαληθός

473 523 533 578 Si
567 522 681 578 veri
715 527 997 593 prophetas
1034 536 1163 583 sunt
1208 528 1286 596 hi,
1314 539 1371 585 et
1413 530 1557 586 Deus
1602 530 1754 589 misit
1783 532 1924 599 illos,
1962 546 2054 588 oc-

467 622 696 668 currant
738 615 853 682 jam
919 616 1189 684 Domino;
1226 619 1382 689 quasi
1442 619 1700 676 diceret:
1754 621 2054 677 Precentur

466 703 654 769 Deum,
707 719 773 759 ne
812 719 877 759 ea
930 720 1052 776 qua:
1104 710 1444 777 possidemus
1492 711 1856 777 abducantur,
1907 712 2051 780 quod

462 807 593 847 sane
616 793 830 851 facilius
856 806 943 851 est
990 812 1154 867 quam
1187 800 1329 867 quod
1364 798 1398 852 ii
1427 800 1519 870 qui
1556 800 1805 855 translati
1838 800 2051 857 fuerant

465 885 721 949 redeant;
765 895 824 941 ut
854 902 921 942 ex
966 888 1055 943 his
1088 903 1521 960 cognoscamus.
1570 890 1814 946 futurum
1849 891 2053 963 pariter

464 985 521 1029 et
563 975 715 1030 illud.

531 1069 670 1135 Quid
702 1070 806 1125 Sibi
836 1070 951 1125 vult
980 1068 1114 1126 illud
1143 1088 1158 1124 :
1195 1070 1496 1127 Occurrant
1525 1074 1656 1128 mihi
1686 1074 1820 1142 Deo,
1854 1084 1913 1129 ut
1947 1091 2051 1130 non

460 1158 672 1213 veniant
706 1175 832 1214 vasa
853 1159 879 1213 .’
909 1159 1027 1215 Hoc
1075 1169 1158 1217 est
1204 1160 1467 1230 impedire
1492 1161 1685 1229 Deum.
1723 1165 2051 1233 persuadere

461 1248 541 1304 illi
588 1252 884 1307 ostendens
929 1252 1096 1309 etiam
1130 1254 1486 1311 advenientes
1532 1256 1586 1311 in
1637 1273 1926 1314 occursum
1956 1274 2049 1314 ne-

459 1357 741 1413 quaquam
772 1346 916 1400 scire
948 1360 1016 1401 an
1064 1346 1132 1404 ad
1168 1345 1389 1414 bellum,
1425 1363 1492 1402 an
1534 1349 1603 1405 ad
1640 1349 2047 1421 impediendum

458 1430 700 1489 Iudaeos.
742 1433 861 1490 Non
897 1435 1043 1504 dico,
1078 1438 1177 1502 ait,
1211 1449 1271 1491 ut
1305 1441 1671 1509 persuadeant
1700 1442 1887 1499 reduci
1918 1458 2046 1502 vasa

458 1538 579 1593 qua:
609 1532 765 1594 capta
800 1534 957 1594 sunt,
989 1528 1084 1583 sed
1118 1536 1181 1583 ut
1230 1528 1448 1587 valeant
1499 1531 1706 1604 reliqua
1754 1547 1887 1593 vasa
1941 1535 2047 1591 im-

458 1615 669 1685 pedire.

1029 1845 1182 1901 CAP.
1225 1845 1317 1901 XX
1332 1847 1461 1904 VIII.

532 1983 692 2038 Vens.
731 1982 785 2037 5.
830 1981 896 2036 Et
923 1983 1059 2037 dixit
1093 1982 1381 2039 Jeremiua.

526 2075 661 2130 Cum
690 2074 936 2133 Anauias
962 2075 1440 2149 pseudopropheta
1474 2079 1724 2148 dixisset,
1757 2094 1879 2152 post
1904 2084 2041 2142 duos

454 2180 630 2222 annos
670 2164 787 2221 fore
815 2174 871 2223 ut
914 2182 1046 2225 vasa
1078 2182 1237 2225 saera
1287 2185 1319 2226 e
1367 2170 1642 2244 Babylone
1678 2174 2038 2246 referrentur,

454 2259 594 2314 dixit
622 2258 891 2317 Jeremias
914 2270 1172 2318 eventum
1208 2262 1567 2334 probaturum
1595 2268 1867 2325 sermonis
1896 2272 2040 2327 veri-

456 2360 646 2406 tatem.
1796 2366 1799 2367 ⁷

524 2440 689 2497 Vens.
725 2442 779 2499 ϐ.
828 2441 982 2510 Vere,
1014 2452 1125 2500 etc.

519 2532 601 2588 Ne
627 2534 829 2604 putetis
856 2549 944 2591 me
971 2535 1126 2592 vobis
1146 2550 1271 2593 esse
1302 2536 1623 2608 inimicum;
1650 2542 1810 2616 cupio
1835 2558 1956 2615 ego,
1983 2555 2039 2604 et

452 2637 585 2695 rogo
613 2638 725 2678 rem
760 2624 832 2679 ita
860 2638 1004 2693 esse,
1036 2640 1236 2699 meque
1254 2626 1498 2685 mentiri.

522 2806 691 2863 Vens.
733 2806 787 2861 7.
826 2805 1205 2864 Verumtamen
1238 2810 1442 2867 audite.

522 2899 727 2954 Deinde
758 2914 825 2955 ne
848 2916 943 2956 eos
970 2902 1257 2973 segniores
1286 2904 1563 2973 redderet,
1595 2908 1882 2966 considera
1925 2926 2035 2982 quo

447 3000 607 3061 pacto
644 3000 884 3059 terreat,
925 3002 1133 3049 tantum
1170 3012 1276 3051 non
1332 2997 1524 3055 dicens
1571 3000 1707 3056 nihil
1739 3003 1845 3059 tale
1880 3003 2031 3061 futu-

2154 535 2295 588 εἱσιν
2325 530 2470 590 οὗτοι
2500 537 2801 608 προφῆται,
2828 539 2924 593 καὶ
2954 540 3282 594 ἀπέστειλεν
3310 542 3518 605 αὐτοὺς
3541 543 3573 594 ὁ
3596 544 3734 609 Θεὸς,

2153 626 2630 698 ἀπαντησέπωσαν
2659 629 2725 701 δὴ
2774 629 2854 701 τῷ
2890 629 3103 702 Κυρίῳ,
3126 632 3433 697 τουτέστιν,
3469 633 3736 699 debet».

2155 734 2255 771 σαν
2284 720 2422 791 πρὸς
2447 720 2539 775 τὸν
2561 721 2875 788 Θεὸν,ὦστε
2899 724 2968 777 τὰ
2983 724 3114 779 ὄντα
3142 725 3217 797 μὴ
3242 726 3590 797 ἀπαχθῆναι,
3615 728 3738 798 ὅπερ

2152 808 2377 865 εὔκολον
2401 813 2607 884 μᾶλλόν
2632 816 2803 881 ἐστιν,
2830 816 2865 887 ἢ
2890 818 3018 882 τοὺς
3049 819 3486 883 ἀποικισθέντας
3518 821 3738 873 invd-

2153 899 2287 969 Θεῖν,
2313 903 2402 958 ἵνα
2421 905 2533 959 ἀπὸ
2560 905 2769 961 τούτων
2797 908 3043 979 γνῶμεν,
3066 910 3145 975 ὡς
3171 912 3400 967 κάκεῖνο
3421 912 3609 967 ἔσται.

2221 1088 2290 1143 Τί
2340 1091 2489 1144 ἐστιν
2515 1107 2530 1123 ⁸
2574 1093 3136 1162 Ἀπαντησὰτωσάν
3162 1115 3261 1166 μοι
3289 1096 3375 1164 τῷ
3407 1099 3562 1165 Θεῷ,
3596 1098 3735 1155 ὥστε

2144 1182 2232 1251 μὴ
2278 1182 2624 1254 ἀπαχθῆναι
2672 1186 2747 1241 τὰ
2793 1188 3024 1254 auctir);
3050 1188 3312 1244 Τουτέστι
3362 1190 3625 1245 κωλῦσαι
3656 1193 3734 1246 τὸν

2149 1274 2303 1341 Θεὸν,
2332 1279 2519 1331 πεῖσαι
2542 1278 2726 1345 αὐτὸν,
2772 1280 2989 1345 δεικνὺς
3019 1283 3117 1335 καὶ
3146 1285 3265 1337 ἐκεῖ
3287 1282 3353 1336 τὸ
3380 1282 3501 1337 τῶν
3523 1284 3734 1356 εὐχομέι

2148 1386 2257 1422 νων
2304 1368 2479 1442 [forte
2511 1372 2824 1442 ἐρχομένων
2857 1372 2878 1445 ]
2922 1375 3005 1437 είς
3046 1375 3377 1446 ἀπάντησιν,
3420 1376 3647 1447 μήποτε
3667 1380 3732 1439 είς

2148 1462 2387 1532 πόλεμον
2424 1461 2549 1535 [ῑσ.
2610 1465 2752 1536 μήτε
2793 1466 2854 1519 οὐ
2904 1467 2987 1530 είς
3036 1466 3160 1521 πόλ.
3228 1469 3261 1538 ἦ
3287 1468 3371 1531 είς
3393 1468 3463 1521 τὺ
3498 1467 3731 1522 κωλῦσαι

2147 1554 2277 1619 τοὺς
2326 1555 2618 1620 Ἰουδαίους
2669 1557 2923 1612 ἐπελθεῖν
2954 1560 3162 1625 αὐτοῖς.
3220 1562 3296 1615 Οὐ
3328 1560 3504 1629 λέγω,
3554 1563 3730 1633 φησιν,

2146 1646 2231 1700 ὅτι
2267 1648 2625 1703 Πεισάτωσαν
2668 1650 2967 1720 ἀναγαγεῖν
3001 1651 3073 1706 τὰ
3100 1652 3295 1723 σκεύη,
3332 1654 3403 1707 τὰ
3425 1653 3726 1725 ληφθέν-ια’

2146 1738 2532 1811 δυνηθήτωσαν
2555 1740 2623 1794 τὰ
2655 1741 2828 1812 σκεύη
2860 1742 2930 1797 τὰ
2954 1742 3225 1799 ὑπόλοιπα
3252 1743 3533 1798 κωλῦσαι.

2720 1881 2979 1937 ΚΕΦΑΛ.
3017 1883 3154 1936 κη’.

2217 2011 2327 2068 Καὶ
2363 2008 2537 2068 εἶπεν
2574 2013 2874 2085 Ἱερεμίας.

2226 2104 2470 2159 Ἀνανίου
2501 2105 2598 2161 τοῦ
2632 2106 3087 2182 ψευδοπροφήτου
3133 2110 3451 2182 εἰρηκότος,
3496 2111 3581 2175 ὡς
3609 2115 3728 2183 μετὰ

2139 2193 2235 2249 δύο
2274 2195 2370 2268 ἔτη
2415 2199 2818 2272 ὑποστρέφουσι
2844 2198 2914 2255 τὰ
2946 2200 3081 2269 ἅγια
3120 2202 3293 2271 σκεύη
3326 2203 3399 2256 ὲκ
3419 2201 3537 2271 τῆς
3562 2202 3728 2256 Βαϐυ-

2140 2286 2330 2355 λῶνος,
2376 2286 2531 2345 εἷπεν
2558 2294 2587 2346 ὁ
2637 2292 2936 2365 Ἱερεμίας,
2970 2292 3057 2348 ὅτι
3092 2293 3156 2349 τὸ
3197 2294 3379 2366 πέρας
3413 2295 3599 2361 δείξει
3633 2296 3729 2350 τῦν

2138 2377 2316 2448 λόγων
2341 2380 2444 2453 τὴν
2465 2380 2751 2454 ἀλήθειαν.

2222 2471 2497 2541 Ἀληθῶς,
2528 2491 2585 2529 κ.
2618 2493 2671 2529 τ.
2707 2473 2758 2530 λ.

2211 2564 2327 2619 Ἵνα
2358 2565 2435 2637 μὴ
2476 2567 2739 2640 νομίσητε
2760 2609 2777 2634 ,
2808 2568 2892 2623 ὅτι
2919 2566 3033 2639 ἑγὼ
3075 2569 3204 2641 ὑμῖν
3236 2569 3475 2642 πολεμῶ
3494 2588 3513 2603 ο
3557 2571 3727 2643 βούλο-

2138 2673 2241 2726 μαι
2265 2655 2378 2725 ἐγὼ
2400 2657 2498 2712 καὶ
2533 2657 2768 2729 εὔχομαι
2797 2657 2960 2714 τοῦτο
2998 2653 3164 2728 εἶναι,
3190 2660 3288 2717 καὶ
3311 2662 3578 2733 ἐμαυτὸν
3604 2664 3725 2734 ψεύο

2134 2747 2342 2801 δεσθαι.

2201 2837 2377 2906 Πλὴν
2403 2838 2722 2896 ἀκούσατε.

2204 2927 2341 2987 Εῐτα
2371 2932 2459 2985 ἴνα
2502 2933 2578 3003 μὴ
2614 2932 3023 3006 ῥᾳθυμοτέρως
3062 2936 3287 3009 ποιήσῃ,
3316 2938 3425 3011 ὅρα
3468 2938 3600 3003 πῶς
3634 2940 3722 2995 αὖ-

2129 3023 2257 3087 τοὺς
2285 3022 2472 3092 φοόεῖ,
2502 3026 2787 3096 μονονουχὶ
2823 3024 3018 3095 λέγων,
3045 3028 3128 3081 ὅτι
3154 3027 3309 3081 οὐδὲν
3361 3029 3533 3083 ἔσται
3558 3030 3721 3084 τοιοῦ-

450 3098 606 3147 rum;
641 3093 696 3139 et
754 3086 1080 3154 ostendens,
1130 3102 1321 3143 omnes
1367 3093 1659 3161 prophetas
1700 3097 1792 3166 qui
1851 3098 2020 3156 tristia

2188 3133 2268 3183 bV,
2316 3116 2413 3169 καὶ
2464 3116 2717 3182 δεικνὺς,
2763 3118 2847 3173 ὅτι
2895 3118 3099 3184 πάντες
3139 3120 3190 3174 οί
3219 3121 3517 3191 προᾷιται
3572 3126 3625 3177 οἱ
3665 3126 3722 3178 τὰ

448 3174 804 3243 denuntiant,
840 3177 1075 3234 maxime
1100 3194 1224 3236 esse
1252 3196 1496 3239 veraces.

515 3266 680 3322 Vnus.
711 3267 763 3323 9.
808 3268 876 3322 Et
906 3269 1028 3324 tulit
1064 3270 1306 3327 Ananiae
1336 3277 1786 3347 pseudopropheta
1824 3282 1881 3338 in
1906 3301 2033 3339 con-

444 3368 623 3427 spectu
678 3361 851 3415 omnia
904 3364 1087 3431 populi
1115 3376 1279 3420 vectes
1325 3367 1390 3421 de
1429 3368 1567 3425 collo
1610 3371 1858 3431 Ieremia:
1902 3394 2030 3448 pro-

444 3448 633 3519 pheta,
660 3460 713 3505 et
745 3455 992 3507 contrivit
1016 3470 1126 3509 eos.
1161 3452 1229 3511 Et
1253 3472 1375 3527 qua:
1401 3469 1723 3530 sequuntur.

512 3629 777 3689 Jcremias
826 3634 879 3688 in
924 3635 1062 3690 collo
1106 3634 1294 3707 jugum
1352 3651 1599 3709 portans,
1660 3652 1717 3698 ut
1763 3644 1839 3700 illi
1885 3645 2028 3702 Deus

441 3732 797 3793 pra-ceperat,
843 3735 1035 3781 contra
1069 3738 1257 3797 gentes
1295 3731 1663 3803 vaticinatus;
1696 3737 2026 3794 vaticinatus

439 3823 528 3869 est
554 3825 609 3868 ct
641 3824 831 3869 contra
862 3814 1184 3873 Jerusalem.
1216 3820 1345 3876 Erat
1374 3832 1554 3879 autem
1588 3834 1817 3895 quartus
1848 3844 2026 3885 annus

442 3903 707 3972 Sedeciaa,
740 3916 798 3960 ut
818 3907 1044 3976 ipsemet
1075 3912 1272 3965 asserit
1299 3914 1581 3984 propheta.
1610 3915 1813 3984 Quinto
1839 3921 2026 3993 itaque

443 4009 631 4050 mense
674 3995 835 4065 hujus
866 4000 991 4055 anni
1021 3999 1264 4058 Ananias
1305 4008 1773 4079 pseudopropheta
1823 4013 1876 4068 in
1912 4030 2022 4071 me-

440 4084 592 4139 dium
623 4098 894 4153 proruens
946 4090 1285 4159 captivorum
1320 4094 1727 4152 vaticinabatur
1765 4103 2020 4172 reditum,

440 4172 985 4237 Nabuchodonosoris
1010 4181 1313 4251 interitum,
1338 4194 1413 4253 et,
1441 4188 1554 4243 haec
1573 4191 1729 4261 quasi
1759 4192 1850 4249 Dei
1865 4193 2020 4265 jussu

436 4267 678 4335 faceret,
706 4272 965 4329 contrivit
1006 4273 1219 4345 jugum.
1255 4274 1393 4333 Tum
1426 4279 1719 4351 subjicitur
1772 4282 2022 4344 Jeremiae

436 4360 698 4416 revelatio
732 4374 920 4419 contra
968 4365 1144 4434 illum,
1193 4378 1250 4424 et
1283 4371 1548 4428 revelatio
1575 4374 1858 4433 veritatem
1888 4393 2019 4435 con-

437 4448 662 4507 ﬁrmans
689 4467 899 4520 eorum,
930 4470 1051 4527 quae
1094 4459 1394 4529 prtehabita
1436 4461 1624 4530 fuere;
1670 4465 1747 4520 ait
1777 4467 1921 4523 enim
1949 4469 2017 4525 ad

433 4557 555 4597 euut
589 4561 604 4599 ἶ

502 4727 797 4787 Considera
824 4742 1071 4803 peccata,
1097 4738 1557 4805 reprehensiones
1592 4745 1645 4799 in
1683 4747 1840 4802 nobis
1866 4762 2008 4804 esse.

429 4818 573 4888 Quid
607 4820 773 4893 igitur
800 4820 1110 4880 Jeremiasi
1140 4826 1224 4880 Nil
1257 4829 1415 4897 plane
1438 4832 1572 4902 egit,
1595 4849 1717 4891 cum
1745 4836 2014 4893 suliieieu-

434 4922 545 4967 tem
582 4915 1071 4983 reprehensionem
1100 4923 1472 4989 exposuisset.

498 5001 666 5059 Vens.
700 5004 790 5061 15.
830 5003 949 5062 Hoc
1003 5025 1144 5064 anno
1192 5023 1248 5066 tu
1285 5015 1528 5069 morieris
1558 5015 1654 5088 (tu
1688 5019 1924 5077 vindicta
1958 5025 2011 5079 in

430 5108 557 5150 eum
586 5092 775 5167 facta),
797 5095 922 5166 quia
951 5113 1007 5153 ea
1038 5096 1243 5156 locutus
1277 5113 1459 5159 contra
1494 5104 1797 5163 Dominum.

499 5183 615 5242 Hoc
647 5195 735 5242 est
760 5189 1098 5248 contrarium
1133 5192 1397 5250 voluntati
1431 5194 1669 5267 Domini,
1700 5210 1755 5257 et
1788 5205 1966 5261 subdit
1993 5224 2007 5260 :

503 5387 668 5447 Vens.
706 5391 794 5448 16.
824 5393 894 5449 Et
922 5406 1161 5453 mortuus
1190 5410 1264 5455 est
1294 5402 1535 5460 Ananiae
1557 5407 2007 5481 pseudopmplleta

426 5479 487 5536 ῖιι
520 5497 662 5537 anno
694 5483 787 5538 illo
818 5495 938 5553 post
969 5486 1103 5543 duo;
1138 5506 1339 5548 mentea
1374 5492 1686 5553 Sermonum
1717 5479 2003 5573 prophetat.

500 5664 601 5725 Bis
648 5684 777 5729 vero
823 5674 1092 5744 peractis,
1126 5677 1319 5736 scribit
1365 5677 1632 5741 Jeremias
1677 5689 1747 5743 ad
1776 5701 1872 5746 eos
1912 5691 2004 5761 qui

421 5768 581 5815 erant
607 5762 663 5818 in
711 5766 1207 5840 transmigratione,
1244 5772 1384 5830 sicut
1421 5778 1680 5850 praecepit
1714 5780 1793 5837 illi
1824 5782 1961 5840 Deus
1983 5824 1999 5850 .

2133 3206 2354 3278 λυπηρὰ
2381 3207 2655 3278 λέγοντες,
2684 3202 2831 3265 οὗτοι
2860 3210 3097 3282 μάλιστα
3126 3206 3270 3284 ἦσαν
3290 3213 3552 3284 ἀληθεῖς.

2204 3302 2222 3319 ⁹
2288 3300 2403 3354 Καὶ
2467 3301 2690 3354 ἐλαϐεν
2780 3302 3054 3369 Ἀνανίας
3113 3306 3148 3358 ό
3206 3303 3722 3377 ψευδοπροφήτης

2129 3391 2338 3447 ἔναντι
2383 3391 2612 3460 παντὸς
2651 3392 2760 3448 τοῦ
2807 3394 2963 3451 λαοῦ
3014 3395 3158 3464 τοὺς
3181 3400 3433 3467 κλοιοὺς
3453 3401 3590 3458 ἀπὸ
3625 3404 3721 3459 τοῦ

2130 3483 2438 3554 τραχήλου
2486 3483 2769 3555 Ἱερεμίου
2798 3486 2903 3542 τοῦ
2928 3487 3261 3558 προφήτου,
3295 3492 3401 3546 καὶ
3426 3494 3722 3565 συνέτρι-

2128 3580 2252 3645 ψεν
2283 3575 2526 3642 αὐτοὺς,
2557 3576 2654 3631 καὶ
2674 3577 2746 3630 τὰ
2778 3576 2927 3648 ἑξῆς.

2209 3667 2269 3721 '0
2312 3667 2583 3739 Ἱερεμίας
2614 3667 2706 3722 τὸν
2739 3668 2904 3738 ζυγὸν
2944 3670 3038 3724 ἐπὶ
3074 3670 3168 3726 τοῦ
3212 3677 3504 3748 τραχήλου
3542 3679 3719 3752 φέρων

2127 3759 2272 3814 κατὰ
2302 3760 2365 3814 τὸ
2421 3761 2517 3815 τοῦ
2564 3761 2703 3816 Θεοῦ
2744 3763 3099 3837 πρόσταγμα,
3133 3770 3544 3840 προφητεύσας·
3587 3778 3719 3828 κατά

2123 3853 2235 3907 τῶν
2286 3852 2460 3908 ἐθνῶν
2502 3857 2881 3927 προεφήτευσε
2930 3858 3029 3912 καὶ
3086 3859 3230 3914 κατὰ
3272 3862 3376 3935 τῆς
3434 3863 3716 3938 ἰερουσαο

2124 3944 2189 4016 λή
2200 3963 2259 4016 μ.
2307 3940 2417 4000 Ἶίν
2462 3947 2520 4001 δὲ
2544 3947 2806 4020 τέταρτον
2848 3948 2969 4015 έτος
2996 3950 3093 4006 τοῦ
3126 3953 3405 4023 Σεδεκίου,
3437 3956 3527 4022 ὡς
3559 3961 3714 4024 αὐτὸς

2122 4035 2153 4088 ὁ
2212 4038 2502 4111 προφήτης
2554 4038 2725 4109 λέγει.
2794 4041 2884 4094 Ἐν
2925 4041 3109 4097 τοίνυν
3164 4044 3243 4116 τῷ
3288 4047 3548 4121 πέμπτῳ
3590 4053 3713 4121 μηνὶ

2121 4127 2314 4184 τούτου
2344 4131 2440 4184 τοῦ
2476 4131 2630 4197 ἔτους
2681 4134 2933 4200 Ἀνανίας
2964 4139 2994 4191 ὁ
3027 4136 3499 4214 ψευδοπροφήτης
3545 4143 3713 4198 ἐλθὼν

2123 4219 2362 4292 ἐμήνυεν
2416 4221 2571 4277 ἄοδον
2626 4222 2756 4297 [Ion
2804 4225 3029 4300 ἄνοδον]
3084 4227 3193 4281 τῶν
3231 4231 3713 4302 αἰχμαλωτισθέν-

2291 4314 2503 4368 καὶτοῦ
2533 4315 3009 4392 Ναϐουχοδονόσορ
3041 4320 3341 4389 ἀπώλειαν,
3374 4328 3501 4393 καὶ,
3542 4328 3626 4393 ὡς
3655 4328 3714 4399 δή

2118 4404 2263 4458 κατὰ
2296 4407 2631 4480 πρόσταγμα
2662 4409 2800 4464 Θεοῦ
2844 4410 3035 4479 ποιῶν,
3071 4414 3362 4487 συνέτριψε
3391 4417 3493 4471 τὸν
3527 4419 3707 4489 ζυγόν.

2048 4516 2093 4572 ι)
2121 4493 2258 4553 Εἶτα
2298 4502 2423 4555 κατ’
2484 4502 2653 4557 αὑτοῦ
2707 4503 3056 4576 ἀποκάλυψις
3104 4505 3202 4560 τοῦ
3263 4506 3577 4581 Ἱερεμίου,
3625 4514 3710 4567 καὶ

2117 4589 2461 4663 ἀποκάλυψις
2511 4595 2615 4665 τῆς
2664 4596 2942 4676 ’ἀληθείας
2987 4597 3098 4653 τῶν
3153 4599 3327 4669 λόγων
3351 4619 3366 4632 ·
3403 4606 3559 4676 φησι
3613 4606 3707 4675 γὰρ

2117 4683 2254 4753 πρὸς
2283 4684 2467 4742 αὐτόν.
2664 4668 2671 4677 ’

2189 4774 2336 4846 Ὅρα.
2378 4780 2509 4851 παρ’
2537 4780 2671 4851 ἡμῖν
2725 4779 2794 4833 τὰ
2827 4780 3228 4853 ἁμαρτήματα,
3262 4786 3393 4849 τοὺς
3421 4788 3704 4860 ἐλέγχους.

2115 4867 2181 4920 Τί
2202 4863 2295 4922 οὖν
2315 4870 2345 4923 ὁ
2387 4869 2691 4942 Ἱερεμίας;
2719 4872 2888 4926 Οὐδὲν
2917 4873 3079 4928 πλέον
3105 4876 3383 4946 ἐποίησεν,
3421 4880 3705 4951 ἀρκοῦντα

2112 4961 2205 5015 τὸν
2232 4961 2455 5036 ἔλεγχον
2480 4964 2915 5038 ἐπιδειξάμενος.

2185 5054 2202 5071 ⁹
2238 5054 2432 5119 Τούτῳ
2468 5052 2546 5121 τῷ
2566 5054 2819 5123 ἐνιαυτῷ
2839 5057 2924 5112 σὺ
2945 5058 3220 5128 ἀποθανῇ
3277 5061 3393 5131 (ὅτε
3419 5065 3704 5140 ἐκδίκησιν

2113 5144 2381 5217 ἐποίησας
2411 5146 2607 5220 αὐτῷ),
2631 5149 2920 5219 λαλήσας
2932 5153 3083 5221 πρὸς
3108 5152 3216 5207 τὸν
3239 5156 3492 5224 Κύριον.

2183 5235 2476 5322 Τουτιέστιν
2515 5240 2767 5293 ἐναντίαν
2802 5244 2866 5313 τῇ
2901 5241 3067 5317 βουλῇ
3116 5245 3211 5299 τοῦ
3260 5247 3402 5302 Θεοῦ
3425 5286 3441 5311 ,
3478 5252 3588 5306 καὶ
3614 5255 3703 5308 ἑπ-

2114 5323 2237 5395 ἅγει
2255 5343 2268 5356 ·

2180 5419 2292 5477 Καὶ
2324 5420 2625 5477 ἀπέθανεν
2683 5425 2952 5495 Ἁνανίας
2989 5430 3025 5484 δ
3068 5429 3606 5506 ψευδοπροφήτης
3643 5439 3703 5493 ἐν

2107 5510 2190 5579 τῷ
2217 5512 2474 5579 ἐνιαυτῷ
2505 5514 2719 5585 ἐκείνῳ
2759 5519 2831 5574 ὲν
2865 5519 2952 5587 τῷ
2969 5522 3120 5592 μηνί
3146 5523 3378 5596 ἑϐδόμῳ
3408 5532 3577 5599 μετὰ
3602 5532 3701 5585 δύο

2101 5602 2306 5673 μῆνας
2332 5604 2453 5658 τῶν
2477 5607 2679 5678 λόγων
2703 5608 2810 5664 τοῦ
2835 5611 3164 5683 προφήτου.

2177 5696 2398 5753 Τούτων
2445 5698 2503 5753 δὲ
2549 5701 2861 5773 γενομένων
2917 5706 3121 5777 γράφει
3160 5709 3190 5762 ὀ
3243 5710 3529 5784 Ἱερεμίας
3565 5720 3697 5771 κατὰ

2106 5788 2439 5864 πρόσταγμα
2489 5790 2627 5848 Θεοῦ
2698 5796 2838 5867 πρὸς
2898 5798 3026 5863 τοὺς
3093 5802 3153 5856 ἐν
3212 5807 3280 5875 τῇ
3322 5808 3567 5882 ἀποικία
3627 5812 3695 5881 μὴ
