3810 6402
109 341 216 400 963

1141 320 1144 323 ’
1195 333 1623 393 FRAGMENTA
1664 334 1730 388 us
1761 309 2140 394 iuuentam.

3267 349 3374 405 966

108 453 418 510 ἀπατᾶσθαι
450 454 565 515 τοῖς
597 451 851 522 λέγουσιν
877 452 1064 516 αὐτοῖς
1085 491 1100 514 ,
1134 451 1422 506 ἐπανιέναι
1443 465 1457 480 ·
1487 448 1685 504 εἰδέναι

1848 463 1865 504 3
1895 450 2085 508 sinant
2115 451 2178 509 se
2209 453 2382 525 decipi
2419 469 2448 510 a
2496 457 2915 525 praedicenlibus
2965 453 3234 526 reditum;
3263 461 3376 517 imo

106 547 162 600 δὲ
188 545 265 610 ὡς
289 546 384 599 καὶ
413 546 463 599 οῖ
491 546 552 598 ὲν
580 545 648 616 τῇ
671 545 742 616 γῇ
773 539 929 607 αὖθις
961 543 1474 614 ἀποικισθήσονται.

699 769 952 824 ΚΕΦΛΛ.
994 769 1124 824 ΚΘ’.

173 908 284 964 Καὶ
311 903 477 964 οὗτοι
510 909 566 962 oi
596 909 787 977 λόγοι.

175 1001 332 1065 Τίνος
369 996 463 1054 οὖν
491 1000 703 1063 ἕνεκεν,
730 998 882 1063 εἰπὲ,
922 999 1135 1078 πέμπει
1173 998 1274 1052 καὶ
1297 998 1435 1072 πρὸς
1471 998 1599 1063 τοὺς
1629 999 1688 1054 έν

107 1095 424 1160 Βαϐυλῶνι;
455 1093 548 1165 Μὴ
586 1093 697 1163 γὰρ
731 1093 833 1146 οὐκ
876 1088 1024 1163 εῑχον
1070 1093 1190 1146 ἐκεῖ
1233 1091 1327 1148 τὸν
1379 1093 1686 1166 ἰεζεκιήλς

105 1188 171 1242 Τί
206 1187 457 1260 βούλεται
486 1187 584 1241 καὶ
635 1185 776 1257 αὕτη
831 1187 866 1257 ή
909 1186 1213 1256 ὲπιστολής
1255 1185 1320 1239 ἐκ
1365 1185 1690 1255 περιουσίας

104 1281 338 1348 γίνεται.
384 1277 604 1350 Ἐπειδὴ
629 1277 740 1350 γὰρ
783 1277 933 1342 είκδς
959 1273 1030 1349 ἦν
1053 1278 1252 1340 αὐτοὺς
1277 1277 1373 1344 καὶ
1394 1279 1692 1349 αἰδεσιμῶ·

102 1389 263 1444 τερον
317 1371 557 1442 νομίζειν
593 1371 691 1425 καὶ
718 1370 813 1424 τὸν
845 1369 954 1424 ἀπὸ
980 1370 1076 1423 τοῦ
1121 1367 1273 1436 ναοῦ,
1321 1369 1419 1423 xai.
1453 1369 1545 1423 τὸν
1579 1369 1691 1424 ἀπὸ

103 1463 208 1517 τῶν
240 1464 413 1532 ἁγίων
442 1462 698 1532 λέγοντα,
729 1461 989 1533 σημαίνει
1050 1460 1232 1514 τοῦτο.
1271 1460 1421 1514 ΙἈλλ’
1464 1461 1568 1532 ὅρα
1613 1461 1690 1515 δι-

104 1554 497 1627 εστραμμένην
522 1555 745 1610 κακίαν.
789 1551 1098 1616 Κὰκείνους
1138 1552 1257 1606 ἐκεῖ
1294 1549 1603 1625 διέφθειρον
1638 1553 1690 1606 οἱ

101 1647 570 1718 ψευδοπροφῆται.

170 1741 188 1760 ⁶
229 1738 383 1795 Ἰδοὺ
403 1738 520 1809 ἐγὼ
548 1737 722 1792 δώσω
750 1735 910 1806 ὑμᾶς
930 1735 1020 1802 εις
1061 1735 1269 1804 χεῖρας
1309 1735 1690 1803 Ναϐουχοδο-

99 1833 288 1900 νόσορ
311 1831 620 1897 βασιλέως
646 1828 1030 1894 Βαϐυλῶνος,
1072 1827 1169 1880 καὶ
1198 1825 1270 1881 τὰ
1301 1826 1453 1898 ἑξῆς.

171 1917 332 1977 Οὗτοι
377 1921 827 1993 ψευδοπροφῆται
883 1915 1048 1992 ἦσαν,
1092 1919 1190 1973 καὶ
1243 1919 1340 1974 τοῦ
1416 1919 1684 1991 Ἰερεμίου

103 2014 242 2084 μετὰ
260 2014 353 2068 τὸν
380 2014 613 2068 θάνατον
651 2013 747 2066 τοῦ
789 2011 1012 2066 Ἀνανία
1049 2009 1364 2083 γράψαντος
1391 2011 1684 2084 ἐπιστολὴν

101 2106 333 2176 ἔχουσαν
362 2105 465 2178 τὴν
496 2103 751 2174 δύναμιν,
787 2104 854 2176 ήν
891 2107 1158 2176 προεῖπεν
1195 2105 1338 2176 πρὸς
1368 2103 1498 2168 τοὺς
1523 2102 1582 2156 ὲν
1614 2104 1682 2174 τῇ

99 2198 352 2270 ἀποικίᾳ,
375 2195 447 2250 τὰ
488 2194 709 2251 ἐναντία
735 2197 1136 2268 προεφήτευον.
1157 2193 1325 2265 Λέγει
1351 2194 1531 2250 τοίνυν
1559 2193 1684 2250 κατ’

98 2287 328 2345 αὐτῶνό
354 2287 490 2352 Θεὸς
525 2288 615 2342 διὰ
645 2284 743 2340 τοῦ
778 2285 1089 2360 προφήτου,
1123 2286 1218 2340 καί
1249 2303 1408 2358 φησι.

179 2378 314 2435 Ἐπὶ
353 2378 556 2450 Ἀχιὰϐ
585 2379 683 2434 καὶ
708 2377 811 2433 ἐπὶ
839 2378 1145 2434 Σεδεκίαν.

179 2471 239 2524 '0
272 2469 384 2542 γὰρ
412 2469 652 2535 ἀκούων,
673 2470 756 2536 τίς
786 2472 816 2524 ὁ
849 2469 1042 2541 Ἀχιὰὸ
1063 2470 1158 2524 καὶ
1184 2471 1271 2535 τίς
1305 2469 1392 2542 εἴη
1421 2470 1455 2524 ὁ
1485 2469 1684 2542 δύσμο-

100 2577 189 2632 ρος
213 2555 372 2626 οὗτος
412 2562 440 2616 ὀ
471 2560 960 2631 ἀποτηγανισθεὶς,
994 2561 1265 2631 ἐμάνθανε
1297 2562 1388 2616 καὶ
1407 2562 1510 2634 τὴν
1546 2581 1684 2635 προ-

98 2653 352 2723 φητείαν,
374 2651 560 2706 καὶτὰ
585 2651 962 2724 ἁμαρτήματα
983 2653 1162 2706 αὐτῶν
1188 2653 1257 2707 τὰ
1284 2652 1676 2724 κεκρυμμένα.

165 2769 186 2790 ⁶
214 2769 297 2822 Δι’
321 2767 402 2836 ἢν
415 2767 717 2835 ἐποίησαν
737 2767 998 2837 ἀνομίαν
1016 2767 1086 2821 ἐν
1113 2767 1382 2837 Ἰσραὴλ,
1399 2766 1502 2824 καὶ
1523 2767 1684 2839 ἐμοι-

95 2857 292 2928 χῶντο
319 2859 425 2925 τὰς
443 2859 735 2927 γυναῖκας
763 2856 887 2912 τῶν
921 2857 1215 2912 πολιτῶν.

178 2949 446 3014 Ἀκούσας
469 2951 576 3022 γὰρ
609 2951 638 3003 ὁ
673 2947 1015 3012 Βαόυλώνιος
1043 2948 1220 3004 ταῦτα
1253 2947 1438 3017 λέγειν
1461 2948 1682 3018 αὐτοὺς,

96 3043 426 3106 ἀποστείλας
449 3044 800 3113 παρέστησεν
829 3043 912 3106 είς
940 3041 1043 3113 τήν
1089 3041 1416 3110 Βαϐυλῶνα,
1457 3043 1556 3097 καὶ
1577 3059 1683 3115 τη-

1789 541 1991 608 sciant,
2045 547 2529 617 transmigraturos
2566 557 2621 604 et
2645 565 2740 606 eos
2782 551 2876 621 qui
2907 551 3088 608 adhuc
3120 564 3281 610 erant
3318 553 3373 610 in

1788 634 1992 702 putria.

2388 739 2546 831 CAP.
2591 778 2783 838 χχιχ.

1859 903 2026 962 Vsus.
2065 905 2115 960 l.
2151 909 2221 960 Et
2247 905 2358 961 lucc
2380 917 2502 962 sunt
2533 897 2686 964 verba
2711 911 2855 968 libri.

1855 995 1992 1061 Cur,
2029 997 2288 1064 obsecro,
2323 1000 2518 1056 scribit
2543 1012 2598 1056 et
2629 1004 2698 1057 ad
2732 1003 2853 1060 illos
2886 1006 2980 1076 qui
3005 1007 3059 1062 in
3091 1007 3372 1080 Babylone

1788 1087 1986 1142 erant?
2010 1082 2149 1142 Num
2181 1090 2258 1144 ibi
2286 1089 2626 1148 Ezechielem
2651 1110 2756 1150 non
2783 1095 3080 1153 habebant?
3095 1100 3239 1168 Quid
3267 1104 3370 1158 sibi

1769 1179 1980 1234 volunt
2023 1191 2078 1234 et
2107 1181 2188 1236 lue
2223 1182 2460 1238 litterae?
2493 1199 2559 1240 ex
2591 1185 2887 1241 abundanti
2923 1187 3002 1244 ﬁt.
3067 1189 3202 1245 Nam
3239 1192 3368 1261 quia

1789 1287 1886 1341 par
1919 1279 2040 1326 erat
2073 1287 2168 1328 eos
2199 1274 2252 1328 in
2287 1275 2481 1346 majori
2505 1278 2861 1334 veneratione
2895 1281 3094 1336 habere
3123 1297 3246 1336 eum
3276 1283 3371 1352 qui

1788 1377 1819 1415 e
1849 1363 2046 1432 templo
2068 1373 2124 1419 et
2173 1368 2486 1422 sanctuario
2506 1369 2857 1439 loquebatur,
2881 1373 2984 1428 hoc
3009 1371 3234 1428 indicat.
3261 1375 3372 1430 Sed

1785 1455 2075 1510 considera
2108 1471 2424 1526 perversam
2451 1461 2740 1532 malitiam,
2765 1463 2840 1518 ibi
2859 1465 3028 1520 etiam
3056 1465 3179 1521 illos
3207 1480 3372 1536 pseu-

1788 1545 2140 1616 dopropheta:
2163 1558 2554 1618 corruperant.

1861 1725 2025 1785 Vens.
2056 1729 2146 1785 2|.
2194 1729 2332 1786 Ecce
2371 1749 2466 1802 ego
2498 1734 2708 1789 tradam
2746 1752 2836 1791 vos
2875 1734 2930 1790 in
2956 1754 3146 1792 manus
3181 1737 3371 1794 Nabu-

1789 1817 2120 1875 chodonosor
2159 1823 2298 1891 regis
2353 1822 2664 1894 Babylonis,
2697 1835 2753 1880 et
2785 1842 2904 1896 quae
2927 1839 3255 1897 sequuntur.

1861 1909 1926 1965 lii
1962 1921 2124 1967 erant
2155 1911 2277 1970 falsi
2315 1917 2612 1986 pr0pbetze,
2649 1927 2702 1972 et
2743 1933 2866 1972 cum
2923 1917 3194 1976 Jeretnias
3246 1929 3370 1992 post

1787 2001 2014 2059 Ananiae
2093 2003 2302 2061 obitum
2355 2006 2597 2063 misisset
2649 1995 2938 2079 epistolam
2988 2012 3368 2068 continentem

1786 2107 1850 2147 ea
1878 2108 2002 2164 qua
2036 2093 2154 2165 ipse
2185 2098 2253 2151 ad
2293 2111 2390 2153 eos
2421 2098 2514 2168 qui
2573 2098 2628 2154 in
2670 2101 3156 2171 lransmigratione
3185 2112 3367 2168 erant,

1787 2187 2138 2256 praedixerat,
2184 2188 2220 2243 ii
2257 2191 2534 2246 contraria
2578 2189 3042 2248 vaticinabantur.
3090 2191 3234 2251 Dicit
3263 2195 3370 2251 ita-

1785 2295 1890 2350 que
1929 2280 2073 2337 Deus
2102 2291 2296 2338 contra
2319 2299 2413 2341 eos
2443 2301 2542 2356 per
2596 2285 2919 2356 prOphetam
2945 2293 3005 2342 et
3029 2285 3106 2342 ait
3139 2302 3156 2341 :

1855 2370 2032 2442 Super
2056 2372 2260 2426 Achiab
2287 2383 2339 2428 et
2365 2390 2523 2442 super
2550 2373 2846 2432 Sedeciam.

1860 2465 1962 2530 Qui
2011 2464 2158 2519 enim
2204 2465 2484 2531 audiebat,
2514 2467 2772 2536 quisnam
2799 2468 2968 2525 fuerit
3004 2468 3095 2526 hic
3122 2468 3360 2538 Achiab,

1783 2553 2014 2624 quisque
2047 2551 2214 2612 fuerit
2237 2554 2424 2612 infelix
2478 2557 2570 2612 hic
2622 2555 2842 2628 frictus,
2910 2570 2965 2618 et
3023 2561 3369 2632 prophetiam

1783 2645 2120 2711 addiscebat,
2149 2655 2206 2702 et
2234 2655 2456 2717 peccata
2484 2661 2676 2703 eorum
2703 2650 2940 2705 occulta.

1859 2756 2020 2814 Vsus.
2049 2759 2140 2816 23.
2181 2759 2287 2816 Pro
2315 2777 2376 2816 es
2405 2762 2548 2832 quod
2577 2761 2812 2832 fecerunt
2835 2765 3172 2836 iniquitatem
3194 2765 3254 2821 in
3283 2765 3370 2820 ls-

1784 2848 1916 2916 rael,
1939 2858 1990 2904 et
2018 2851 2414 2908 ntcchabantur
2439 2869 2631 2910 mres
2657 2855 2876 2914 civium.

1854 2939 1990 2995 Cum
2017 2943 2168 2998 'enim
2203 2942 2532 3016 Babylonius
2570 2945 2938 3004 intellexisset
2962 2948 3081 3004 haec
3115 2963 3212 3005 eos
3241 2963 3372 3018 pro-

1786 3031 1950 3098 ferre,
1985 3031 2318 3105 Babylonem
2345 3035 2636 3092 transferri
2678 3039 2919 3105 curavit,
2951 3048 3009 3094 et
3061 3037 3255 3096 frictos
3285 3040 3372 3095 in-

95 3136 328 3207 γανίσας
356 3137 669 3190 ἀπέκτεινε.
700 3137 774 3188 Τὸ
800 3134 879 3198 δὲ,
903 3133 1232 3204 ἐμοιχῶηο
1257 3133 1367 3200 τὰς
1389 3134 1684 3204 γυναῖκας

1848 3124 2029 3178 remit.
2069 3122 2226 3190 Illud,
2282 3125 2678 3183 matchabantur
2747 3145 2942 3185 uxores
2979 3130 3198 3198 ciuium,
3256 3131 3370 3187 He-

95 3225 214 3280 τῶν
263 3225 552 3290 πολιτῶν,
615 3227 645 3279 ὁ
687 3225 964 3296 Ἐϐραῖος.
1009 3225 1126 3281 τῶν
1171 3225 1426 3295 ἑταίρων
1470 3226 1682 3290 αὐτοῦ,

96 3319 228 3388 ἔχει.
267 3317 378 3371 Καὶ
424 3315 538 3386 ἐγώ
565 3318 683 3386 εἰμι
728 3318 762 3370 ό
794 3315 1090 3386 τνώστης,
1126 3314 1227 3370 καὶ
1250 3315 1505 3385 μάρτυς,
1530 3316 1686 3386 φησι

98 3411 344 3480 Κύριος.
372 3408 690 3474 Τουτέστιν,
719 3407 757 3462 ἃ
805 3407 991 3478 κρυφῆ
1026 3407 1298 3477 πράττετε
1328 3407 1686 3472 λανθάνοντες

98 3503 223 3564 τοὺς
291 3500 542 3564 πολλοὺς,
590 3499 768 3555 ταῦτα
804 3498 917 3571 ὁρῶ
967 3495 1079 3568 ἐγὼ
1136 3498 1233 3553 καὶ
1281 3499 1686 3572 είσπράττομαι

99 3594 243 3662 ὑμᾶς
272 3591 372 3660 τὴν
405 3589 583 3659 δίκην.

165 3681 281 3736 Kal
314 3680 466 3750 πρὸς
495 3678 756 3750 Σαμέαν.

165 3773 336 3842 Λέγει
386 3771 446 3826 δὲ
486 3771 686 3826 καὶτὰ
732 3768 1131 3842 συμϐησόμενα
1179 3769 1261 3835 είς
1294 3768 1394 3834 τὰς
1419 3771 1688 3842 γυναῖκας

97 3882 305 3920 αυτιυν.

167 3981 392 4050 Κύριος
419 3977 609 4034 ἔδωκέ
649 3995 725 4034 σε
749 3977 930 4047 ἱερέα.

167 4073 233 4126 Τί
262 4067 380 4137 οὖν,
407 4071 502 4125 καὶ
543 4070 720 4141 τούτῳ
749 4070 830 4140 τῷ
889 4067 1080 4140 Σαμέᾳ
1113 4065 1326 4139 πέμπει
1353 4067 1684 4138 προφήτηνς

1788 3210 1986 3280 bruus,
2014 3213 2307 3268 amicorum
2335 3232 2576 3282 suorum,
2609 3219 2758 3290 legit.
2789 3218 2858 3274 Et
2883 3235 2979 3290 ego
3009 3237 3292 3291 cognosco,
3317 3233 3368 3279 et

1787 3311 1977 3368 testor,
2009 3305 2085 3358 ait
2121 3303 2404 3363 Dominus.
2434 3305 2550 3364 Hoc
2585 3317 2708 3373 est,
2745 3325 2868 3380 qua:
2899 3310 3040 3367 clam
3073 3313 3372 3383 multisque

1787 3396 2164 3453 nescientibus
2188 3399 2532 3470 operamini,
2561 3401 2680 3459 haec
2709 3417 2813 3473 ego
2856 3404 3036 3472 video,
3067 3415 3124 3462 et
3151 3419 3182 3460 a
3212 3406 3373 3462 vobis

1787 3504 1977 3561 pinnas
1993 3505 2254 3562 exposco.

1859 3675 2026 3732 Vens.
2053 3678 2147 3733 24.
2181 3677 2246 3733 Et
2274 3679 2347 3734 ad
2376 3677 2656 3735 Sameam-

1858 3773 1950 3826 Ait
1976 3786 2194 3842 quoque
2225 3788 2349 3842 qua:
2399 3773 2664 3829 uxoribus
2712 3773 2943 3828 illorum
2980 3783 3167 3830 essent
3203 3790 3373 3832 even-

1791 3872 1935 3920 tura.

1854 3980 2024 4036 Vens.
2062 3981 2156 4036 26.
2187 3979 2446 4036 Dominus
2475 3979 2616 4034 dedit
2647 3991 2697 4034 te
2723 3981 3071 4037 sacerdotem.

1868 4070 2008 4138 Quid
2041 4070 2208 4140 igitur
2229 4077 2284 4126 et
2309 4070 2379 4124 ad
2409 4069 2667 4126 Sameam
2701 4071 2853 4138 hunc
2885 4073 3209 4141 prophetam
3250 4072 3378 4127 mit-

109 4165 245 4217 Ἰδοὺ
285 4165 435 4235 τρεῖς
473 4165 840 4234 προφητεῖαι·
887 4160 1010 4231 μία,
1052 4160 1136 4213 ὅτι
1183 4159 1562 4230 ἑϐδομήκοντα
1588 4158 1685 4230 έτη

1848 4159 1896 4214 L?
1931 4157 2012 4213 En
2046 4167 2161 4215 tres
2189 4153 2490 4230 prepbetia
2525 4177 2541 4216 :
2571 4175 2678 4215 una
2721 4161 2980 4230 quidem,
3028 4161 3374 4233 septuaginta

98 4258 352 4312 ποιοῦσιν
386 4273 400 4288 ο
443 4257 629 4328 ἑτέρα,
671 4257 756 4308 ὅτι
801 4253 1190 4308 ἀνελεύσονται
1217 4269 1231 4283 ·
1287 4252 1474 4323 ἑτέρα,
1519 4252 1605 4306 ὅτι
1637 4250 1685 4304 ο1

1848 4267 1968 4308 mos
2029 4249 2148 4308 fore
2207 4251 2600 4321 captivitatis;
2641 4250 2836 4316 altera,
2903 4251 3048 4322 quod
3097 4263 3376 4308 reverten-

97 4349 232 4421 περὶ
288 4348 480 4421 ’Δχιὰσ
509 4347 937 4413 ἀποθανοῦνται,
964 4346 1060 4400 καὶ
1091 4345 1204 4418 ἀρὰ
1227 4344 1466 4400 ἔσονται.

1858 4358 1918 4408 r;
1956 4344 2137 4409 tertia,
2168 4341 2315 4413 quod
2372 4339 2640 4398 morietur
2690 4342 2904 4398 Achiab
2927 4380 2944 4408 ,
2972 4351 3028 4398 et
3064 4343 3374 4398 maledictio

1747 4453 1762 4491 ἱ
1793 4435 1921 4491 erit.

166 4525 184 4544 ‘
211 4523 372 4577 Διότι
427 4519 752 4576 ἀπέστειλε
807 4519 961 4587 πρὸς
1007 4516 1167 4587 ὑμᾶς
1234 4518 1325 4583 είς
1358 4515 1687 4572 Βαϐυλῶνα

99 4615 328 4683 λέγων’
353 4612 604 4681 Μακρὰν
631 4614 825 4678 ἐστιν,
864 4610 1309 4680 οὶκοδομήσατε
1335 4612 1445 4676 τὰς
1467 4611 1684 4677 οἰκίας,

101 4707 197 4760 καὶ
217 4706 290 4759 τὰ
322 4705 472 4776 ἑξῆς.

173 4819 396 4885 Σαμίας
424 4811 583 4880 οὗτος
630 4815 861 4878 ἄποικος
884 4810 954 4885 ἦν
979 4815 1120 4886 μετὰ
1147 4815 1257 4869 τῶν
1284 4816 1647 4888 ἀπαχθέντων
1667 4833 1682 4847 ·

101 4907 370 4978 ἡδόμενος
424 4907 606 4961 τοίνυν
636 4910 702 4979 τῇ
757 4907 1010 4978 επανόδῳ
1043 4907 1308 4978 ἐτέρπετο
1351 4911 1466 4972 τοῖς
1513 4908 1691 4964 ταῦτα

103 5000 351 5070 λέγουσι.
394 4999 504 5054 Τοῦ
558 5001 740 5055 τοίνυν
786 5002 1072 5074 προφήτου
1105 5001 1205 5072 τήν
1233 5001 1526 5074 ἐπιστολήν
1553 5004 1693 5075 γρά-

103 5094 312 5163 ψαντος
341 5093 580 5165 ἐκείνην,
611 5095 710 5148 καὶ
742 5092 1143 5164 παραινοῦντος
1177 5091 1256 5163 τῷ
1283 5094 1400 5164 λαῷ
1439 5095 1694 5166 στέργειν

105 5186 208 5256 τὴν
241 5187 302 5240 ἰν
347 5186 632 5240 Βαϐυλῶνι
680 5189 918 5259 οῐκησιν,
961 5187 1356 5257 ἀγανακτήσας
1401 5186 1542 5259 πρὸς
1599 5187 1694 5241 τὸν

107 5277 394 5346 Σοφονίαν,
441 5278 564 5332 τότε
620 5278 774 5349 ἱερέα
807 5279 1170 5348 τυγχάνοντα,
1227 5278 1446 5350 πρῶτον
1491 5279 1692 5350 γράφει

107 5368 308 5435 ταῦτα,
338 5369 375 5424 ἃ
402 5369 500 5424 νῦν
537 5371 604 5422 ὲκ
630 5369 734 5440 τῆς
768 5370 1112 5441 προφητείας
1146 5369 1486 5440 παρεθέμην,
1515 5371 1695 5424 intr:-

113 5462 236 5532 μῶν
268 5463 349 5533 τῷ
401 5463 658 5535 Σοφονίᾳ,
705 5465 788 5518 ὅτι
841 5465 917 5536 μὴ
972 5463 1135 5534 δίκην
1192 5462 1560 5535 εἰσεπράξατο
1602 5465 1696 5516 τὸν

123 5555 402 5627 Ἱερεμίαν
443 5557 834 5612 ἐπιστείλαντα
870 5555 1044 5610 ταῦτα
1064 5570 1078 5584 ·
1110 5553 1172 5608 τὸ
1207 5554 1286 5619 δὲ,
1319 5556 1410 5620 sic
1438 5553 1508 5608 τὸ
1547 5555 1695 5609 ἀπό-

111 5650 378 5718 κλεισμα
398 5651 614 5720 Σινὼχ,
661 5648 963 5711 τουτέστιν,
986 5649 1075 5713 εις
1094 5647 1163 5702 τὸ
1183 5647 1567 5716 ἀπόκλεισμα
1587 5645 1697 5716 τῆς

110 5741 420 5812 φυλακῆς.
450 5742 525 5797 Τὸ
574 5742 684 5814 γὰρ
719 5740 916 5810 Σινὼχ,
965 5739 1379 5812 ὲγκλειστήριον
1425 5743 1696 5815 ἑρμηνεῦ-

438 5837 713 5897 ΡΑτιιοι..
760 5835 879 5898 Gn.
933 5834 1154 5896 LXIV».

1862 4528 1883 4548 ‘
1923 4525 2089 4583 Vitas.
2118 4527 2211 4584 28.
2250 4527 2518 4594 Quoniam
2544 4527 2690 4581 misit
2719 4529 2788 4581 ad
2821 4545 2908 4590 vos
2947 4531 3005 4584 in
3043 4530 3374 4604 Babylonem

1789 4619 1970 4674 dicens
2005 4639 2021 4675 :
2053 4617 2229 4690 Longe
2247 4627 2349 4686 est,
2397 4617 2657 4687 adiﬁcate
2679 4621 2882 4684 domos,
2910 4629 2966 4676 et
2991 4627 3112 4692 quae
3140 4622 3376 4692 sequun-

1790 4719 1898 4765 tur.

1861 4819 2090 4876 Sameas
2120 4819 2210 4875 hic
2257 4819 2582 4890 peregrinus
2615 4835 2719 4876 una
2777 4835 2902 4876 cum
2968 4827 3377 4897 transmigratis

1792 4924 1914 4970 erat
1941 4929 1956 4966 :
1990 4913 2081 4983 qui
2118 4926 2240 4967 cum
2271 4925 2372 4983 pro
2397 4913 2574 4968 reditu
2603 4913 2931 4981 exs’ulta'ret,
2959 4916 3234 4984 gaudebat
3263 4935 3373 4974 una

1795 5017 1919 5061 cum
1955 5005 2070 5061 haec
2104 5004 2431 5060 dicentibus.
2465 5002 2626 5060 Missa
2659 5004 2842 5075 itaque
2871 5021 2901 5061 a
2934 5007 3198 5078 propheta
3258 5011 3376 5078 epi-

1795 5094 1933 5149 stola
1966 5093 2088 5158 illa,
2121 5109 2227 5164 qua
2254 5093 2651 5150 exhortabatur
2681 5095 2962 5168 populum,
2985 5109 3046 5153 ut
3075 5099 3131 5153 in
3161 5099 3380 5155 habita-

1799 5187 1945 5242 tione
1960 5185 2290 5258 Babylonica
2313 5186 2868 5259 acquiesceret,mgre
2888 5190 2936 5246 is
2966 5189 3149 5246 ferens
3179 5191 3244 5247 ad
3274 5193 3381 5247 So-

1799 5277 2082 5347 phoniam,
2114 5277 2206 5346 qui
2239 5285 2367 5332 tunc
2400 5285 2521 5332 erat
2538 5278 2820 5344 sacerdos,
2842 5281 3080 5349 primum
3105 5281 3219 5337 haec
3241 5283 3382 5338 scri‘

1800 5371 1900 5434 bit,
1931 5384 2054 5439 quae
2084 5384 2230 5424 nunc
2252 5381 2318 5424 ex
2353 5377 2512 5424 textu
2542 5371 2792 5440 apposui,
2821 5369 3153 5442 Sophortiam
3181 5383 3383 5430 contu-

1801 5463 1982 5518 meliis
2018 5462 2293 5530 adiciens,
2342 5463 2488 5534 quod
2519 5476 2712 5534 ptenas
2733 5477 2798 5519 ex
2827 5464 3064 5522 Jeremia
3097 5479 3206 5522 non
3233 5483 3383 5523 sum-

1801 5555 1996 5624 pserit,
2028 5556 2121 5624 qui
2161 5555 2362 5611 similia
2402 5566 2765 5626 praeceperat.
2816 5555 2977 5626 Illud,
3030 5560 3084 5614 in
3120 5575 3386 5614 carcerem

1803 5646 1998 5703 Sinoclt
2031 5661 2096 5704 ac
2122 5648 2169 5704 si
2187 5648 2416 5712 diceret,
2446 5649 2504 5702 in
2522 5647 2827 5702 clausuram
2855 5651 3131 5707 custodiat.
3177 5649 3384 5706 Sinocll

1803 5754 2040 5812 namque
2070 5740 2322 5799 clausura
2349 5737 2574 5807 dicitur,
2625 5754 2748 5796 cum
2781 5739 3038 5798 Hebraus
3079 5743 3384 5800 custodiam

2983 5833 3060 5893 33
