3854 6398
237 450 365 504 οὐκ
393 446 530 504 ἔστι
562 449 805 519 κρίνων.

233 542 554 608 Τουτέστιν,
589 541 765 607 οὐδεὶς
793 541 1158 614 ἐξεδίκησεν,
1205 545 1384 611 οὐδεὶς
1423 547 1743 620 ἐϐοήθησεν.

1268 333 1694 395 FRAGMENTA
1733 335 1802 395 ΙΝ
1832 338 2199 398 ιειιεΜιΑΜ.

1773 465 1822 522 Α
1919 455 2082 514 Vsus.
2113 459 2200 514 i5.
2237 458 2359 516 Non
2385 470 2460 516 est
2487 464 2818 534 qutjudicet.

3319 351 3424 408 970

1921 549 2034 606 iloc
2063 564 2165 619 est,
2203 568 2366 612 nemo
2413 555 2560 612 ultor
2609 556 2733 623 fuit,
2797 572 2957 614 nemo
2981 559 3281 628 opitulatus
3311 570 3421 617 est.

165 635 229 689 Ἀ
241 634 483 704 φόρητον
510 633 572 687 τὸ
593 634 767 690 κακόν
787 652 841 689 τι
862 635 1057 690 παθεῖν
1076 654 1092 669 ο
1120 637 1182 692 τὸ
1205 638 1266 693 δέ
1295 639 1437 710 μετά
1460 640 1523 694 τὸ
1551 640 1746 695 παθεῖν

1876 643 2191 701 ntolerabile
2217 656 2303 703 est
2326 648 2452 702 mali
2480 648 2686 720 aliquid
2715 652 3022 715 sustinere.
3053 651 3147 708 sed
3175 663 3232 708 et
3267 654 3425 710 malis

147 722 308 793 μηδὲ
338 723 430 776 τὸν
458 722 887 793 παρακαλοῦντα
911 725 1079 794 ἐχειν,
1109 726 1533 801 ἀφορητότερον.

230 815 341 880 Εἰς
365 814 640 885 ἀλτηρὸν
660 815 995 886 ιατρεύθης.

116 943 129 986 ἱ
249 904 476 977 Ἐπειδὴ
506 905 618 979 γὰρ
640 905 897 979 καθάπερ
933 907 1179 980 ίατρείαν
1201 911 1322 964 τινὰ
1351 910 1448 982 τὴν
1469 912 1748 982 αἰχμαλω-

1847 731 2089 802 inﬂictis,
2121 751 2222 792 nec
2250 736 2618 794 consolantem
2648 740 2870 807 habere,
2897 739 3314 798 intolerabilius.

1926 827 2010 882 Ad
2037 827 2322 884 dolendum
2357 841 2542 886 curata
2565 848 2642 886 es.
2907 842 2910 844 ⁷

1917 920 2050 975 Cum
2095 921 2240 977 enim
2291 929 2551 992 tanquam
2607 923 2933 980 medicinam
2981 927 3269 996 quamdam
3326 943 3423 984 ca-

148 997 294 1052 σίαν
336 997 621 1070 προσῆγεν
678 997 887 1064 αὐτοῖς,
939 998 1112 1068 λέγει,
1150 1000 1364 1074 Πολλὴν
1415 1004 1449 1074 ἡ
1483 991 1749 1074 θεραπεία

1876 1013 2157 1070 »ιίνίιειεηι
2200 1015 2308 1072 illis
2331 1015 2709 1087 applicuissei,
2739 991 3233 1089 multum,vinquit,
3267 1020 3420 1076 dolo‘

141 1089 360 1160 ὀδύνην
395 1089 674 1160 ἐναφῆκεν
702 1105 719 1121 ο
749 1089 942 1162 ὥσπερ
963 1091 1058 1145 ἐπί
1091 1108 1240 1157 τινος
1259 1092 1510 1164 ἀμαθοῦς
1531 1095 1744 1167 ίατροῦ,

144 1183 266 1238 οὐκ
297 1183 498 1247 είδὸτος
522 1182 749 1254 τέμνειν
774 1183 982 1247 καλῶς.
1314 1217 1318 1220 -

231 1273 341 1328 Διὰ
360 1273 539 1329 τοῦτο
567 1271 794 1342 πάντες
826 1275 884 1328 οί
918 1273 1209 1342 ἐσθοντές
1235 1289 1333 1331 σε.

231 1364 509 1436 Δίσχύνας
531 1365 626 1419 ἀπ’
652 1364 900 1436 ἀλλήλων
919 1365 1246 1430 ἓξουσι,τοτς
1271 1368 1491 1434 οἰκείοις
1515 1371 1747 1437 ἕκαστος

146 1457 257 1512 τὸν
287 1456 519 1528 πλησίον
556 1456 752 1530 θρέψει
789 1454 1048 1528 σώμασι·
1078 1458 1358 1514 πείσονται
1400 1461 1574 1517 ταῦτα
1600 1463 1745 1536 ἀπερ

145 1549 456 1620 ἐποίησαν.

237 1641 364 1694 Ὅτι
389 1637 550 1704 ἀνάε
554 1656 618 1694 ω.

232 1733 300 1786 Ei
332 1732 441 1803 7&9
479 1731 576 1786 καὶ
605 1730 828 1787 ἀνίατον
851 1730 916 1786 τὸ
938 1731 1187 1804 τραῦμα,
1219 1733 1338 1790 ἀλλ’
1371 1735 1472 1790 οὐκ
1502 1736 1646 1807 ἐμοί.

241 1827 377 1881 ὀτι
392 1824 746 1895 ἐσπαρμένη
771 1823 1061 1893 ἐκλήθης.

231 1920 300 1975 Oi
327 1918 505 1974 λοιποί
541 1934 730 1988 φασιν,
779 1916 1311 1991 ἑωσμένηώπειδὴ
1335 1919 1494 1990 δίκην
1511 1918 1743 1984 ἔδωκας.

152 2014 329 2082 Μέγα
352 2011 578 2081 ἀγαθὸν,
613 2009 691 2083 μὴ
717 2009 808 2070 διὰ
833 2011 1113 2083 τιμωρίας
1167 2011 1264 2066 καὶ
1291 2012 1544 2077 κολάσεις
1575 2012 1746 2078 σῶζε-

154 2107 293 2161 σθαι
317 2104 472 2176 παρὰ
501 2103 597 2159 τοῦ
620 2103 761 2158 Θεοῦ
811 2105 1056 2169 καὶτοὺς
1078 2106 1356 2176 πονηροὺς
1379 2107 1475 2160 καὶ
1495 2107 1747 2174 ἀπεγνω-

155 2195 424 2264 σμένους,
448 2190 585 2246 ἀλλά
608 2191 676 2246 δι’
706 2191 909 2264 ἀρετὴν
946 2194 1043 2247 καὶ
1075 2193 1390 2265 μετάνοιαν.

236 2282 352 2338 Καὶ
380 2281 829 2347 ἐξελεύσονται,
852 2280 956 2336 ἀπ’
975 2280 1175 2336 αὐτῶν
1202 2281 1474 2350 ᾅδοντες.

233 2374 304 2430 Τί
335 2370 432 2430 οὖν
460 2375 598 2447 πρὸς
617 2373 866 2436 ἐκείνους
889 2374 1018 2437 τοὺς
1041 2373 1339 2444 μέλλοντας
1367 2375 1746 2447 ἀναιρεῖσθαι;

157 2469 244 2524 οὐ
270 2466 380 2539 γὰρ
416 2465 484 2537 δὴ
529 2465 692 2535 μόνον
723 2465 923 2528 αὐτοὺς
947 2465 1049 2519 οὐκ
1075 2464 1318 2536 εὓφρανε
1366 2465 1568 2532 ταῦτα,
1613 2465 1751 2520 ἀλλά

156 2562 265 2616 καὶ
292 2558 483 2614 ἐλύπει
510 2557 693 2612 πλέον.
736 2555 1024 2628 Ἐννόησον
1045 2557 1153 2628 γάρ
1179 2556 1470 2630 ἄνθρωπον
1503 2575 1751 2630 γεγηρα-

159 2655 327 2715 κάτα,
361 2648 632 2706 ἀκούοντα
661 2649 746 2704 ὅτι
777 2649 916 2718 μετά
948 2649 1324 2722 ἐϐδομήκοντα
1366 2647 1464 2720 ἐτη
1500 2649 1656 2704 ἐσται
1683 2648 1752 2703 τὰ

165 2743 378 2814 ἀγαθά.
408 2741 509 2796 Διά
540 2741 654 2812 γὰρ
716 2739 878 2794 τοῦτο
931 2738 1028 2795 καὶ
1059 2741 1392 2815 ἐνδιατρίϐει
1424 2742 1632 2809 αὐτοῖς,
1663 2743 1750 2796 ἵνα

164 2833 378 2907 μᾶλλον
423 2833 623 2895 αὐτοὺς
667 2830 844 2903 δάκῃ*
887 2830 1016 2895 τοὺς
1061 2831 1122 2885 δὲ
1164 2831 1224 2884 ἐν
1269 2831 1478 2904 ἡλικίᾳ,
1523 2832 1613 2887 ἵνα
1669 2834 1751 2896 εἰς

157 2929 390 2993 ἐλπίδας
424 2921 651 2996 ἀγαγὼν
673 2922 986 2996 σωφρονίσῃ
1029 2922 1212 2979 πλέον.

235 3115 354 3171 Kal
376 3111 852 3170 είσελεύσονται.

241 3209 388 3278 Ὀρα
420 3205 543 3269 πῶς
581 3204 734 3272 λέγει
779 3202 880 3274 τὴν
927 3200 1238 3273 εὐπραγίαν
1276 3201 1477 3267 αὐτῶν,
1528 3201 1628 3274 τὴν
1664 3203 1754 3256 λα-

158 3301 378 3374 τρείαν,
423 3297 522 3353 καὶ
551 3297 654 3368 τὴν
683 3295 896 3358 ἄδειαν,
945 3294 1038 3348 καὶ
1066 3295 1150 3349 ὃτι
1185 3293 1373 3348 πολλοὶ
1389 3293 1629 3359 ἔσονται,
1657 3295 1754 3348 καὶ

159 3397 238 3452 τά
268 3393 481 3465 νόμιμα
512 3387 720 3456 ἕξουσι.
749 3386 936 3441 Ταῦτα
955 3386 1066 3458 7&9
1096 3386 1282 3451 αὐτοῖς
1309 3381 1380 3457 ἦν
1409 3385 1562 3457 φίλαν

242 3488 374 3540 ὀτι
397 3480 569 3554 ὀργή.

239 3577 450 3639 Ταῦτα,
494 3572 684 3645 φησὶν,
731 3568 909 3634 ἔσται,
973 3569 1051 3639 μὴ
1080 3567 1176 3622 νῦν
1225 3567 1399 3622 ταῦτα
1435 3568 1627 3640 ζήτει·
1661 3565 1755 3621 νῦν

163 3672 282 3744 7&9
311 3669 412 3740 τῆς
442 3663 714 3737 τιμωρίας
736 3663 838 3734 τῆς
858 3660 1139 3732 ἡμετέρας
1169 3661 1200 3713 ὁ
1226 3660 1442 3732 καιρός.

770 3795 1021 3852 ΚΕΦᾹΔ.
1041 3795 1167 3850 AA'.

256 3941 361 3995 Ἐν
387 3936 471 4004 τῷ
497 3936 714 4006 χρόνῳ.

245 4031 418 4086 Ὅταν
448 4029 499 4083 oi
525 4027 677 4084 ἄλλοι
703 4025 1038 4090 ἀπόλωνται,
1089 4022 1158 4077 τὰ
1206 4025 1349 4078 κατὰ
1383 4023 1759 4091 Βαϐυλωνίους

259 4123 333 4177 ai.
374 4136 376 4138 '

169 4141 488 4279 (modum
519 4206 651 4265 εῖπε
681 4210 898 4277 Κύριος
923 4227 940 4242 ο
965 4203 1163 4276 Εὗρον
1218 4207 1438 4279 θερμὸν
1460 4207 1532 4262 ὲν
1561 4206 1761 4278 ἐρήμῳ

165 4303 326 4376 μετὰ
375 4302 695 4357 ὀλωλότων
739 4299 812 4353 ἐν
855 4298 1122 4369 μαχαίρᾳ
1174 4297 1620 4374 πορευομένους
1673 4299 1761 4364 εις

171 4390 454 4458 σπονδὰς
518 4388 791 4458 Ἰσραήλ.
847 4388 1166 4456 Βαδίσατε,
1211 4389 1311 4444 καὶ
1345 4389 1434 4460 μὴ
1498 4387 1760 4455 ὀλέσητε

173 4485 285 4538 τὸν
325 4480 596 4551 Ἰσραήλ.

245 4572 468 4643 Σφόδρα
495 4569 726 4640 ἀσαφῶς
745 4571 927 4624 κεῖται
950 4569 1104 4641 παρὰ
1130 4568 1212 4639 τῷ
1253 4568 1552 4640 Ἐλληνικῷ
1573 4585 1589 4600 ο
1617 4566 1758 4640 αὕτη

174 4667 233 4720 δέ
264 4667 299 4736 ἡ
330 4663 512 4718 ἔννοια
540 4663 777 4727 σώζεται
800 4661 957 4733 παρά
971 4661 1051 4732 τῷ
1084 4661 1328 4732 Ἑϐραίῳ
1352 4674 1368 4691 ⁶
1401 4655 1556 4728 Εὗρε
1584 4657 1762 4728 χάριν

173 4758 248 4812 ἐν
282 4755 416 4825 ἐμοὶ
473 4751 990 4822 ὑπολελειμμένος
1026 4752 1096 4806 ἐκ
1161 4750 1275 4820 τῆς
1333 4751 1636 4821 μαχαίρας
1676 4749 1758 4815 ὡς

173 4851 248 4904 ἐν
276 4847 357 4917 τῇ
394 4844 722 4916 πανερήμῳ
756 4847 791 4900 ό
833 4841 1094 4913 Ἰσραήλ.
1145 4844 1211 4897 ⁸0
1247 4843 1358 4915 γὰρ
1398 4842 1617 4911 θερμὸν
1661 4843 1764 4914 ἠρο

177 4939 455 5009 μήνευσεν
479 4938 510 4991 ὁ
545 4936 767 5007 Ἕλλην,
797 4933 977 4998 τοῦτο,
1013 4932 1208 5003 χάριν,
1248 4932 1362 5004 ἔχει
1393 4934 1422 4986 ὁ
1479 4931 1759 5003 Ἐϐραῖοςο

174 5033 244 5084 ἐκ
298 5029 360 5083 δὲ
405 5028 510 5099 τῆς
565 5025 891 5098 ἐπωνυμίας
937 5025 1001 5080 τὸ
1051 5025 1275 5096 σφάλμα
1310 5024 1410 5095 τῆς
1463 5023 1760 5094 ἑρμηνείας

174 5121 394 5192 γέγονε.
421 5120 498 5174 Τὸ
525 5119 636 5190 γὰρ
669 5119 760 5189 ὣμ
795 5117 941 5173 κατὰ
973 5117 1072 5189 τὴν
1113 5116 1383 5189 Ἐϐραίων
1431 5114 1618 5187 φωνὴν
1667 5113 1761 5168 δα-

177 5211 502 5281 συνόμενον,
527 5210 749 5280 θερμόν
777 5210 917 5272 ἐστι,
964 5208 1027 5262 τὸ
1051 5209 1108 5262 δέ
1149 5204 1249 5278 ἦν,
1291 5197 1487 5270 κάλλος
1531 5221 1758 5276 κεχαρι-

177 5303 457 5375 τωμένον,
479 5301 545 5357 τὸ
569 5301 650 5368 δέ,
677 5302 995 5357 ὀλωλότων
1023 5300 1093 5354 ἐν
1121 5298 1389 5369 μαχαίρᾳ
1409 5337 1424 5362 ,
1454 5299 1759 5361 τουτέστιν,

178 5399 213 5452 δ
237 5393 620 5465 ὑποληφθεὶς
651 5393 772 5449 ὑπὸ
800 5391 912 5462 τῆς
925 5393 1248 5463 μαχαίρας.
1277 5392 1398 5444 ἰνα
1432 5392 1586 5462 εἴπῃ,
1619 5390 1762 5455 Τοὺς

191 5485 612 5558 περισωθέντας
637 5484 779 5555 μετά
806 5483 900 5537 τὸν
933 5482 1185 5550 θάνατον,
1216 5481 1438 5545 τούτους
1466 5479 1644 5544 σώζω.
1692 5477 1768 5532 Τδ

1779 3147 1826 3212 C

1848 1120 1986 1173 rem,
2021 1107 2380 1178 pharmacum
2408 1107 2511 1165 hoc
2533 1109 2682 1176 fecit,
2714 1121 2774 1164 ut
2802 1110 3051 1167 accidere
3079 1112 3217 1167 solet
3251 1113 3424 1183 impe-

1848 1194 1952 1251 rito
1987 1196 2218 1264 medico,
2238 1197 2331 1267 qui
2361 1199 2541 1254 nescit
2567 1198 2706 1255 bene
2743 1213 2952 1257 secare.

1918 1289 2084 1346 Vsus.
2121 1289 2213 1346 16.-
2239 1289 2530 1360 Propterea
2552 1300 2729 1346 omnes
2759 1293 2848 1363 qui
2871 1293 3147 1347 comedunt
3170 1302 3240 1348 te.

1919 1378 2073 1436 Alter
2112 1379 2275 1437 alteri
2307 1383 2543 1438 dedecus
2584 1380 2883 1451 imprimet,
2927 1380 3166 1452 propriis
3195 1382 3426 1451 quisque

1846 1472 2150 1536 proximum
2174 1471 2432 1528 carnibus
2455 1471 2654 1527 nutriet
2675 1485 2690 1524 :
2709 1485 2829 1542 quae
2856 1477 3102 1541 egerunt,
3127 1471 3315 1528 eadem
3334 1487 3427 1542 pa-

1845 1568 2066 1620 tientur.

1916 1655 2082 1713 Vens.
2113 1655 2204 1712 Π.
2234 1655 2374 1724 Quia
2402 1656 2682 1712 abducam.

1916 1747 2045 1803 Etsi
2077 1747 2231 1804 ulcus
2259 1746 2561 1804 insanabile
2589 1756 2694 1814 est,
2716 1762 2821 1803 non
2847 1756 3027 1804 tamen
3057 1749 3212 1805 mibi.

1776 1808 1821 1868 Β
1926 1831 2064 1898 Quia
2097 1832 2336 1899 dispersa
2359 1839 2543 1885 vocata
2563 1846 2638 1886 es.

1918 1921 2114 1978 Ceteri
2134 1911 2484 1978 reddiderunt
2507 1923 2699 1988 cincta,
2720 1924 2976 1993 quoniam
2999 1937 3188 1992 poenas
3208 1925 3420 1983 dedisti.

1848 2010 2041 2081 ingens
2067 2012 2290 2080 bonum,
2313 2028 2421 2068 non
2438 2013 2717 2084 suppliciis
2744 2024 2801 2070 et
2831 2015 3283 2088 castigationibus
3311 2019 3426 2074 sal-

1847 2105 2015 2158 varia
2048 2104 2160 2160 Deo
2199 2104 2366 2160 etiam
2399 2103 2680 2176 improbos
2728 2112 2786 2162 et
2817 2106 3154 2178 desperatos,
3186 2109 3280 2166 sed
3313 2109 3425 2166 vir-

1851 2204 1967 2251 tute
2011 2203 2066 2251 et
2085 2197 2428 2271 pmnitentia.

1925 2285 2092 2342 Vsus.
2128 2285 2217 2343 i9.
2249 2286 2320 2340 Et
2344 2288 2679 2358 egrediantur
2702 2290 2778 2346 eis
2806 2301 3073 2349 canentes.

1917 2376 2056 2444 Quid
2089 2390 2218 2432 vero
2241 2375 2346 2433 hoc
2378 2378 2446 2433 ad
2499 2377 2621 2435 illos
2653 2378 2768 2450 qui.
2798 2378 3019 2436 tollendi
3069 2384 3266 2439 erant?
3304 2383 3430 2442 Haec

1849 2468 1996 2523 enim
2026 2467 2148 2525 illos
2181 2482 2287 2524 non
2331 2469 2494 2526 modo
2543 2485 2652 2526 non
2703 2469 3078 2540 delectabant,
3119 2477 3215 2531 sed
3258 2477 3432 2548 magis

1851 2556 2015 2612 etiam
2051 2557 2480 2614 contristabant.
2503 2558 2802 2616 Considera
2830 2561 2976 2616 enim
3001 2563 3274 2620 hominem
3299 2581 3432 2622 con-

1851 2647 2052 2704 fectum
2098 2648 2279 2716 senio,
2318 2649 2411 2719 qui
2455 2659 2578 2721 post
2606 2653 2953 2724 septuaginta
2975 2668 3149 2711 annos
3174 2656 3314 2712 bona
3345 2657 3430 2713 lu-

1853 2751 1974 2795 tura
2033 2741 2240 2797 audiat.
2272 2740 2406 2796 Nam
2464 2751 2690 2813 propter
2719 2743 2822 2799 hoc
2859 2745 2912 2799 in
2944 2745 3032 2802 his
3072 2758 3338 2812 moratur,
3372 2756 3433 2801 ut

1846 2832 2031 2888 acrius
2060 2840 2324 2904 pungeret
2348 2847 2540 2888 eorum
2571 2833 2784 2890 animos
2814 2852 2829 2891 :
2863 2850 2958 2892 eos
2988 2851 3118 2893 vero
3150 2838 3242 2908 qui
3268 2838 3432 2906 juve-

1851 2924 1947 2978 nili
1987 2932 2143 2978 erant
2176 2932 2356 2989 aetate,
2394 2937 2546 2994 spem
2592 2923 2701 2981 illis
2731 2925 2978 2997 injiciens
3012 2930 3283 3000 cautiores
3308 2931 3433 2986 red-

1851 3016 2022 3072 deret.
2315 3035 2317 3038 ⁴
2627 3037 2630 3040 θ

1939 3106 2101 3162 Vsus.
2128 3107 2220 3163 20.
2244 3105 2316 3162 Et
2345 3109 2720 3180 ingredientur.

1931 3197 2086 3263 Vide,
2124 3207 2184 3254 ut
2218 3213 2408 3255 eorum
2437 3199 2752 3256 felicitatem
2778 3217 2901 3258 esse
2930 3201 3073 3257 dicat
3101 3201 3192 3258 Dei
3229 3202 3431 3258 cultum

1855 3293 1912 3340 et
1938 3284 2272 3354 libertatem,
2296 3292 2549 3359 quodque
2583 3291 2740 3345 multi
2771 3299 2952 3356 erunt,
2975 3301 3030 3348 et
3051 3291 3293 3362 legitima
3321 3291 3434 3348 hae

1855 3377 2079 3443 bebunt,
2105 3378 2222 3435 haec
2250 3383 2396 3434 enlm
2429 3380 2536 3437 illis
2559 3391 2719 3438 erant
2747 3391 2953 3454 optata.

1922 3466 2185 3534 Quoniam
2209 3470 2313 3527 ira.

1927 3559 2075 3627 "me,
2107 3562 2204 3627 ait,
2241 3571 2426 3628 erunt,
2462 3577 2604 3619 nunc
2633 3577 2696 3618 ea
2742 3579 2810 3620 ne
2838 3578 3083 3635 quaras;
3123 3579 3265 3619 nunc
3288 3564 3432 3620 enim

1859 3660 2059 3708 nostra!
2081 3651 2376 3722 puuitionis
2404 3662 2617 3724 tempus
2646 3663 2752 3710 est.

2451 3783 2605 3841 CAP.
2638 3785 2834 3847 XXXI.

1931 3916 2102 3972 Vens.
2138 3918 2192 3973 Ι.
2226 3917 2293 3974 In
2321 3928 2550 3989 tempore
2569 3921 2686 3976 illo.

1933 4010 2067 4066 Cum
2091 4010 2182 4066 alii
2218 4011 2504 4091 perierint,
2539 4012 2861 4086 Babylonica
2893 4027 3103 4076 narrat.

1933 4197 1952 4218 ‘
1975 4192 2139 4249 Vsus.
2170 4193 2226 4250 2.
2274 4192 2364 4250 Sic
2395 4195 2532 4250 dixit
2554 4195 2812 4250 Dominus
2851 4212 2871 4251 :
2903 4196 3088 4254 Inveni
3125 4200 3355 4256 calidum
3387 4204 3443 4258 in

1860 4285 2065 4341 deserto
2103 4301 2225 4340 cum
2280 4285 2347 4340 iis
2387 4286 2479 4356 qui
2529 4287 2794 4353 perierant
2847 4287 3046 4358 gladio,
3113 4293 3444 4364 ambulantes

1861 4375 1918 4429 in
1962 4375 2327 4430 conuentione:
2359 4373 2680 4432 Jerusalem.
2725 4374 2833 4442 Ite,
2867 4387 2916 4432 et
2944 4379 3109 4434 nolite
3149 4381 3445 4450 interﬁcere

1790 4479 1835 4535 ι)
1864 4465 2056 4522 Israel.

1934 4557 2089 4626 Quod
2124 4557 2270 4614 enim
2329 4557 2554 4614 Gracus
2622 4559 3015 4630 interpretatus
3061 4570 3149 4617 est
3176 4563 3442 4631 calidum,

1864 4653 1967 4706 hoc
1999 4649 2256 4705 Hebraeus
2286 4649 2469 4717 habet,
2487 4652 2754 4720 gratiam;
2797 4665 2862 4706 ex
2892 4653 3127 4709 nominis
3153 4665 3336 4710 autem
3371 4658 3444 4721 sic

1866 4743 2170 4798 militudine
2203 4743 2385 4813 lapsus
2413 4743 2465 4798 in
2514 4743 2968 4814 interpretatione
3001 4746 3231 4818 contigit
3269 4769 3281 4804 :
3316 4765 3442 4804 nam

1864 4835 1984 4889 Imm
2012 4835 2314 4891 secundum
2350 4835 2549 4892 idioma
2584 4834 2940 4892 Hebraeorum
2990 4837 3160 4896 dense
3202 4854 3444 4911 pronun-

1867 4929 2080 4994 tiatum,
2119 4927 2353 4983 calidum
2399 4928 2693 5000 signiﬁcat,
2725 4938 2784 4984 at
2830 4929 2887 4984 in
2925 4929 3172 5001 designat
3203 4931 3444 5002 pulchri-

1869 5018 2112 5078 tudinem
2130 5020 2456 5090 gratiatam;
2485 5035 2584 5090 pro
2607 5020 2724 5087 illo,
2745 5022 2834 5092 qui
2868 5022 3135 5089 perierant
3162 5025 3215 5077 in
3239 5023 3445 5095 gladio,

1871 5111 2056 5178 habet,
2073 5110 2163 5182 qui
2192 5121 2518 5167 remanserat
2550 5129 2582 5166 a
2612 5113 2794 5184 gladio
2817 5128 2838 5168 :
2874 5113 3030 5183 quasi
3050 5114 3275 5180 diceret,
3325 5117 3447 5171 Sal-

1866 5211 2020 5258 vatos
2055 5213 2178 5274 post
2219 5212 2471 5271 mortem,
2502 5203 2602 5259 bos
2650 5214 2705 5259 et
2759 5218 2860 5275 ego
2904 5206 3086 5274 salvo;
3113 5205 3246 5261 illud
3292 5221 3447 5276 vero,

1871 5293 2213 5351 Ambulantes
2252 5297 2306 5349 in
2328 5297 2693 5362 conventiones
2717 5294 2888 5351 Israel
2921 5339 2938 5365 ,
2972 5297 3074 5353 hoc
3111 5307 3195 5354 est
3232 5300 3451 5370 quando

1875 5389 1929 5443 in
1981 5387 2202 5443 deserto
2266 5386 2608 5443 ambulabam
2655 5387 2722 5442 ad
2779 5387 2925 5445 illius
2967 5390 3246 5462 requiem,
3302 5389 3450 5460 quod

1879 5477 2192 5547 expressius
2221 5477 2354 5533 dicit
2376 5492 2475 5547 per
2509 5491 2574 5532 ea
2603 5493 2724 5548 qua:
2748 5478 2950 5555 subdit.

180 5577 708 5648 δέπορευομένους
724 5578 811 5642 εὶς
835 5574 1111 5640 σπονδὰς
1149 5571 1408 5644 Ἰσραὴλ,
1455 5571 1756 5635 τουτέστιν,
1809 5569 2000 5624 Ἦνίκα
2037 5567 2382 5642 ἐπορευόμην
2411 5570 2549 5642 πρὸς
2585 5568 2895 5626 ἀνάπαυσιν
2920 5569 3085 5626 αὑτοῦ
3126 5572 3185 5626 ἐν
3209 5573 3276 5643 τῇ
3307 5586 3446 5624 παν-

186 5672 406 5745 ερήμφν
459 5670 609 5741 ὅπερ
661 5668 999 5741 σαφέστερον
1051 5668 1143 5722 διὰ
1213 5667 1324 5722 τῶν
1373 5665 1734 5736 ἐπαγομένων
1773 5663 1945 5734 λέγει.
2301 5693 2303 5695 ι
3137 5663 3140 5666 -
3356 5679 3358 5682 ,

259 5768 273 5786 ⁸
306 5762 633 5833 Βαδίσατε,
657 5762 760 5820 καί
782 5764 870 5835 μὴ
903 5761 1162 5833 ὀλέσητε
1198 5759 1305 5818 τὸν
1327 5756 1590 5830 Ἰσραήλ.

1951 5758 1967 5777 ⁶
1993 5753 2102 5825 Ite,
2123 5765 2170 5812 et
2197 5755 2358 5813 nolite
2378 5756 2670 5826 mter/icere
2690 5755 2883 5814 Israel.
