3854 6426
447 336 551 394 971

1197 326 1767 389 SUPPLEMENTUM
1810 325 1902 383 AD
1949 324 2008 381 8.
2047 322 2101 380 Ι.
2138 317 2634 379 CHRYSOSTOMI
2674 317 2922 377 OPERA.

3604 322 3709 380 οτι

522 447 1009 520 Ηοεεειγιιιιεηιιο
1055 444 1403 501 ambulabam
1448 442 1775 500 antecedens
1828 439 2018 510 ipsum,

2200 430 2515 497 Τουτέστιν,
2548 429 2712 501 ήνίκα
2729 430 2978 495 ἐϐάδιζον
3008 432 3487 505 προπορευόμενος
3516 437 3706 507 αὐτού,

452 554 512 601 ιιι
540 556 664 600 eum
716 539 1059 609 requiescere
1110 536 1486 602 facerem;sic
1537 533 1680 589 enim
1734 532 1865 603 legit
1914 530 2027 586 lle-

452 629 877 693 braeus.‘Porro,
899 630 992 695 ite,
1023 628 1258 683 obscure
1305 626 1721 697 interpretatum
1757 632 1867 688 est,
1900 623 2029 693 quia

451 727 724 796 interpres
744 732 957 791 tempus
983 735 1089 775 non
1113 718 1385 784 servavit;
1412 733 1511 788 pro
1537 716 1815 772 ambulans
1875 729 2030 769 nam-

450 830 556 884 que
581 854 598 881 ,
632 813 899 867 ambulate
940 811 1152 883 posuit;
1181 811 1262 867 sic
1314 812 1460 867 enim
1498 819 1555 866 et
1608 807 1821 881 Moyses
1847 806 2024 863 dixit:

449 904 510 960 Si
530 920 637 959 non
659 902 930 968 ambulas,
952 917 1016 956 ne
1038 901 1231 955 educas
1253 916 1334 955 me
1364 898 1431 952 ".

515 1083 713 1142 Vides?
736 1081 957 1154 Ubique
979 1082 1085 1138 hoc
1116 1080 1194 1137 illi
1224 1079 1563 1152 propositum
1602 1086 1690 1135 est
1711 1080 2025 1144 ostendere,

449 1177 521 1233 ab
579 1175 672 1231 illo
710 1190 831 1231 esse
879 1174 1280 1245 quidquideest.
1345 1172 1510 1237 Dixit,
1564 1168 1873 1241 Babyloniis
1898 1183 2026 1240 per-

450 1268 726 1332 euntibus,
790 1274 847 1320 tu
901 1266 1086 1321 salvus
1155 1262 1285 1318 eris.
1343 1262 1547 1320 Deinde
1592 1261 1833 1325 ostendit
1882 1260 2027 1331 quod

450 1360 653 1423 praeter
701 1366 850 1420 spem
897 1360 1043 1418 erat,
1074 1351 1323 1420 quodque
1355 1350 1593 1405 humana
1622 1348 1879 1420 cogitatio
1919 1364 2025 1405 non

451 1442 720 1512 capiebat,
768 1442 888 1497 illos
947 1458 1055 1497 non
1112 1456 1237 1498 esse
1288 1442 1582 1517 perituros.
1647 1440 1928 1512 Tanquam
1979 1441 2025 1498 si

448 1535 570 1603 quis
615 1534 756 1587 inter
787 1532 952 1587 multa
982 1532 1252 1589 cadavera
1293 1535 1534 1588 inveniat
1579 1534 1815 1601 aliquem
1842 1533 2026 1588 calen-

452 1636 583 1692 tem,
618 1625 1032 1696 spirantemque
1092 1625 1313 1691 adhuc,
1364 1634 1724 1695 agentemque
1766 1623 2023 1691 animam,

451 1718 649 1774 deinde
680 1728 890 1773 tantum
929 1718 1160 1783 laboret,
1191 1716 1487 1786 hostesque
1516 1716 1584 1772 ab
1637 1716 1730 1773 illo
1770 1716 2023 1785 depellat,

450 1820 510 1862 ut
541 1809 656 1864 fere
676 1810 823 1864 illum
856 1810 923 1864 ad
944 1811 1109 1864 vitam
1148 1818 1396 1879 revocet;
1435 1819 1583 1865 certe
1609 1823 1655 1865 ts
1686 1822 1800 1865 rem
1834 1810 2026 1865 miram

449 1900 672 1956 faceret.
702 1900 795 1956 Sic
845 1901 910 1956 de
936 1911 988 1957 te
1026 1900 1231 1958 iactum
1261 1908 1369 1968 est,
1410 1901 1509 1956 ait.
1537 1898 1580 1954 E
1611 1902 1789 1957 medio
1838 1915 2029 1957 eorum

450 2000 504 2044 te
525 1992 803 2056 suscitavi,
836 1992 901 2047 de
927 1991 1010 2046 via
1038 1991 1275 2049 hostium
1305 1992 1603 2063 spirantem
1645 2002 1697 2047 te
1726 1992 2026 2060 inveniens,

451 2092 734 2152 percutere
771 2095 821 2140 te
851 2084 1093 2142 volentes
1127 2084 1538 2158 cobibui,spem
1586 2084 1781 2141 salutis
1824 2085 2025 2141 nullam

451 2174 765 2230 habentem.

521 2358 538 2378 ⁸
573 2353 739 2411 Vens.
781 2356 835 2411 5.
870 2356 946 2411 De
978 2356 1129 2428 longe
1160 2358 1416 2415 Dominus
1442 2360 1689 2430 apparuit
1716 2360 1807 2418 ei:
1836 2359 2027 2417 Chari-

451 2454 559 2499 tate
580 2460 828 2516 perpetua
846 2448 1012 2502 dilexi
1043 2460 1113 2504 te.

515 2536 696 2594 Verba
738 2551 865 2597 sunt
906 2541 1188 2610 Propheta
1250 2559 1269 2597 :
1322 2542 1424 2598 hoc
1453 2553 1559 2610 est,
1601 2558 1697 2614 per
1758 2545 2025 2603 visionem

445 2629 588 2685 Deus
610 2631 743 2685 mihi
780 2634 1021 2688 ostendit
1051 2647 1170 2702 quae
1201 2634 1332 2688 olim
1377 2635 1724 2701 dicebantur,
1756 2644 1814 2692 et
1845 2653 1877 2693 a
1908 2652 2017 2694 sa-

446 2723 571 2778 cqu
599 2738 615 2773 :
665 2724 937 2792 quomodo
970 2724 1084 2779 sola
1115 2726 1386 2781 charitate
1425 2725 1483 2791 in
1524 2726 1740 2789 deserto
1769 2730 2025 2799 populum

445 2813 703 2880 deduxit;
736 2822 791 2867 ct
818 2812 954 2868 dixit
986 2815 1116 2869 mihi
1142 2829 1290 2870 nunc
1318 2832 1335 2868 :
1366 2812 1459 2870 Illa
1486 2817 1755 2873 charitate
1779 2819 1832 2873 in
1863 2830 2026 2874 aeter-

446 2919 573 2956 num
605 2903 763 2956 dilexi
795 2918 920 2959 eum
956 2905 1096 2961 :hoc
1114 2915 1198 2961 est
1226 2906 1279 2961 in
1309 2908 1508 2962 linem:
1540 2916 1597 2963 et
1632 2909 1736 2963 hac
1764 2909 1831 2964 de
1861 2924 2025 2964 causa

444 3007 570 3047 cum
606 2994 758 3061 perdi
808 3007 917 3047 non
957 2996 1365 3062 permitto;sed
1411 2995 1561 3052 salvo
1620 2996 1901 3068 populum,
1928 2998 2025 3068 qui

444 3094 527 3138 est
556 3083 610 3136 in
640 3084 1142 3153 transmigratione.

517 3173 536 3192 '
559 3167 690 3223 Ideo
720 3170 921 3223 attraxi
945 3181 994 3224 te
1011 3172 1064 3225 in
1091 3171 1444 3228 miseratione.

512 3258 629 3317 Hoc
676 3273 782 3326 est,
812 3274 1035 3333 prapter
1075 3263 1221 3318 illam
1266 3266 1592 3323 altaritatem
1639 3267 1740 3324 bos
1784 3268 1888 3326 hac
1940 3272 2026 3327 di-

444 3367 581 3423 gnos
616 3352 746 3407 iecit
769 3356 969 3423 gratia,
1005 3356 1279 3411 redimens
1304 3372 1334 3409 a
1381 3355 1714 3433 Babyloniis.
1738 3360 1897 3428 lllud,
1924 3362 2025 3417 At-

445 3444 593 3497 traxi
621 3453 691 3509 te,
717 3454 777 3498 ut
798 3446 1138 3511 ostenderet,
1166 3449 1308 3515 quod
1329 3450 1526 3503 evulsit
1546 3464 1701 3508 arcte
1722 3454 2022 3510 detentum.

441 3530 509 3586 1η
535 3533 945 3600 miserationem,
971 3532 1172 3591 Yestivi
1208 3550 1331 3593 eunt
1366 3539 1564 3606 gratia.

511 3714 627 3769 Non
676 3716 745 3770 ad
777 3726 1012 3788 tempus,
1051 3727 1110 3773 ut
1151 3729 1208 3774 tu
1262 3718 1429 3787 facis,
1472 3722 1575 3778 etsi
1605 3722 1825 3793 quidvis
1868 3738 2021 3795 agas,

439 3821 543 3876 ego
598 3808 766 3877 diligo
800 3818 873 3863 te.

512 3896 922 3954 Miserationem
980 3900 1298 3969 impendens
1326 3942 1342 3968 ,
1407 3919 1518 3960 non
1581 3906 1775 3962 merita
1836 3921 2022 3963 remu-

441 3999 570 4039 nera
580 4003 662 4040 118.

511 4077 531 4097 ⁸
558 4074 721 4130 Vens.
755 4074 812 4131 ι.
845 4075 1108 4143 Quoniam
1131 4080 1405 4149 wdiﬁcabo
1424 4093 1471 4135 te
1490 4092 1561 4149 et,
1583 4081 1957 4152 wdiﬁcaberis.

512 4165 627 4222 Hoc
653 4177 756 4235 est,
802 4171 998 4225 iterum
1031 4171 1127 4228 tibi
1157 4174 1440 4244 antiquam
1480 4174 1713 4230 formam
1758 4176 2015 4245 restituo,

439 4271 562 4314 cum
593 4258 772 4312 nullus
803 4260 1061 4315 resistere
1090 4261 1283 4330 possit.

508 4344 748 4401 Summa:
774 4348 922 4420 pacis
976 4364 1312 4422 summaeque
1356 4354 1765 4426 tranquillitatis
1817 4360 2017 4420 indicia

436 4439 625 4507 ponit;
656 4448 710 4494 et
741 4441 899 4494 verba
944 4441 1058 4511 ipsa
1084 4443 1270 4497 suavia
1296 4454 1441 4499 sunt.

513 4531 533 4551 '
582 4529 746 4589 Vnus.
777 4533 834 4597 5,
862 4533 917 4591 6.
950 4531 1203 4589 Plantate
1249 4537 1630 4606 plantationes,
1658 4550 1708 4594 et
1773 4541 2008 4608 laudate,

433 4625 558 4695 quia
594 4634 667 4678 est
736 4624 846 4678 dies
895 4625 1297 4690 consolationis,
1350 4630 1503 4697 quasi
1551 4634 1909 4699 respondentis
1952 4637 2009 4690 in

432 4714 697 4769 montibus
743 4712 994 4783 Ephrem.
1023 4713 1257 4784 Surgite,
1286 4727 1335 4770 et
1392 4724 1737 4777 ascendamus
1772 4725 1826 4779 in
1876 4724 2007 4782 Sion

432 4806 501 4858 ad
544 4802 823 4858 Dominum
863 4803 1031 4856 Deum
1055 4815 1313 4861 nostrum.

501 4893 708 4949 Sensus
735 4904 914 4948 textus
961 4892 1136 4949 Graeci
1165 4896 1256 4951 hic
1294 4907 1379 4951 est
1405 4917 1419 4953 :
1446 4899 1580 4957 Cum
1606 4906 1810 4961 reversi
1844 4908 2011 4963 fueri-

433 4986 526 5052 tis,
553 4985 859 5040 sortiemini
889 4984 1228 5040 lertilitatem
1268 4998 1446 5055 terrae,
1468 5006 1812 5061 possessores
1858 4999 2007 5068 ejus-

432 5079 554 5131 dem
598 5085 761 5129 terra:
804 5074 981 5131 ell‘ecti
1026 5094 1041 5132 :
1094 5078 1196 5132 hoc
1238 5095 1475 5150 namque
1516 5084 1695 5142 innuit
1728 5088 1858 5145 illud
1892 5091 2006 5148 :In

432 5167 693 5222 montibus
723 5165 966 5235 Ephrem,
999 5184 1067 5223 ex
1098 5180 1247 5223 certa
1298 5182 1452 5241 parte
1496 5176 1801 5234 universam
1855 5182 2007 5238 desi-

432 5272 605 5329 gnans
638 5269 873 5326 terram;
918 5259 1072 5327 quasi
1122 5260 1375 5316 diceret:
1420 5262 1642 5322 Summa
1662 5284 1764 5339 ope
1800 5274 2005 5329 redibi-

434 5352 503 5406 tis
555 5350 623 5404 ad
674 5351 957 5420 templum,
1004 5350 1173 5407 Deum
1232 5355 1598 5416 celebrantes.
1633 5362 1703 5416 At
1748 5362 2005 5425 Hebraeus

433 5443 511 5496 sic
539 5441 743 5497 habet:
776 5442 841 5497 Et
859 5443 1200 5513 plantabunt,
1224 5458 1273 5503 et
1301 5452 1568 5507 comedent
1604 5454 1852 5524 fructum.
1885 5458 2003 5515 Erit

430 5535 567 5587 enim
589 5530 720 5597 dies,
745 5536 796 5587 in
828 5551 929 5602 qua
947 5536 1247 5595 clamabunt
1267 5544 1507 5598 custodes
1538 5546 1845 5619 vinctorum,
1870 5550 2004 5609 Sur-

501 5711 549 5743 "
583 5711 753 5765 Exod.
791 5727 882 5779 xx,
915 5713 1001 5769 ~16.

2131 526 2218 579 ἵνα
2259 522 2565 579 ἀναπαύσω
2598 523 2796 579 αὐτόν’
2826 522 2975 577 οὕτω
3024 524 3136 597 γὰρ
3182 525 3301 597 ἔχει
3353 529 3383 581 ὁ
3431 527 3707 599 Ἑϐραῖος.

2130 615 2205 671 Τὸ
2234 614 2292 669 δὲ
2315 613 2621 680 βαδίσατε
2643 616 2988 687 ἡρμήνευται
3017 618 3269 687 ἀσαφῶς,
3304 619 3393 675 διὰ
3412 620 3477 675 ad
3517 623 3601 693 μὴ
3621 624 3712 677 τὸν

2076 778 2083 783 γ
2128 707 2321 781 χρόνον
2334 705 2568 776 φυλάξαι
2580 707 2673 759 τὸν
2687 707 3098 778 ἑρμηνευθέντα
3114 708 3222 781 [ἰσ.
3241 712 3711 787 ἑρμηνεύσανταγ.

2129 800 2253 853 ἀντί
2280 799 2385 869 γὰρ
2418 797 2841 865 τοῦ,βαδίζων,
2890 800 3193 865 ,ϐαδίσατε
3248 803 3384 873 ἔχει,
3417 806 3573 860 οὕτω
3606 809 3712 880 γὰρ

2128 891 2379 958 φαίνεται
2402 891 2496 947 καὶ⁸
2531 891 2560 944 ὁ
2579 892 2787 961 Μωσῆς
2812 892 2989 961 λέγων
3011 912 3027 927 ·
3056 897 3127 950 Εἰ
3146 897 3236 965 μὴ
3251 898 3335 952 σὺ
3356 900 3710 970 πορεύῃ,μὴ

2125 982 2435 1053 ἀναγάγῃς
2452 1000 2549 1053 μευ

2215 1070 2410 1142 Ὀρᾶς;
2446 1070 2735 1142 Πανταχοῦ
2773 1072 3066 1139 σπουδάζει
3096 1074 3388 1144 δεικνύειν,
3417 1081 3506 1135 ὅτι
3544 1083 3709 1137 αύτοῦ

2126 1162 2190 1216 ad
2225 1164 2337 1216 πᾶν
2370 1165 2539 1217 ἐστιν.
2589 1159 2750 1229 Εἰπε,
2782 1164 3145 1221 Βαϐυλωνίων
3186 1170 3611 1243 ἀπολλυμένων,
3646 1178 3708 1229 σὺ

2127 1253 2467 1325 διασωθήσῃ.
2520 1249 2655 1308 Εῖτα
2686 1255 2929 1310 δείκνυσι
2969 1258 3031 1311 τὸ
3062 1263 3195 1331 παρ’
3242 1261 3459 1330 ἐλπίδα,
3492 1267 3592 1319 καὶ
3636 1268 3709 1333 ὡς

2127 1343 2229 1397 ούκ
2253 1338 2324 1416 ἦν
2352 1344 2713 1413 ἀνθρωπίνων
2742 1345 3020 1417 λογισμῶν
3071 1350 3148 1420 μὴ
3186 1353 3282 1405 καὶ
3334 1355 3540 1420 αὐτοὺς
3577 1360 3711 1412 ἀπο-

2126 1435 2574 1507 λέσθαι.”Ωσπερ
2604 1437 2672 1493 ἂν
2705 1438 2760 1493 εἰ
2776 1455 2864 1503 τις
2895 1441 2955 1494 ὲν
2987 1441 3204 1507 πολλοῖς
3224 1443 3523 1517 πτώμασιν
3559 1450 3710 1521 εὖροι

2125 1526 2250 1579 τινά
2286 1525 2501 1591 ζέοντα,
2555 1527 2653 1582 καὶ
2699 1527 2783 1582 ἔτι
2837 1530 3173 1600 ἐμπνέοντα,
3225 1538 3322 1589 καὶ
3360 1536 3712 1611 ἀναψύχοντα

2130 1616 2549 1691 [ἀποψύχοντα],
2589 1616 2709 1674 εἶτα
2743 1621 3005 1694 δυνηθείη
3033 1625 3260 1696 ποιῆσαι
3290 1629 3549 1684 τοιοῦτον
3590 1631 3711 1705 [πο-

2130 1710 2295 1779 νῆσαι
2340 1711 2639 1784 τοσοῦτον],
2676 1712 2773 1768 καὶ
2820 1714 2949 1779 τοὺς
3007 1716 3303 1788 πολεμίους
3362 1722 3711 1795 ἀποσοϐῆσαι

2131 1800 2229 1854 ἀπ’
2273 1800 2507 1866 ἐκείνου,
2542 1804 2704 1874 μόνον
2737 1802 3008 1877 [μονονοὺ]
3042 1808 3138 1861 καὶ
3193 1810 3289 1863 ἐπὶ
3343 1810 3496 1883 ζωὴν
3546 1816 3711 1869 αὐτὸν

2127 1890 2381 1961 ἀγαγεῖν,
2407 1891 2685 1962 Θαύματος
2726 1893 2794 1948 ἂν
2826 1894 2934 1966 εῐη.
2994 1896 3153 1954 οὓτω
3210 1901 3308 1954 καὶ
3359 1903 3459 1956 ἐπὶ
3495 1905 3596 1958 σοῦ
3623 1908 3712 1973 γέ-

2125 1999 2275 2052 γονε,
2308 1983 2497 2056 φησιν.
2536 1986 2632 2041 Ἐκ
2667 1986 2835 2057 μέσου
2856 1987 3038 2044 αὐτῶν
3062 1990 3400 2064 διανέστησά
3450 2012 3515 2049 σε
3552 2012 3571 2027 ο
3605 1998 3709 2052 ἀπὸ

2124 2074 2249 2129 ὁδοῦ
2289 2076 2568 2149 πολεμίων
2597 2078 2910 2149 ὲμπνέοντά
2943 2097 3003 2136 σε
3026 2082 3227 2155 εὑρὼν,
3267 2088 3365 2137 καὶ
3390 2103 3711 2160 παρωρμη-

2127 2166 2399 2237 σαμένους
2428 2170 2621 2223 παῖσαι
2665 2170 2995 2237 διεκώλυσα,
3049 2174 3151 2228 ούκ
3194 2174 3391 2245 ἔχοντα
3421 2180 3707 2250 σωτηρίας

2124 2257 2340 2314 ἐλπίδα.

2201 2351 2219 2371 ⁸
2244 2351 2557 2419 Πόρρωθεν
2578 2352 2795 2422 Κύριος
2824 2353 2990 2424 ὤφθη
3021 2356 3211 2422 αὐτῷ·
3233 2359 3552 2431 ἀγάπησιν
3578 2364 3712 2418 αἰω-

2124 2441 2266 2496 νίαν
2286 2441 2577 2514 ἠγάπησά
2604 2458 2700 2498 σε.

2197 2530 2432 2587 Tati-cad
2470 2535 2762 2607 προφήτης
2792 2536 2961 2605 λέγει,
2988 2540 3293 2605 τουτέστιν,
3325 2542 3587 2614 ὑπέδειξέ
3618 2564 3711 2619 μοι

2124 2620 2193 2674 δι’
2245 2621 2517 2687 ὀπτασίας
2570 2623 2707 2689 Θεὸς
2758 2625 2829 2679 τὰ
2864 2627 3035 2681 πάλαι
3100 2628 3396 2702 λεγόμενα,
3472 2637 3575 2689 καὶ
3650 2638 3711 2703 ἐξ

2125 2714 2322 2780 αἰῶνος
2339 2729 2357 2747 ο
2388 2715 2542 2780 ὅπως
2573 2716 2681 2771 ὑπὸ
2703 2718 2925 2789 ἀγάπης
2957 2722 3016 2776 ὲν
3032 2724 3098 2792 τῇ
3120 2726 3425 2797 πανερήμῳ
3447 2727 3545 2781 adv
3576 2728 3711 2783 λαὸν

2123 2807 2355 2880 διήγαγε
2391 2824 2405 2839 ο
2440 2812 2532 2863 καὶ
2579 2809 2685 2881 ἔφη
2727 2827 2817 2881 μοι
2864 2812 2981 2879 νῦν,
3018 2814 3265 2889 Ἐκείνην
3313 2818 3413 2889 τὴν
3477 2821 3711 2892 ἀγάπην

2125 2900 2364 2964 αἰωνιως
2412 2901 2678 2972 ὴγάπησα
2743 2903 2941 2958 αὐτόν’
3000 2906 3278 2961 τουτέστιν
3327 2909 3419 2964 διὰ
3472 2913 3707 2976 τέλους·

2124 2992 2222 3046 κα)⁸
2240 2991 2446 3063 ταύτης
2480 2992 2668 3046 ἕνεκεν
2696 2994 2797 3064 τῆς
2827 2995 3010 3058 αἰτίας
3037 2997 3138 3050 οὐκ
3161 2998 3235 3050 ὲῶ
3257 3000 3423 3054 αὐτὸν
3470 3002 3710 3071 διαφθα-

2049 3105 2094 3166 c
2127 3082 2290 3154 ρῆναι
2317 3098 2332 3113 ⁶
2359 3082 2521 3147 σώζω
2545 3084 2604 3137 δὲ
2639 3084 2733 3137 τὸν
2765 3086 2846 3149 εἰς
2870 3088 3130 3141 ἀποικίαν
3162 3089 3313 3145 λαόν.

2200 3178 2219 3199 ⁸
2244 3178 2349 3229 Διὰ
2380 3175 2558 3230 τοῦτο
2576 3176 2839 3231 εἵλκυσά
2856 3193 2932 3232 σε
2957 3179 3045 3244 εἰς
3063 3181 3428 3250 οἰκτειρημα.

2194 3267 2489 3334 Τουτέστι,
2520 3268 2592 3322 δι’
2626 3269 2847 3340 εκείνην
2866 3270 2967 3340 τὴν
3005 3272 3230 3341 ἀγάπην
3256 3274 3497 3343 ήξίωσεν
3540 3278 3706 3332 αὐτὸν

2121 3361 2224 3430 τῆς
2264 3359 2361 3414 νῦν
2408 3360 2659 3433 χάριτος,
2706 3360 3025 3435 ἀπαλλάξας
3064 3364 3231 3419 αὐτὸν
3261 3367 3373 3421 τῶν
3432 3371 3701 3426 Βαϐυλω-

2122 3450 2275 3506 νίων.
2324 3451 2398 3506 Td
2430 3452 2490 3506 δὲ
2539 3453 2802 3507 εῖλκυσά
2838 3467 2949 3521 σε,
3002 3454 3089 3508 ῐνα
3135 3456 3289 3529 δείξῃ
3335 3458 3413 3523 ὡς
3460 3462 3705 3533 ἰσχυρῶς

2121 3539 2492 3612 κατεχόμενον
2523 3539 2816 3606 ἐξέσπασε.
2848 3541 2923 3596 Td
2956 3542 3035 3611 δὲ,
3072 3546 3161 3612 εις
3196 3550 3566 3620 οἰκτείρημα,
3587 3552 3705 3607 Ἐν-

2122 3630 2288 3686 έδυσα
2316 3631 2482 3687 αὐτὸν
2514 3632 2702 3706 χάριν,
2741 3632 2881 3704 ἔχει.

2192 3723 2269 3777 Ού
2301 3724 2439 3795 πρὸς
2464 3723 2679 3796 καιρὸν,
2709 3725 2963 3798 καθάπερ
2991 3727 3080 3794 σὺ,
3102 3726 3206 3783 κᾶν
3229 3729 3405 3800 μυρία
3426 3733 3691 3807 ποιήσῃς,

2120 3812 2233 3885 ἐγὼ
2254 3814 2395 3884 φιλῶ
2426 3831 2509 3870 σε.

2191 3905 2494 3977 υἰκτείρων
2537 3905 2632 3961 καλ⁸
2663 3905 2851 3974 ἐλεῶν,
2894 3907 3016 3979 οὐχὶ
3058 3908 3128 3963 τὰ
3180 3909 3307 3965 κατ’
3352 3911 3518 3979 ἀξίαν
3556 3914 3691 3969 ἀπο-

2120 3997 2322 4068 νέμων.

2191 4091 2209 4111 ⁸
2240 4088 2373 4143 Ὀτι
2393 4087 2775 4159 οἰκοδομήσω
2802 4105 2897 4156 σε,
2926 4090 3025 4144 καί
3048 4091 3528 4162 οἰκοδομηθήσῃ.

2190 4178 2476 4247 Τουτέστι,
2506 4180 2674 4235 πάλιν
2702 4198 2786 4234 σοι
2811 4182 2872 4234 τὸ
2890 4183 3121 4252 ἀρχαῖον
3146 4183 3455 4255 ἀποδίδωμι
3476 4186 3689 4257 σχῆμα,

2116 4268 2334 4333 οὐδενὸς
2363 4268 2662 4340 δυναμένου
2698 4270 3040 4341 ἀντιστῆναι.

2200 4361 2412 4426 Ἀδείας
2443 4360 2668 4432 πολλῆς,
2710 4362 2807 4416 καὶ
2854 4361 3076 4432 βαθείας
3129 4363 3357 4435 εἰρήνης
3408 4367 3694 4438 τεκμήρια

2047 4450 2093 4509 ι)
2116 4454 2286 4522 λέγει,
2318 4453 2413 4508 καὶ
2436 4453 2575 4507 αύτά
2591 4455 2660 4508 τά
2690 4454 2912 4525 ῥήματα
2939 4452 3144 4508 πιθανά
3170 4452 3279 4525 [ισ.
3311 4453 3594 4529 ποθεινά].

2186 4545 2206 4565 ⁸
2233 4544 2581 4598 Φυτεύσατε
2597 4544 2873 4612 φυτείας,
2904 4544 3003 4598 καί
3029 4545 3337 4610 αἰνέσατε,
3371 4545 3469 4600 ὅτι
3518 4547 3693 4601 ἐστιν

2113 4634 2304 4705 ἡμέρα
2331 4634 2775 4705 παρακλήσεως
2804 4634 3307 4705 ἀπολογουμένου
3349 4636 3424 4691 ἐν
3484 4638 3693 4708 ὄρεσιν

2125 4725 2399 4796 Ἐφραίμ.
2447 4724 2657 4795 Στῆτε,
2708 4725 2810 4779 καί
2856 4723 3170 4795 ἀναδῶμεν
3213 4728 3301 4792 εἰς
3329 4724 3489 4781 Σιὼν
3541 4731 3691 4798 πρὸς

2112 4818 2334 4887 Κύριον
2354 4817 2465 4872 τὸν
2490 4816 2639 4872 Θεὸν
2654 4815 2845 4886 ἡμῶν.

2197 4909 2263 4963 Ἦ
2320 4909 2421 4981 μὲν
2457 4908 2637 4963 ἔννοια
2683 4905 2780 4961 τοῦ
2834 4906 3152 4979 Ἑλληνικοῦ
3203 4906 3353 4962 ἐστιν
3398 4908 3569 4980 αὕτη,
3615 4911 3694 4963 δτι

2107 5001 2537 5064 Ἐπανελθόντες
2563 4998 2903 5054 ἀπολαύσετε
2921 5000 3020 5071 τῆς
3040 4999 3301 5070 εύφορίας
3321 4999 3419 5070 τῆς
3442 5000 3576 5070 γῆς,
3604 5005 3695 5056 καὶ

2107 5092 2208 5163 τὴν
2237 5093 2342 5164 γῆν
2371 5092 2809 5162 κατεσχηκότεςο
2853 5090 3014 5145 τοῦτο
3061 5092 3172 5160 γὰρ
3212 5090 3414 5162 μηνύει
3456 5092 3521 5147 τό
3546 5109 3562 5124 ·
3598 5092 3694 5147 Ἐν

2110 5188 2320 5256 ὄρεσιν
2348 5187 2623 5258 Ἐφραὶμ,
2654 5187 2764 5242 ἀπὸ
2799 5186 2897 5241 τοῦ
2946 5185 3174 5258 μερικοῦ
3192 5186 3294 5258 τὴν
3333 5189 3519 5244 πᾶσαν
3565 5190 3687 5259 γῆν,

2113 5279 2201 5331 ἴνα
2225 5279 2377 5349 είπῃ*
2406 5278 2563 5333 Μετά
2590 5277 2830 5349 σπουδῆς
2855 5276 3288 5332 ὲπανελεύσεσθε
3322 5279 3405 5341 εἰς
3448 5280 3543 5332 adv
3562 5280 3689 5333 ναὸν

2111 5370 2411 5441 ὑμνοῦντες
2458 5371 2549 5426 τὸν
2600 5372 2754 5427 Θεόν.
2825 5370 2886 5425 '0
2928 5372 2986 5426 δὲ
3044 5370 3296 5443 Ἐϐραῖος
3336 5369 3511 5434 οὕτως
3536 5371 3684 5441 ἔχει·

2108 5463 2222 5519 Καὶ
2273 5464 2657 5532 φυτεύσουσι
2722 5462 2825 5519 καί
2887 5462 3178 5533 φάγονται
3243 5462 3355 5517 τὸν
3427 5464 3678 5531 καρπόν.

2117 5556 2327 5612 Ἔσται
2346 5555 2460 5625 γὰρ
2485 5556 2555 5612 ἐν
2582 5557 2773 5627 ἡμέρᾳ
2794 5557 2865 5613 ἐν
2885 5550 2926 5628 ᾖ
2942 5556 3333 5625 κεκράξονται
3362 5558 3417 5611 oi
3442 5556 3680 5626 φυλάσ-
