3854 6404
89 384 220 440 973

1221 382 1646 437 FRAGMENTA
1678 385 1746 437 ΙΝ
1781 381 2146 444 JLREMIAM.

3283 399 3402 457 974-

89 519 338 568 σοντες
381 501 528 568 τσὺς
575 501 939 572 ὰμπελωνας
964 517 979 533 ο
1015 501 1335 568 Ἀνάστητε
1368 503 1466 556 καί
1513 498 1696 556 ἀνέλ-

1836 501 1906 555 ite
1965 512 2012 556 et
2058 503 2400 558 ascendamus
2445 506 2501 561 in
2536 504 2688 565 Sion.
2735 497 2806 563 Et
2843 515 2926 565 est
2951 497 3142 567 eadem
3169 525 3393 567 senten-

91 593 312 663 Owjurr
333 597 422 661 εἰς
465 593 638 648 Σιών.
671 594 913 660 Σώζεται
941 594 999 647 δε
1023 596 1057 665 ή
1081 594 1216 665 αὑτὴ
1242 595 1422 648 ἔννοια
1444 612 1460 629 ο
1487 596 1557 664 τῇ
1595 593 1705 665 γὰρ

1837 593 1920 659 ia;
1951 608 2018 648 ex
2075 595 2506 667 uniuscujusque
2553 599 2699 654 enim
2750 599 2987 658 utilitste
3047 603 3390 674 superabun-

93 687 354 740 ἑκάστου
393 688 632 759 ὠφελείᾳ
659 687 759 760 τὴν
806 687 1071 759 περιττὴν
1116 687 1401 742 εὐσέϐειαν
1433 686 1700 742 δείκνυσι.

180 779 325 833 Ὀτι
343 781 738 849 ἐφυτεύσατε.

181 873 336 942 Ὅρα
360 872 642 942 πανταχοῦ
673 872 787 936 πῶς
813 872 1148 942 ἀναμίγνυσι
1192 873 1308 936 τοῖς
1339 871 1571 941 ἀγαθοῖς
1602 871 1704 944 τὴν

102 965 424 1035 μετάνοιαν
442 962 831 1035 [ἐπιστροφὴν]
865 964 1067 1017 αὐτῶν.

179 1062 201 1076 ‘
232 1056 655 1126 Ἀγιιλλίασθε,
706 1056 806 1109 καί
851 1056 1271 1124 εὐφραίνεσθε,
1332 1054 1435 1109 καί
1488 1071 1704 1125 χρεμε-

98 1150 350 1212 τίσατε,
377 1148 474 1202 ἐπὶ
496 1146 777 1216 κεφαλὴν
802 1146 1017 1201 ἐθνῶν.

183 1238 512 1302 Τουτὲστιν,
561 1237 792 1291 ἐνώπιον
841 1236 948 1290 τῶν
1007 1236 1180 1290 ἐθνῶν
1233 1236 1495 1307 βοήσατε,
1533 1238 1702 1312 μηδὲν

101 1331 324 1394 αὐτοὺς
351 1330 674 1394 δεδοικότες,
704 1330 795 1383 διὰ
815 1329 914 1400 τὴν
947 1329 1089 1400 ἐμὴν
1120 1331 1461 1402 συμμαχίαν.

188 1427 210 1445 '
242 1421 394 1478 Ἰδοὺ
438 1419 553 1492 ἐγὼ
576 1420 698 1491 ἄγω
741 1421 966 1487 αὐτοὺς
1020 1421 1138 1476 ἀπὸ
1179 1420 1294 1492 γῆς
1337 1421 1554 1491 Βορῤἇ.
1603 1423 1705 1476 καί

103 1515 372 1578 συνάξω
393 1513 619 1579 αὐτοὺς
641 1512 744 1568 ἀπ’
771 1513 1038 1583 ἐσχάτου
1086 1511 1200 1583 τῆς
1237 1513 1352 1584 τῆς
1399 1515 1469 1568 ἐν
1523 1513 1706 1585 ἑορτῇ

104 1607 354 1663 Φεεσέκ.

188 1699 510 1765 Τουτέστιν,
558 1697 635 1764 ὡς
694 1700 753 1754 ὲν
807 1699 872 1770 τῇ
932 1699 1094 1770 ἑορτῇ
1142 1697 1238 1755 τοῦ
1284 1699 1487 1767 Φασὲκ,
1531 1698 1705 1766 οὕτως

107 1793 379 1860 ἅπαντας
408 1790 726 1845 ἐπανελθεῖν
749 1788 1049 1862 προθύμως
1082 1792 1314 1863 ποιήσω.

195 1841 1469 1956 ἐῖὶέὶ⁷ζςᾷέζήῖέᾷῥέεήέρ’ᾇὲὲὲέζαέἔτέζᾶάιράν.
1518 1851 1703 1959 om
1736 1841 1782 1906 ⁸

107 1977 207 2030 ὅτι
228 1975 394 2047 ἐξέϐη
429 1978 488 2029 ὲν
518 1977 682 2047 ἑορτῇ
710 1975 892 2029 eam
925 1976 1068 2030 κατὰ
1088 1976 1178 2029 τὸν
1201 1977 1412 2047 καιρὸν,
1460 1977 1585 2030 καθ’
1623 1975 1702 2044 ὂνζ

112 2067 224 2118 καὶ
257 2065 318 2130 ἐξ
344 2065 626 2136 Αἰγύπτου
650 2069 772 2119 τότε
793 2065 1031 2134 ἐξελθεῖν
1056 2065 1408 2138 ἐλυπήθησαν
1436 2065 1547 2140 [ίσ.
1586 2062 1706 2124 ἔδυ-ὲ

111 2157 420 2230 νήθησαν].
454 2159 566 2230 Ούχ
589 2158 776 2222 ἁπλῶς
807 2153 961 2223 οὗτος
991 2160 1020 2212 ό
1042 2157 1231 2230 καιρὸς
1280 2159 1552 2232 ἑκατέρας
1587 2162 1707 2214 ἐστὶ

107 2251 223 2322 τῆς
246 2250 477 2304 εἰσόδου.
515 2251 658 2306 Ἀλλ’
693 2251 807 2305 ίστε
843 2252 893 2305 οί
928 2253 1295 2324 μεμυημένοι,
1348 2251 1496 2317 τίνος
1534 2253 1706 2320 τύπος

104 2344 286 2397 τοῦτο
311 2338 399 2415 ἦν.
430 2344 696 2416 Δεύτερον
727 2345 848 2400 τότε
876 2343 1294 2417 ἐπανέρχονται.

194 2435 310 2489 Kal
340 2434 767 2506 τεκνοποιήσῃ.
1055 2495 1060 2500 _

189 2525 354 2580 οὕτω
411 2527 505 2580 καὶ
549 2529 598 2582 οί
633 2528 913 2599 ἀνάπηροι
971 2527 1096 2583 τότε
1154 2527 1590 2602 θεραπευθέντες
1637 2531 1709 2587 τὰ

107 2613 384 2686 σώματα,
409 2615 648 2689 πατέρες
683 2617 923 2673 ἔσονται.

191 2709 300 2762 Ἐν
324 2708 633 2780 κλαυθμῷ,

205 2797 431 2873 Ἐπειδὴ
465 2801 576 2873 γὰρ
638 2801 784 2866 εἰκὸς
828 2795 897 2872 ἦν
959 2801 1161 2866 αὐτοὺς
1207 2801 1441 2866 εἰδότας,
1491 2801 1588 2857 καὶ
1647 2802 1710 2856 τὸ

111 2893 330 2963 μῆκος,
363 2893 460 2946 καὶ
537 2891 638 2965 τὴν
679 2893 1060 2966 ταλαιπωρίαν
1124 2895 1225 2966 τῆς
1277 2893 1400 2949 ὁδοῦ
1447 2894 1708 2966 ἰλιγγιᾷν,

108 2983 356 3048 εἰκότως
379 2985 476 3039 καὶ
511 2985 710 3040 τοῦτον
747 2988 971 3059 ἀναιρεῖ
1015 2987 1109 3042 τὸν
1143 2987 1312 3058 φόϐον
1372 2986 1574 3056 λέγων,
1625 2989 1709 3042 ὅτι

110 3076 199 3130 οὗ
227 3075 525 3146 φεύγοντες
565 3078 749 3149 ἥξετε,
785 3079 844 3133 ού
869 3080 928 3134 δὲ
961 3079 1375 3151 θορυϐούμενοι,
1398 3079 1536 3135 ἀλλὰ
1572 3082 1711 3152 μετὰ

108 3166 294 3238 τιμῆς
337 3168 435 3222 καὶ
479 3169 882 3242 παρακλήσεως
925 3171 1020 3224 καὶ
1076 3171 1315 3236 ἀνέσεως
1363 3171 1466 3242 τῆς
1535 3189 1708 3243 προσ-

104 3257 390 3331 ηκούσης,
456 3261 635 3315 καίτοι
671 3265 823 3327 ποῖος
855 3261 1016 3316 τοῦτο
1038 3262 1301 3334 λογισμὸς
1331 3264 1514 3336 εὑρεῖν
1545 3264 1706 3333 δυνή-

110 3371 305 3420 σεται,
335 3356 420 3408 ὅτι
451 3356 552 3428 τῆς
582 3356 792 3421 πόλεως
818 3357 1076 3430 ἀλούσης,
1127 3360 1224 3412 καὶ
1279 3358 1388 3412 τῶν
1427 3358 1707 3414 δεσποτῶν

107 3445 526 3518 χειρωθέντων,
577 3449 627 3501 οί
670 3447 849 3503 δοῦλοι
907 3449 1058 3520 παρὰ
1105 3449 1216 3503 τῶν
1271 3448 1552 3502 δεσποτῶν
1597 3449 1708 3504 τῶν

107 3538 555 3610 χειρωσαμένων
581 3539 723 3612 μετὰ
751 3540 922 3612 τιμῆς
947 3539 1176 3614 ἔμελλον
1204 3539 1539 3597 ἀπολύεσθαι
1571 3541 1708 3614 πρὸς

105 3631 223 3702 τὴν
255 3629 466 3684 οἰκείαν
485 3647 500 3696 ;

191 3718 330 3772 Ὀτι
356 3719 675 3792 ἐγενόμην.

195 3810 346 3882 Ὅρα
406 3813 589 3868 αἰτίαν
647 3815 955 3884 ἀναγκαίαν
1010 3816 1112 3887 τῆς
1153 3815 1432 3889 σωτηρίας
1499 3815 1706 3885 αὐτῶν,

108 3901 224 3954 οὐκ
259 3902 514 3970 ἀφιείσαν
542 3903 741 3968 αὐτοὺς
770 3904 1108 3978 τυφωθῆναι.
1159 3907 1233 3962 Ob
1290 3905 1400 3980 γὰρ
1435 3907 1545 3963 ἀπὸ
1575 3925 1708 3962 κατ-

108 3993 488 4066 ορθωμάτων,
556 3996 672 4050 ἀλλ’
708 3996 816 4050 ἀπὸ
844 3995 1142 4062 διαθέσεως
1174 3997 1275 4070 τῆς
1318 3998 1558 4071 φυσικῆς
1604 4000 1706 4054 αύ-

111 4087 253 4150 τοὺς
287 4085 468 4152 σώζω.
508 4087 680 4142 Τοῦτο
707 4088 1000 4154 δείκνυσιν,
1032 4089 1115 4143 ὅτι
1142 4088 1238 4144 καὶ
1273 4091 1481 4156 πάντας
1516 4090 1704 4148 σώσει.

111 4177 318 4242 οὐδεὶς
358 4178 470 4251 γὰρ
527 4179 713 4251 πατὴρ
766 4179 1086 4251 περιόψεται
1130 4182 1298 4236 παῖδα
1336 4183 1706 4254 πρωτότοκον,

109 4273 222 4324 καὶ
279 4271 434 4342 παρὰ
469 4272 707 4344 πατέρος
765 4271 1075 4344 σωζόμενος
1120 4275 1222 4328 οὐκ
1257 4273 1326 4330 ἂν
1397 4274 1512 4348 ἔχοι
1562 4276 1709 4349 μέγα

110 4383 153 4434 φ
164 4365 373 4435 ρονείν.
806 4421 812 4424 .

189 4453 530 4510 Ἀκούσατε
557 4457 769 4526 λόγον.

1807 683 2026 739 dantem
2067 688 2328 755 pietatem
2357 689 2720 746 demonstrat.

1880 773 2024 839 Quia
2058 777 2361 846 plantastis.

1880 869 2016 923 Vide
2041 877 2100 922 ut
2121 869 2321 939 ubique
2349 881 2474 924 cum
2497 869 2657 928 bonis
2677 871 2974 944 coniungat
3005 890 3200 932 eorum
3253 892 3390 934 con-

1803 960 2133 1015 versionem.
2628 963 2633 969 ’

1878 1053 1894 1073 ·
1917 1049 2086 1105 Vsus.
2121 1050 2176 1105 7.
2203 1047 2482 1107 Exsulta“
2503 1051 2558 1106 in
2583 1047 2800 1120 latitia,
2819 1063 2866 1107 et
2893 1051 3176 1123 lwtantini,
3198 1067 3245 1111 et
3267 1058 3388 1112 Itin-

1805 1143 1909 1196 m'le
1928 1159 2082 1212 super
2097 1154 2248 1210 caput
2272 1146 2526 1213 gentium.

1876 1233 1993 1288 Hoc
2023 1242 2128 1300 est,
2159 1250 2344 1290 coram
2378 1236 2633 1304 gentibus
2664 1235 2922 1302 clamate.
2965 1236 3099 1291 nihil
3129 1252 3225 1293 eos
3269 1253 3390 1308 pro-

1803 1332 1923 1393 pter
1947 1339 2124 1379 meum
2150 1325 2412 1380 auxilium
2446 1325 2724 1381 timentes.

1875 1418 1892 1439 ‘
1937 1416 2100 1472 Vsus.
2130 1416 2185 1473 8.
2219 1417 2354 1471 Ecce
2376 1432 2468 1487 ego
2494 1417 2702 1472 adduco
2733 1432 2824 1473 eos
2863 1420 2929 1474 de
2968 1429 3111 1474 terra
3170 1419 3392 1490 Aquilo-

1805 1509 1909 1574 uis,
1931 1517 1980 1562 et
2027 1513 2350 1580 congregabo
2377 1527 2468 1566 eos
2507 1512 2573 1566 ab
2617 1523 2850 1568 extremo
2889 1523 3048 1568 term
3096 1514 3152 1568 in
3202 1514 3389 1568 solent-

1805 1602 1970 1655 m'tate
1996 1599 2224 1656 Phasec.

1875 1693 1992 1749 Hoc
2017 1701 2122 1761 est,
2142 1694 2283 1749 sicut
2335 1694 2390 1750 in
2431 1694 2778 1754 solemnitate
2823 1697 3057 1764 Phasee,
3079 1695 3163 1753 sic
3193 1708 3386 1752 omnes

1830 1784 1998 1839 alacri
2038 1785 2219 1855 animo
2248 1790 2445 1842 reverti
2483 1786 2702 1844 faciam.

1879 1877 2081 1933 Deinde
2114 1886 2171 1934 et
2213 1878 2614 1938 solemnitatem
2662 1883 2834 1952 ponit,
2867 1889 2924 1937 et
2955 1889 3192 1952 tempus.
3218 1878 3386 1936 Vides

1809 1967 1863 2023 in
1896 1969 2240 2026 solemnitate
2287 1969 2500 2027 Phasec
2541 1974 2791 2032 evenisse
2828 1983 3075 2043 tempore
3116 1971 3234 2036 illo,
3274 1987 3384 2040 quo

1807 2060 2120 2118 etiamtunc
2163 2078 2232 2118 ex
2257 2061 2491 2136 Egypto
2540 2066 2725 2136 egredi
2775 2074 3090 2136 potuerunt.
3116 2061 3228 2118 Nec
3281 2061 3388 2117 for-

1807 2154 1944 2209 tuito
1966 2165 2180 2227 tempus
2221 2157 2325 2212 hoc
2381 2158 2666 2228 utriusque
2720 2158 3078 2229 ingressionis
3123 2164 3252 2210 est:
3289 2155 3388 2211 sed

1807 2244 2006 2300 initiati
2037 2249 2210 2305 nostis
2241 2247 2395 2321 cuius
2450 2249 2625 2322 ﬁgura
2673 2250 2791 2306 haec
2820 2251 2914 2307 sit.
2958 2247 3218 2306 Secundo
3256 2256 3386 2302 tunc

1808 2346 2177 2396 revertuntur.

1878 2427 1948 2484 Et
1973 2432 2262 2502 generabit.

1879 2520 1973 2580 Sic
2001 2531 2056 2579 et
2082 2524 2340 2592 mutilati,
2365 2535 2499 2585 tunc
2545 2532 2751 2586 curatis
2804 2529 3155 2600 corporibus,
3196 2541 3383 2602 patres

1809 2613 1961 2668 ﬂent.

1877 2703 2043 2762 Vsus.
2078 2707 2132 2764 9.
2157 2707 2224 2763 In
2254 2708 2485 2778 ploratu.

1877 2793 2012 2852 Nam
2048 2800 2172 2870 quia
2200 2809 2624 2859 consentaneum
2653 2810 2771 2858 erat
2813 2818 2910 2861 eos
2963 2803 3178 2860 itineris
3206 2801 3387 2876 longi-

1809 2893 2049 2950 tudinem
2073 2905 2134 2951 et'
2172 2895 2513 2953 incommoda
2538 2897 2777 2954 scientes
2821 2900 3158 2970 perturbari,
3187 2902 3386 2958 merito

1807 2984 1954 3042 hunc
1981 3003 2198 3060 quoque
2218 2990 2438 3060 expellit
2462 2993 2737 3058 timorem,
2761 2993 2949 3048 dicens
2979 3011 2995 3049 :
3024 2993 3146 3051 Non
3172 2995 3386 3067 fugien-

1809 3086 1891 3134 tes
1908 3082 2156 3148 venietis,
2187 3098 2296 3138 non
2326 3085 2547 3151 turbati,
2581 3086 2675 3140 sed
2708 3100 2832 3142 cum
2875 3087 3084 3142 honore
3140 3095 3196 3145 et
3253 3105 3387 3144 con-

1809 3168 2099 3238 solatione,
2133 3181 2189 3228 et
2230 3174 2550 3231 remissione
2584 3175 2751 3231 animi
2789 3176 3170 3234 conveniente.
3203 3178 3387 3246 Quan-

1807 3276 1970 3331 quam
2005 3279 2127 3334 quaa
2175 3265 2312 3321 ratio
2351 3265 2596 3324 invenire
2626 3268 2728 3324 hoc
2761 3269 2992 3339 poterit?
3022 3277 3259 3341 utcapta
3295 3269 3378 3325 ci-

1806 3354 1996 3422 vitate,
2026 3355 2262 3413 dominis
2305 3358 2359 3413 in
2393 3360 2709 3414 servitutem
2737 3360 2992 3426 redactis,
3049 3361 3193 3416 servi
3223 3376 3253 3415 s
3284 3361 3384 3418 do-

1807 3445 1971 3501 minis
1994 3445 2088 3517 qui
2116 3461 2210 3504 eos
2231 3453 2529 3520 ceperant,
2556 3465 2682 3507 cum
2711 3450 2922 3509 honore
2952 3449 3170 3507 domum
3195 3452 3383 3508 remit-

1811 3539 2089 3594 terentur!

1881 3719 2024 3786 Quia
2053 3719 2225 3790 {actus
2247 3736 2388 3775 sum.

1879 3808 2016 3866 Vide
2061 3813 2428 3867 necessariam
2475 3810 2668 3869 salutis
2713 3827 2904 3870 eorum
2951 3828 3213 3882 causam,
3273 3831 3384 3872 non

1807 3901 2215 3971 permittentem
2249 3916 2343 3958 eos
2377 3904 2681 3974 superbire.
2714 3904 2834 3961 Non
2873 3905 3019 3960 enim
3081 3908 3152 3962 ob
3191 3921 3382 3962 eorum

1811 3994 2024 4059 merita,
2060 3994 2154 4050 sed
2182 4009 2247 4050 ex
2273 3994 2467 4052 all‘ectu
2501 3996 2631 4051 mihi
2667 3996 2856 4052 innato
2899 3995 3018 4053 illos
3068 3999 3242 4054 salvo.
3273 3999 3387 4054 Hoc

1811 4091 2098 4150 monstrat,
2139 4087 2288 4156 quod
2336 4087 2499 4142 etiam
2544 4101 2736 4144 omnes
2778 4087 2972 4154 salvat,
3017 4087 3196 4146 nullus
3235 4091 3382 4146 enim

1809 4184 1966 4244 pater
1989 4184 2298 4232 contemnet
2344 4177 2512 4232 lilium
2539 4178 2979 4250 primogenitum,
3001 4188 3058 4235 et
3094 4182 3187 4250 qui
3222 4197 3249 4236 a
3287 4197 3384 4252 pa-

1811 4276 1892 4322 tre
1914 4267 2176 4338 salvatur,
2203 4284 2310 4325 non
2337 4269 2500 4326 habet
2526 4271 2596 4326 de
2622 4286 2734 4342 quo
2758 4285 2816 4327 se
2839 4269 3084 4328 extollat.

1881 4451 2047 4507 Vens.
2074 4451 2164 4506 10.
2199 4450 2392 4506 Audite
2416 4451 2589 4507 verba.

209 4545 270 4599 Ὀ
304 4544 543 4617 μάλιστα
574 4547 936 4619 ἡμαρτηκὼς,
972 4548 1002 4602 ὁ
1021 4548 1258 4620 μάλιστα
1282 4546 1702 4624 διεφθαρμένος,

1882 4543 1982 4610 Qui
2018 4542 2257 4598 maxime
2287 4542 2557 4613 peccavit,
2585 4541 2678 4612 qui
2714 4556 2928 4597 summe
2955 4549 3247 4613 corruptus
3278 4554 3388 4612 est,

108 4635 218 4692 καὶ
245 4637 353 4690 οὐκ
371 4636 514 4708 ιχων
542 4638 736 4692 ἐλπίδα
767 4641 1066 4713 σωτηρίας.

189 4725 390 4780 Πᾶσαν
444 4726 544 4799 τὴν
588 4728 917 4800 οἰκουμένην
961 4731 1228 4804 ποιήσατε
1287 4731 1543 4804 μάρτυρα
1597 4734 1709 4789 τῶν

107 4818 479 4888 λεγομένων·
515 4816 661 4873 οὕτω
732 4819 1047 4893 θαρροῦμεν
1109 4823 1262 4894 παρὰ
1310 4821 1494 4896 [forte
1550 4824 1704 4899 περὶ]

107 4908 328 4964 αὐτῶν.

187 4999 424 5057 Ειπατε
441 5004 474 5057 ό
489 5004 820 5075 λικμήσας.

185 5092 341 5164 Ὅρα
368 5093 534 5158 πόσος
564 5095 795 5168 κόσμος,
838 5097 969 5154 ὅταν
1001 5099 1169 5172 μηδὲν
1204 5099 1358 5174 παρὰ
1398 5101 1705 5176 ἀνθρώπων

113 5185 382 5257 πάσχωσι
409 5185 604 5254 δεινὸν,
632 5189 685 5242 εί
718 5207 804 5256 τις
854 5191 1082 5246 ἀπιστεῖ
1141 5192 1233 5248 τὸν
1263 5193 1502 5266 πόλεμον
1552 5197 1706 5268 παρὰ

112 5275 216 5329 τοῦ
268 5274 410 5329 Θεοῦ
455 5279 809 5350 γεγενῆσθαι,
855 5281 919 5336 τὸ
956 5282 1358 5356 δυσκολώτερον
1412 5287 1576 5357 ὀρῶν,
1608 5287 1709 5360 τὴν

112 5365 314 5420 ἄνοδον
354 5368 490 5440 παρ’
533 5370 701 5424 αὑτοῦ
742 5373 1140 5446 γεγενημένην,
1183 5377 1276 5431 καὶ
1335 5377 1464 5448 περὶ
1502 5378 1709 5451 ταύτης

115 5457 372 5531 [τούτου]
399 5462 730 5522 πιστευέτω.

205 5550 310 5616 Ὠς
330 5553 364 5606 ὁ
387 5552 664 5616 βόσκων.
1247 5607 1262 5618 ι

218 5640 388 5714 Ὁρᾷς
415 5644 498 5697 ὅτι
531 5645 670 5701 θεοῦ
709 5649 772 5703 τὸ
803 5650 966 5724 ἔργον
995 5652 1167 5721 ἐστὶν,
1217 5652 1346 5708 ὅταν
1388 5653 1464 5724 μὴ
1498 5653 1710 5726 ίσόρῤο·

119 5749 228 5796 πος
261 5735 295 5803 ἡ
337 5734 510 5806 μάχη·

195 5822 506 5889 Ἐξείλατο
536 5830 740 5886 αὐτόν.

1815 4635 2017 4704 quique
2040 4632 2239 4688 nullam
2272 4631 2466 4687 salutis
2501 4645 2651 4700 spem
2684 4629 2870 4686 habet.

1887 4721 2085 4777 Totum
2116 4729 2382 4777 terrarum
2431 4722 2620 4776 orbem
2657 4720 2925 4777 dictorum
2959 4719 3126 4778 facite
3167 4730 3386 4788 testem,

1817 4824 2024 4871 tantum
2044 4813 2112 4871 de
2136 4811 2245 4870 illis
2266 4812 2613 4869 conﬁdimus.

1887 4999 2058 5054 Dicite
2087 4998 2178 5070 qui
2207 4997 2496 5054 uentilauit.

1891 5089 2020 5146 Vide
2049 5098 2284 5161 quantus
2308 5089 2511 5154 decor,
2543 5103 2667 5144 cum
2704 5088 2776 5144 ab
2812 5088 3127 5145 hominibus
3180 5088 3386 5146 nullum

1814 5184 2094 5255 patiuntur
2133 5180 2333 5237 malum
2371 5198 2386 5235 :
2429 5179 2473 5234 si
2514 5179 2636 5249 quis
2675 5179 2871 5236 bellum
2925 5195 2956 5236 a
2993 5180 3104 5236 Deo
3162 5180 3384 5237 missum

1816 5293 1923 5333 non
1953 5275 2148 5340 credit,
2172 5275 2361 5330 videns
2382 5273 2675 5338 diliicilius.
2707 5275 2938 5332 reditum
2985 5289 3179 5348 nempe
3206 5275 3275 5332 ab
3323 5293 3390 5332 eo

1814 5371 2023 5436 datum,
2057 5377 2112 5422 et
2141 5368 2207 5424 de
2235 5366 2327 5423 illo
2352 5367 2558 5422 credat.

1889 5551 2056 5619 Quasi
2074 5561 2274 5621 pastor.

1876 5644 2044 5700 Vides
2070 5642 2164 5698 Dei
2187 5658 2310 5700 esse
2355 5658 2510 5715 opus,
2543 5659 2666 5718 cu‘m
2706 5661 2857 5717 aequa
2897 5646 3050 5701 lance
3077 5658 3252 5716 pugna
3280 5657 3386 5697 non

1817 5737 2059 5811 procedit
2079 5737 2101 5791 ἰ

1889 5829 2143 5887 Liberavit
2170 5844 2308 5884 eum.
