3810 6384
472 336 578 393 973

536 450 837 511 Considera
865 454 1005 512 bona
1060 455 1167 512 sibi
1221 453 1454 510 invicem
1514 456 1887 521 succedentia,
1916 471 2047 511 con-
2075 456 2123 516 Δ

467 544 760 615 fertimque
784 548 1075 612 venientia,
1107 545 1659 616 praedicationumque
1704 548 1950 617 copiam,
1980 560 2047 598 ne

467 646 674 692 tantum
707 639 1056 707 praesentium
1093 638 1497 708 experimento,
1519 642 1613 696 sed
1640 651 1695 697 et
1727 640 2041 695 futurorum

466 743 559 798 spe
591 728 939 784 hilarescant.

540 820 739 877 "Vsus.
766 820 854 875 12.
895 819 962 874 Et
1001 821 1100 876 erit
1152 822 1337 877 anima
1382 837 1564 877 eorum
1632 823 1784 892 quasi
1839 821 2045 892 lignum

464 911 814 979 fructiferum.

538 1002 595 1058 ιιι
622 1014 729 1069 est,
760 1006 912 1061 omni
943 1006 1089 1063 bono
1141 1006 1527 1076 implebuntur.
1554 1006 1818 1062 Hebraeus
1861 1015 2043 1060 autem

465 1094 544 1150 sic
575 1094 703 1166 legit
736 1114 750 1151 ε
784 1096 954 1163 Quasi
990 1098 1173 1152 hortus
1195 1098 1372 1153 ebrius
1395 1098 1569 1168 aquis.

532 1279 693 1334 Vsus.
731 1280 819 1335 l3.
852 1278 998 1353 Tunc
1013 1281 1337 1351 gaudebunt.

543 1369 660 1424 Hoc
692 1380 794 1435 est,
834 1380 960 1425 tunc
988 1372 1227 1427 viduitas
1264 1387 1369 1428 non
1411 1374 1515 1427 erit
1542 1391 1558 1441 ;
1587 1388 1731 1429 nunc
1759 1373 1907 1428 enim
1938 1388 2042 1426 non

369 1495 377 1502 -
463 1463 858 1531 erantnuptias,
892 1477 991 1518 nec
1014 1462 1358 1531 prolificatio,
1384 1465 1481 1521 sed
1519 1480 1713 1535 pinnae,
1736 1474 1792 1521 et
1814 1464 2046 1533 juvenes

468 1553 811 1607 miseriarum
829 1555 1045 1611 occasio
1082 1553 1191 1609 illis
1214 1563 1396 1610 erant.

534 1644 603 1699 Et
630 1646 852 1715 faciam.

535 1734 726 1790 Omnis
757 1744 890 1791 :etas
908 1736 1165 1807 gaudium
1193 1738 1299 1795 hoc
1325 1741 1546 1795 sentiet.

1248 335 1809 395 SUPPLEMENTUM
1847 338 1939 396 AD
1980 340 2040 396 S.
2078 337 2131 395 Ι.
2170 340 2657 400 CHRYSOSTOMI
2697 343 2948 401 οΡειιΑ.

3638 348 3732 405 970

2222 458 2365 529 Ὅρα
2413 457 2600 527 ἀγαθὰ
2656 460 3041 531 διαδεχόμενα,
3081 462 3177 517 καὶ
3229 461 3406 533 ἀθρόα
3452 462 3529 516 τὰ
3578 464 3732 528 καλὲ,

2148 546 2244 599 καὶ
2294 549 2633 619 προρρήσεις
2677 551 3051 621 προρρήσεων
3089 549 3334 623 [Im-uati.
3366 554 3736 625 προρρήσει-,ν

2149 635 2522 709 περιουσίαν],
2554 637 2643 691 ἶνα
2662 639 2740 709 μὴ
2776 640 2941 709 μόνον
2972 643 3041 711 τῇ
3069 642 3236 714 πείρᾳ
3263 643 3374 695 τῶν
3428 643 3736 712 παρόντων,

2146 726 2283 779 ἀλλά
2311 727 2408 780 καὶ
2430 728 2762 794 ταῖίέλπισι
2797 730 2911 784 τῶν
2953 731 3262 803 μελλόντων
3301 735 3736 804 εὐφραίνωνται.

2223 822 2237 839 ⁸
2270 818 2379 872 Καὶ
2431 818 2603 873 ἔσται
2673 821 2714 889 η
2778 821 2956 893 ψυχὴ
3010 824 3212 880 αὐτῶν
3270 825 3487 895 ὥσπερ
3553 826 3740 891 ξύλον

2145 909 2472 977 ἔγκαρπον.

2220 997 2541 1065 Τουτέστιν,
2584 1002 2790 1068 παντὸς
2838 1004 3047 1074 ἀγαθοῦ
3081 1007 3526 1078 πλησθήσονται.
3576 1006 3639 1058 '0
3689 1007 3739 1060 δὲ

2160 1088 2409 1160 Ἑϐραῖος
2467 1090 2638 1157 οὕτως
2683 1092 2796 1163 ἔχει
2820 1134 2835 1160 ,
2887 1097 2968 1161 ὡς
3032 1096 3225 1166 κῆπος
3277 1096 3738 1167 μεμεθυσμένα

2146 1178 2387 1235 ὕδασιν.

2222 1273 2363 1326 Τότε
2394 1273 2790 1343 χαρήσονται.

2216 1361 2535 1430 Τουτέστιν,
2574 1366 2674 1420 οὐκ
2728 1368 2880 1424 ἐσται
2930 1369 3129 1440 χηρεία
3176 1369 3298 1424 τότε
3321 1386 3337 1402 ·
3365 1369 3465 1423 νῦν
3498 1369 3617 1440 γὰρ
3644 1371 3734 1423 οὐκ

2146 1448 2314 1523 εῐχον,
2357 1456 2418 1508 οὐ
2463 1457 2697 1527 γάμους,
2729 1460 2791 1512 οὐ
2840 1460 3211 1527 παιδοποιίας,
3259 1460 3401 1514 ἀλλὰ
3435 1462 3731 1533 τιμωρίας,

2146 1546 2241 1598 καὶ
2268 1550 2556 1620 συμφορᾶς
2583 1545 2726 1621 ἦσαν
2766 1553 2953 1615 αὐτοῖς
2984 1553 3243 1618 ὑπόθεσις
3263 1555 3315 1607 οί
3342 1554 3480 1607 νέοι.

2215 1636 2325 1691 Καὶ
2349 1638 2601 1707 ποιήσω.

2218 1728 2374 1781 Πᾶσα
2399 1730 2590 1800 ἡλικία
2616 1731 2717 1801 τῆς
2748 1733 2943 1805 ἡδονῆς
2973 1734 3319 1806 αἰσθήσεται.

541 1822 657 1879 Νοιι
696 1799 1079 1896 intempestiva
1129 1828 1418 1895 ebrietate,
1448 1830 1541 1886 sed
1578 1802 1890 1897 laetitictnbo,
1926 1832 2036 1897 ait;

2217 1818 2357 1889 Οὐχὶ
2550 1799 2780 1893 ἄκαιρον
2816 1799 3013 1896 μέθην,
3066 1799 3184 1879 ἀλλ’
3222 1824 3511 1896 εὐφρανῶ,
3560 1825 3726 1896 φησί’

464 1915 565 1968 hac
592 1914 738 1969 enim
764 1930 897 1973 voce
921 1916 988 1971 de
1031 1917 1139 1974 illis
1166 1919 1359 1975 utitur.
1382 1918 1516 1974 Nam
1545 1920 1671 1990 quia
1704 1920 1809 1975 illis
1841 1932 2039 1977 terram

462 2005 827 2073 promisisset,
849 2007 905 2063 bi
936 2022 1065 2063 vero
1121 2019 1330 2065 terram
1368 2026 1473 2066 non
1526 2009 1827 2078 habebant,
1860 2015 1954 2067 sed
1988 2021 2044 2067 et

461 2096 549 2150 his
578 2095 795 2152 alliuent
832 2100 1000 2164 bona,
1024 2100 1218 2169 inquit.

536 2185 702 2242 Vens.
737 2189 823 2244 15.
858 2188 948 2245 Sic
974 2192 1113 2245 dixit
1146 2192 1426 2250 Dominus.

536 2278 649 2333 lloc
681 2279 784 2334 sub
818 2280 1032 2338 llerode
1068 2283 1319 2355 contigit,
1352 2283 1663 2356 nostrisque
1699 2298 1869 2356 nuper
1902 2292 2040 2339 tem-

463 2372 709 2439 poribus.

537 2466 557 2486 '
608 2462 772 2520 Vens.
797 2465 885 2520 i8.
916 2466 1151 2521 Audiens
1179 2466 1361 2521 audiat
1384 2464 1611 2536 Ephrem
1635 2467 1999 2522 lamentantem
2018 2482 2039 2521 :

461 2553 752 2627 Castigasti
785 2574 887 2626 me,
928 2568 981 2613 et
1016 2562 1306 2628 castigatus
1330 2575 1471 2615 sum.

534 2643 831 2716 Postquam
860 2648 1091 2702 duarum
1125 2648 1364 2703 tribuum
1396 2648 1631 2703 reditum
1663 2649 1953 2716 indicavit,
1985 2660 2041 2705 et

461 2736 651 2791 decem
688 2736 867 2791 tribus
907 2737 1061 2806 item.
1090 2751 1409 2794 reversuras
1446 2740 1709 2804 ostendit,
1756 2755 1877 2795 cum
1930 2756 2037 2797 non

462 2842 653 2897 parum
682 2806 1033 2884 utilitatis'ex
1072 2829 1391 2899 captivitate
1429 2830 1737 2886 hauserint.
1765 2830 2038 2899 Tanquam

459 2919 661 2973 situlus
698 2935 805 2973 non
846 2920 1034 2975 didici.
1080 2920 1344 2978 Pervicax
1398 2921 1573 2979 factus
1614 2937 1735 2979 sum
1784 2932 2036 2993 tanquam

462 3010 689 3077 vitulus,
714 3010 807 3080 qui
834 3010 1027 3082 iugum
1057 3011 1338 3068 abhorret.

534 3101 672 3170 Spes
695 3101 889 3157 salutis
918 3116 1024 3157 non
1059 3117 1248 3173 parva,
1282 3110 1337 3157 et
1371 3102 1475 3158 hoc
1499 3109 1710 3173 spectat
1740 3102 1808 3156 ad
1839 3100 1943 3157 boc
1976 3109 2035 3156 ut

460 3192 624 3248 dictis
658 3193 792 3249 ﬁdes
816 3193 1145 3251 adhibeatur
1171 3208 1187 3248 :
1218 3194 1263 3249 si
1290 3194 1435 3249 enim
1453 3193 1694 3249 futurum
1723 3201 1806 3247 est
1828 3201 1885 3248 ut
1916 3191 2034 3248 illos

460 3284 744 3355 paeniteat,
778 3284 951 3355 liquet
989 3300 1112 3341 esse
1138 3284 1445 3342 salvandos.

528 3376 646 3447 Ego
678 3386 931 3447 tanquam
960 3377 1151 3433 vitulus
1178 3393 1279 3433 non
1306 3377 1492 3433 didici.

531 3466 866 3525 Saltationes
941 3469 1085 3526 illius
1153 3469 1447 3526 ostendunt
1516 3475 1728 3524 atatem
1812 3466 2038 3522 rationis

462 3567 770 3629 expertem,
800 3567 855 3615 et
878 3559 1227 3630 iniustitiam,
1264 3558 1473 3615 nullum
1502 3559 1569 3614 ad
1598 3557 1797 3613 bonum
1830 3556 2037 3611 haben-

459 3648 595 3703 tium
620 3647 922 3716 iuventutis
968 3650 1363 3721 insipientiam.
1438 3648 1665 3705 Juvenis
1714 3648 1861 3704 enim
1906 3648 2037 3717 jugo

464 3737 715 3807 privatus
760 3739 1265 3812 cogitationumque
1298 3741 1581 3797 dominatu
1616 3738 1750 3795 nihil
1795 3738 1972 3794 ditl‘ert
2002 3753 2034 3793 a

457 3814 729 3898 iuvenci?
750 3838 955 3886 temere
1005 3829 1365 3897 saltantibus,
1399 3837 1457 3886 et
1487 3838 1547 3883 ut
1587 3842 1745 3883 casus
1780 3826 1901 3893 fert,
1934 3827 2037 3881 bac

462 3928 522 3975 et
549 3919 677 3974 illac
724 3920 1001 3987 euntibus,
1032 3936 1208 3991 neque
1236 3920 1410 3977 oculis
1440 3935 1503 3977 ea
1531 3934 1653 3989 quae
1675 3918 1886 3989 objecta
1913 3927 2037 3973 sunt

461 4009 835 4079 cernentibus,
858 4010 954 4067 sed
983 4010 1037 4065 in
1069 4011 1296 4082 abrupta
1330 4011 1449 4069 loca
1474 4009 1779 4082 pracipites
1815 4023 1875 4065 se
1899 4009 2034 4064 dan-

463 4100 628 4157 tibus.

532 4190 785 4247 ϐοηθεῖτε
807 4208 910 4247 me.

531 4280 721 4352 Magna
775 4282 970 4347 virtus,
1012 4295 1134 4337 cum
1184 4291 1540 4337 convertente
1591 4281 1704 4338 Deo
1763 4283 2035 4338 converti-

456 4388 602 4429 mur.

527 4469 549 4493 '
568 4466 736 4525 Vsus.
768 4467 860 4526 l9.
887 4467 956 4525 Et
973 4480 1249 4543 antequam
1272 4486 1638 4543 cognoscerem
1661 4470 1883 4528 clamavi
1899 4488 2034 4542 pau-
2063 4487 2113 4550 ι)

455 4560 645 4620 Iulum.

527 4652 643 4709 Hoc
672 4661 779 4719 est,
810 4663 931 4722 post
961 4654 1332 4725 captivitatem
1371 4669 1460 4711 me
1489 4653 1743 4725 paenituit
1769 4671 1788 4723 ;
1813 4654 2034 4709 clamavi

456 4744 602 4800 enim
638 4754 698 4799 ut
729 4744 797 4800 de
827 4745 915 4800 bis
944 4747 1035 4815 qui
1067 4746 1444 4816 paenitentiam
1474 4754 1664 4817 agunt,
1692 4745 1898 4802 dictum
1927 4756 2031 4801 est.

528 4833 796 4905 Confusus
820 4852 960 4900 sum,
988 4848 1039 4890 et
1067 4838 1255 4891 audivi
1274 4847 1345 4902 te,
1372 4838 1623 4907 quoniam
1642 4838 1819 4906 accepi
1845 4853 2034 4907 appro-

458 4924 633 4980 brium
662 4927 727 4979 ab
763 4927 1116 4981 adolescentia
1142 4944 1277 4982 mea.

530 5017 866 5073 Recordatus
886 5032 1006 5073 sum
1049 5034 1243 5089 nempe
1273 5028 1619 5091 peccatorum
1658 5019 2036 5076 adolescentia:

461 5120 619 5163 mete.
649 5107 1073 5163 Adolescentiam
1128 5126 1293 5179 porro
1344 5118 1523 5174 vocat,
1551 5126 1670 5179 qua:
1703 5111 2034 5181 temporibus

458 5195 747 5252 Jeroboam
778 5197 918 5254 facta
960 5208 1110 5265 sunt,
1156 5200 1249 5269 qui
1286 5213 1425 5255 nova
1479 5200 1728 5267 molitus,
1770 5200 2032 5257 idolorum

460 5287 661 5342 cultum
682 5288 918 5344 induxit.

532 5375 668 5432 Cum
694 5392 909 5435 omnem
928 5389 1241 5450 peccantem
1267 5396 1372 5437 non
1390 5381 1647 5449 castigas,
1668 5382 1849 5439 dolere
1868 5398 2031 5455 opor-

464 5480 561 5527 tet.
595 5470 811 5528 Etenim
854 5474 922 5529 ad
953 5474 1350 5540 confusionem,
1383 5478 1526 5531 etad
1558 5477 1659 5533 alia
1693 5477 1858 5533 multa
1904 5492 2033 5547 pec—

461 5572 581 5620 cata
635 5565 885 5636 fugienda
954 5582 1174 5625 sensum
1237 5570 1410 5641 magis
1463 5570 1666 5641 praebet
1725 5571 2029 5641 castigatio.

461 5650 615 5714 Nunc
644 5672 773 5714 vero
801 5659 1108 5731 oppositum
1146 5661 1239 5729 lit;
1291 5662 1418 5718 dum
1465 5662 1847 5733 delinquimus,
1882 5662 2033 5717 inve-

475 5748 685 5807 recundi
706 5765 893 5810 sumus
915 5771 928 5808 :
952 5752 1075 5810 dum
1102 5754 1379 5826 punimur,
1400 5755 1640 5813 animum
1672 5754 2023 5819 demittimus,

2142 1907 2301 1963 τοῦτο
2330 1910 2440 1981 γάρ
2460 1911 2522 1964 τὸ
2550 1912 2721 1983 ὄνομα
2751 1915 2839 1966 ἐπ’
2869 1915 3049 1969 αὐτῶν
3081 1918 3281 1971 κεῖται.
3342 1917 3581 1986 Ἐπειδὴ
3630 1916 3726 1984 γὰρ

2143 2000 2377 2066 ἐκείνοις
2398 2001 2467 2055 τὰ
2494 2003 2603 2056 ἀπὸ
2619 2004 2715 2074 τῆς
2736 2003 2842 2075 γῆς
2855 2002 3401 2075 ἐπηγγείλατο,οὖτοι
3425 2008 3488 2061 δὲ
3512 2009 3619 2077 γῆν
3637 2009 3727 2060 οὐκ

2143 2085 2308 2161 εἶχον,
2339 2091 2473 2146 ἀλλὰ
2511 2092 2607 2147 καὶ
2644 2094 2855 2160 τούτοις
2874 2096 3191 2168 ἐπιρρεύσει
3220 2098 3288 2151 τὰ
3322 2098 3538 2166 ἀγαθὰ,
3569 2099 3721 2167 φησί.

2217 2183 2417 2250 Οὕτως
2445 2179 2577 2238 εἷπε
2611 2186 2847 2253 Κύριος.

2210 2278 2382 2333 Τοῦτο
2414 2281 2637 2350 γέγονεν
2668 2278 2763 2331 ἐπὶ
2798 2276 3036 2349 Ἡρώδου
3056 2295 3071 2310 ·
3098 2277 3291 2347 γέγονε
3316 2276 3375 2331 δὲ
3410 2277 3516 2330 καὶ
3552 2275 3682 2346 ήδη.

2214 2465 2231 2485 ‘
2267 2463 2489 2532 Ἀκοὴν
2516 2463 2757 2533 ἥκουσα
2790 2462 3043 2534 Ἐφραὶμ
3074 2461 3479 2533 ὀδιφομένου·
3532 2460 3730 2515 Ἐπαί-

2140 2552 2367 2621 δευσάς
2390 2571 2491 2624 με,
2513 2554 2614 2608 καί
2646 2552 3033 2621 ἐπαιδεύθην.

2224 2645 2443 2716 Ἐπειδὴ
2479 2646 2591 2699 τῶν
2620 2645 2716 2699 δύο
2760 2643 2945 2715 φυλῶν
2982 2642 3082 2713 τὴν
3113 2640 3296 2695 ἄνοδον
3340 2638 3580 2712 μηνύει,
3625 2639 3730 2691 δεξ-

2140 2754 2351 2803 κνυαιν,
2387 2738 2469 2790 ὅτι
2499 2737 2597 2791 καὶ
2641 2738 2698 2792 ai
2727 2736 2861 2791 δέκα
2891 2734 3343 2790 ἐπανελεύσονται
3398 2731 3581 2801 φυλαί
3602 2748 3618 2762 ·
3674 2731 3728 2783 οὐ

2143 2829 2347 2899 μικρὰν
2361 2828 2459 2900 τὴν
2477 2828 2744 2897 ὠφέλειαν
2768 2829 2834 2882 ἐκ
2855 2827 2957 2899 τῆς
2983 2824 3367 2897 αἰχμαλωσίας
3400 2824 3726 2893 ἐσχηκυῖα.

2140 2920 2368 2989 Ὠσπερ
2386 2908 2624 2990 μόσχος
2650 2921 2761 2975 οὐκ
2783 2918 3126 2988 ἐδιδάχθην.
3154 2915 3422 2970 Τουτέστι
3448 2956 3466 2981 ,
3506 2914 3727 2984 σιδηρὸς

2139 3012 2428 3083 ἐγενόμην,
2465 3011 2721 3084 καθάπερ
2755 3012 2957 3084 μόσχος
2985 3012 3086 3065 οὐκ
3123 3010 3287 3064 είκων
3317 3007 3501 3079 ζυγῷ.

2222 3101 2412 3167 Ἐλπὶς
2469 3104 2749 3175 σωτηρίας
2786 3104 2847 3157 οὐ
2876 3105 3082 3175 μικρά’
3136 3101 3231 3154 καὶ
3274 3098 3442 3153 τοῦτο
3472 3098 3588 3170 τῆς
3632 3098 3728 3151 τῶν

2136 3194 2443 3266 λεγομένων
2492 3194 2865 3261 ἀξιοπιστίας·
2902 3197 2951 3249 εί
2977 3194 3087 3267 γὰρ
3131 3192 3381 3265 μέλλοιεν
3410 3194 3726 3263 μετανοεῖν,

2136 3285 2355 3357 εὔδηλον
2390 3286 2472 3341 ὃτι
2500 3287 2781 3352 σώζονται.

2220 3377 2368 3447 Ἐγὼ
2393 3376 2597 3447 ὥσπερ
2624 3379 2853 3448 μόσχος
2882 3378 2994 3433 οὐκ
3020 3377 3363 3446 ἐδιδάχθην.

2207 3464 2291 3521 Τά
2340 3468 2695 3540 σκιρτήματα
2731 3467 2897 3522 αὑτοῦ
2928 3469 3159 3540 ἐνέφηνε
3208 3468 3308 3539 τὴν
3364 3467 3587 3534 ἄλογον
3618 3466 3723 3537 ἡλι-

2136 3558 2281 3624 κίαν,
2317 3559 2413 3613 καὶ
2441 3559 2539 3631 τὴν
2585 3559 2805 3614 ἀδικίαν
2825 3559 2931 3615 τῶν
2966 3562 3059 3613 ἐπὶ
3114 3560 3270 3631 κακῷ
3319 3560 3712 3630 κεκτημένων,

2134 3648 2235 3721 την
2260 3649 2446 3704 ἄνοιαν
2475 3650 2576 3722 τὴν
2601 3650 2660 3704 ἐν
2691 3653 2761 3722 τῇ
2790 3650 3026 3721 νεότητι.
3070 3652 3208 3714 Νέος
3238 3650 3348 3721 γὰρ
3378 3650 3724 3721 ἀποστερού·

2140 3758 2299 3811 μενος
2342 3740 2509 3810 ζυγοῦ
2544 3741 2641 3795 καὶ
2676 3740 2779 3811 τῆς
2828 3740 2941 3794 τῶν
2988 3742 3261 3812 λογισμῶν
3310 3742 3525 3812 ἀρχῆς,
3586 3742 3723 3794 οὐδὲν

2136 3833 2386 3905 διέφερεν
2415 3832 2766 3905 σκιρτώντων
2816 3834 3028 3905 βοῑδίων
3058 3832 3242 3895 ἁπλῶς
3286 3835 3385 3887 καὶ
3424 3834 3511 3897 ὡς
3547 3835 3721 3903 ἔτυχεν

2135 3926 2428 3997 ἀπανταχῆ
2466 3925 2808 3996 φερομένων,
2848 3924 2973 3979 οὑδὲ
3001 3922 3110 3978 τῶν
3156 3923 3393 3995 πρώτων
3422 3925 3721 3995 ὀφθαλμῶν

2138 4016 2283 4089 [οὐδὲ
2310 4018 2378 4071 τὰ
2404 4016 2645 4087 πρόσθεν
2668 4017 2781 4071 τῶν
2803 4014 3127 4087 ὀφθαλμῶν]
3149 4014 3430 4087 ὁρώντων,
3456 4016 3611 4070 ἀλλὰ
3642 4017 3720 4069 καὶ

2137 4109 2280 4164 κατά
2314 4108 2581 4181 κρημνῶν
2618 4107 2934 4180 πηδώντων.

2220 4200 2625 4269 Ἐπίστρεψόν
2647 4216 2746 4269 με.

2202 4292 2431 4362 Μεγάλη
2458 4293 2493 4362 ὴ
2535 4290 2730 4362 ἀρετὴ,
2760 4290 2890 4345 ὅταν
2947 4285 3382 4357 ἐπιστρέψαντος
3424 4285 3580 4340 θεοῦ
3614 4289 3717 4341 ἐπι-

2138 4384 2479 4455 στρέφωμεν.

2212 4477 2232 4496 ⁸
2264 4472 2374 4527 Kal
2412 4472 2705 4541 πρότερον
2749 4470 2857 4526 τοῦ
2894 4468 3121 4540 γνῶναι
3158 4484 3235 4539 με
3279 4466 3604 4537 ἐκράτησα
3632 4469 3716 4523 ἐπὶ

2135 4562 2367 4634 μικρόν.

2206 4654 2491 4720 Τουτέστι,
2526 4654 2665 4725 μετά
2714 4652 2816 4723 τὴν
2864 4650 3246 4721 αἰχμαλωσίαν
3282 4652 3603 4722 μετέγνων.
3653 4650 3714 4703 Τδ

2136 4747 2247 4819 γὰρ
2275 4748 2599 4816 ὲκρότησα,
2637 4746 2713 4808 ὡς
2750 4744 2844 4798 ἐπὶ
2880 4743 2990 4797 τῶν
3022 4743 3437 4815 μετανοούντων
3466 4743 3609 4813 ἔφη.

2207 4840 2321 4893 Καί
2342 4857 2407 4909 τε
2438 4837 2797 4906 ἐνετράπην,
2832 4835 2933 4890 καί
2962 4835 3185 4901 ὑπεῒξά
3212 4850 3335 4900 σοι,
3378 4834 3474 4889 ὅτι
3502 4835 3715 4889 ἔλαϐον

2138 4929 2483 4998 ὀνειδισμὸν
2516 4930 2585 4983 ἐκ
2623 4929 2912 4996 νεότητός
2933 4945 3077 4997 μου.

2203 5021 2518 5083 Τουτέστιν,
2591 5020 2674 5073 δτι
2721 5018 3072 5090 ἀνεμνήσθην
3122 5016 3403 5089 ἁμαρτίας
3466 5015 3713 5085 νεότητός

2139 5128 2265 5182 μου.
2294 5111 2559 5178 Νεότητα
2582 5109 2639 5163 δὲ
2676 5108 2825 5178 λέγει
2850 5107 2921 5162 τὰ
2959 5108 3051 5161 ἐπὶ
3088 5108 3184 5162 τοῦ
3212 5106 3519 5178 Ἶεροϐοὰμ
3565 5124 3711 5175 γεγο-

2136 5202 2264 5256 νότα
2296 5217 2312 5232 ·
2342 5200 2419 5266 ὡς
2443 5201 2793 5273 νεωτερήσας
2819 5200 2913 5252 ἐπὶ
2951 5200 3018 5271 τῇ
3039 5198 3149 5252 τῶν
3172 5196 3392 5269 μόσχων
3420 5198 3709 5267 θρησκείᾳ.

2209 5387 2379 5440 Ὅταν
2422 5385 2604 5439 πάντα
2650 5384 2742 5438 τὸν
2790 5381 3177 5456 ἁμαρτάνοντα
3206 5380 3267 5433 οῦ
3313 5378 3591 5449 κολάζῃς,
3622 5378 3712 5428 πά-

2139 5498 2289 5550 σχειν
2337 5480 2528 5551 ἐχρῆν.
2589 5478 2701 5532 Καὶ
2749 5478 2859 5547 γὰρ
2897 5476 3033 5548 πρὸς
3083 5473 3369 5545 αἰσχύνην,
3424 5472 3529 5524 καὶ
3590 5470 3711 5541 πρὸς

2136 5572 2301 5642 ἐτερα
2332 5570 2504 5623 πολλὰ
2534 5570 2912 5639 ἁμαρτήματα
2945 5567 3146 5638 μᾶλλον
3180 5565 3443 5634 αἴσθησιν
3485 5564 3711 5632 παρέχει

2136 5661 2407 5732 τιμωρίας
2440 5660 2752 5733 [τιμωρία].
2809 5659 2926 5714 Νῦν
2970 5659 3025 5713 δὲ
3087 5657 3402 5712 τούναντίον
3463 5655 3707 5723 γίνεται·

2136 5756 2267 5809 ὅταν
2324 5754 2424 5825 μὲν
2472 5752 2903 5826 ἀμαρτάνωμεν,
2955 5748 3431 5821 ἀναισχυντῶμεν,
3478 5748 3613 5803 ὅταν
3660 5742 3707 5794 δὲ
