3810 6402
150 358 258 419 977

1243 358 1668 418 FRAGMENTA
1705 360 1774 417 IN
1805 360 2170 419 JEREMIA“.

3292 368 3404 432 978.

151 470 537 544 κολαζώμεθα,
593 471 1034 544 καταπίπτομεν,
1068 471 1394 544 ἀμείϐοντες
1425 473 1549 538 τοὺς
1600 490 1724 527 και-

1850 481 2220 529 :ommutantes
2269 482 2531 544 tempora.
2571 475 2640 531 At
2680 475 2809 546 justi
2854 491 2960 532 non
3002 477 3107 547 ita;
3138 480 3232 536 sed
3270 481 3400 538 dum

156 568 305 641 ρούς.
354 565 494 620 Ἀλλ’
531 566 650 636 οὐχὶ
683 566 888 620 δίκαιοι
933 564 1128 631 οὕτως,
1181 565 1320 620 ἀλλὰ
1369 564 1724 637 κολαζόμενοι

155 662 259 732 μὲν
293 659 557 730 ἐφρόνουν
592 658 757 728 μέγα,
806 657 1060 729 καθάπερ
1093 658 1144 711 οἱ
1173 658 1461 712 ἀπόστολοι
1485 674 1498 689 ·
1533 659 1625 712 ἐπὶ
1669 657 1726 711 δὲ

151 755 254 824 τῆς
293 752 566 823 ἁμαρτίας
595 750 768 814 οὕτως
824 749 1142 823 ᾐσχύνοντο,
1192 751 1267 814 ὼς
1315 751 1390 821 μὴ
1438 749 1582 805 κατὰ
1634 748 1726 804 τὸν

152 845 346 913 καιρδν
379 844 487 897 τῶν
517 843 1009 915 πλημμελημάτων
1042 844 1222 914 μόνον,
1254 842 1390 898 ἀλλὰ
1421 843 1514 897 καὶ
1535 840 1725 895 τούτου

153 933 544 1005 παρελθόντος,
568 935 664 988 καὶ
685 935 786 1006 τῆς
807 934 1082 1006 τιμωρίας
1102 933 1416 1006 ἀφεθείσης,
1438 932 1725 1004 ὀδύρεσθαι

151 1025 252 1079 καὶ⁵
279 1027 518 1097 θρηνεῖν.

229 1119 338 1170 Καὶ
373 1116 488 1185 μετ’
537 1115 730 1186 ὀλίγα·
779 1114 1114 1179 Ἐστέναξα
1137 1115 1207 1170 ἐν
1233 1115 1480 1186 ἡμέραις
1510 1116 1726 1184 αίσχύ-

149 1225 267 1278 mc
289 1225 431 1279 μουο
1328 1201 1337 1211 ’

223 1299 398 1354 Τοῦτο
425 1300 719 1371 φάρμακον
760 1299 870 1354 τῶν
902 1298 1347 1370 ἁμαρτημάτων,
1382 1298 1445 1352 τὸ
1481 1297 1581 1368 μὲν
1613 1315 1728 1352 κω-

147 1391 297 1447 λύων
328 1395 442 1456 τοῖς
480 1392 666 1456 αὐτοῖς
703 1393 1048 1464 περιπεσεῖν,
1091 1390 1153 1444 τὸ
1173 1390 1235 1444 δὲ
1263 1390 1555 1462 γενόμενον
1583 1389 1728 1444 ἁπο-

151 1485 388 1554 σμήχων
417 1486 446 1537 ό
482 1484 810 1555 στεναγμός.

225 1575 336 1629 Kal
367 1574 652 1640 ὑπέδειξά
673 1590 810 1632 σου.

235 1665 400 1736 Ὁρᾷς
432 1665 598 1720 πόσον
624 1665 832 1734 ἀγαθὸν
859 1665 919 1720 τὸ
961 1667 1344 1736 ἐπιγινώσκειν
1372 1666 1440 1721 τὰ
1471 1665 1730 1737 ἁμαρτή-

156 1771 340 1826 petra;
375 1755 575 1824 μᾶλλον
603 1759 750 1827 ἡμᾶς
768 1758 1167 1812 ὑποτάττεσθαι
1195 1760 1340 1813 ποιεῖ
1370 1757 1447 1829 τῷ
1473 1756 1614 1827 Θεῷ.
1649 1757 1724 1809 Ού

148 1845 218 1898 τδ
265 1845 606 1917 ἁμαρτάνειν
649 1847 813 1917 λέγω,
852 1849 989 1904 ἀλλὰ
1033 1850 1095 1904 τὸ
1127 1849 1267 1920 μετὰ
1317 1848 1413 1921 τὴν
1451 1848 1726 1920 ἁμαρτίαν

147 1937 480 2007 ἐπιγνῶναι.

227 2032 242 2050 ⁸
269 2029 402 2096 Υίὸς
419 2031 477 2084 εἷ
501 2031 810 2100 ἀγαπητὸς
835 2031 1089 2103 Ἐφραὶμ
1115 2033 1270 2103 ἐμοί.

216 2121 501 2188 Τουτέστι,
542 2123 723 2192 τίμιος
781 2124 896 2188 υίὸς
955 2122 1024 2178 εί.
1095 2124 1341 2180 Παιδίον
1399 2123 1728 2194 ἐντρυφῶν,

146 2211 440 2278 τουτέστι,
471 2214 563 2266 καὶ
600 2214 812 2269 παιδίον
839 2215 897 2270 ὲν
934 2209 978 2284 ᾧ
1018 2217 1478 2287 παρεκαλούμην·
1523 2217 1586 2270 ὲκ
1633 2233 1730 2288 με-

146 2305 404 2374 ταφορᾶς
442 2304 499 2357 δὲ
531 2304 665 2359 αὐτὸ
693 2304 855 2359 ἔλαϐε
888 2307 998 2361 τῶν
1028 2308 1304 2380 πατέρων,
1345 2308 1456 2362 τῶν
1498 2308 1638 2380 πρὸς
1661 2306 1730 2362 τὰ

152 2391 332 2463 μικρὰ
360 2392 533 2464 βρέφη
562 2394 672 2449 τῶν
713 2394 923 2448 τέκνων
951 2397 1279 2462 παιζόντων.
1312 2398 1544 2452 Μνείαν
1573 2415 1728 2467 μνη-

147 2483 462 2553 σθήσομαι
489 2485 697 2540 αὑτοῦ.
735 2486 793 2540 '0
823 2486 1096 2557 Ἐϐραῖος,
1117 2488 1220 2542 Διὰ
1247 2488 1425 2542 τοῦτο
1461 2489 1726 2560 ἠλέγχθη

147 2570 231 2625 τὰ
258 2572 548 2642 σπλάχνα
565 2593 686 2644 μου
699 2575 1015 2642 ἐπάὐτὸν,
1039 2576 1139 2631 καὶ
1165 2579 1500 2648 οικτηρήσω
1518 2579 1726 2646 αὐτὸν,

147 2661 291 2719 εἷπε
325 2666 561 2736 Κύριος.
623 2667 726 2722 Διὰ
777 2669 956 2723 τοῦτο
1016 2669 1453 2740 ἐπεσκεψάμην
1492 2670 1680 2725 αὐτὸν
1708 2710 1725 2734 ,

145 2756 458 2822 τουτέστιν,
493 2758 560 2812 ὲκ
588 2757 691 2827 τῆς
719 2758 851 2830 περὶ
876 2759 1040 2813 αὐτὸν
1063 2759 1357 2825 διαθέσεως
1385 2762 1486 2816 οὐκ
1519 2762 1730 2833 ἦνεγκα

144 2848 325 2903 αὐτὸν
350 2849 410 2904 ὲν
440 2853 746 2922 συμφοραῖς
783 2851 932 2906 ίδεῖν.

230 2935 385 3004 Εἶδες
411 2940 590 3012 πόσην
622 2940 928 3014 μεταϐολὴν
952 2943 1250 3014 εἰργάσατο
1267 2959 1284 3011 ;
1302 2943 1405 2997 Τδν
1423 2945 1484 2998 ὲν
1515 2945 1609 3016 γῇ,
1637 2943 1730 2998 τὸν

153 3029 431 3099 μυσαρὸν,
456 3031 552 3083 τὸν
584 3030 865 3100 πολέμιον,
904 3031 1000 3086 τὸν
1029 3031 1244 3104 ἐχθρὸν,
1279 3031 1492 3088 παιδίον
1512 3033 1731 3104 ἀγαπη-

1827 564 2171 632 punirentur.
2249 575 2488 620 mentem
2559 566 2861 637 erigebant,
2941 571 3399 639 quemadmodum

1825 654 2051 723 apostoli
2077 673 2092 709 :
2113 655 2166 709 in
2195 657 2432 725 peccatis
2457 671 2588 712 vero
2614 657 2688 712 ita
2706 659 2901 716 rubore
2926 659 3395 728 suﬂ‘undebantur,

1825 753 1885 799 ut
1908 760 2014 800 non
2053 744 2227 800 solum
2259 746 2379 815 ipso
2403 757 2750 816 peccatorum
2796 759 3070 822 tempore,
3105 753 3201 807 sed
3228 754 3396 809 etiam

1824 850 1890 890 eo
1917 836 2124 907 elapso,
2156 837 2546 915 punitioneque
2582 841 2813 898 remissa
2844 841 3289 913 ingemiscerent,
3338 853 3396 902 et

1825 926 2274 982 lamentarentur.

1899 1111 1965 1166 Et
1992 1119 2114 1183 post
2148 1105 2324 1184 pauca
2375 1111 2674 1186 διηρτηιαί
2712 1114 2771 1170 in
2828 1116 3013 1172 diebus
3065 1118 3398 1188 confusionis

1826 1219 1976 1258 mete.
2167 1221 2174 1227 ’

1899 1293 2026 1352 Haec
2054 1304 2406 1366 peccatorum
2439 1303 2523 1354 est
2561 1297 2852 1365 medicina,
2887 1300 3160 1370 gemitus,
3195 1302 3395 1372 partim

1826 1385 2043 1454 quidem
2074 1386 2128 1441 in
2154 1386 2343 1443 eadem
2365 1386 2471 1443 labi
2501 1402 2605 1445 non
2630 1387 2834 1453 sinens,
2863 1376 3058 1460 partim
3093 1405 3224 1446 vero
3253 1392 3396 1462 quod

1825 1486 1912 1532 est
1934 1475 2133 1532 factum
2167 1483 2506 1550 abstergens.

1900 1566 1969 1621 Et
2008 1569 2212 1624 ostendi
2237 1570 2354 1624 tibi.

1895 1657 2057 1715 Vides
2103 1669 2363 1730 quantum
2412 1660 2614 1719 bonum
2671 1663 2745 1719 sit
2795 1672 3015 1729 peccata
3055 1665 3398 1736 agnoscere?

1831 1751 2001 1821 magis
2028 1766 2126 1808 nos
2159 1753 2267 1809 Deo
2289 1755 2560 1824 subjectos
2588 1757 2783 1814 reddit.
2816 1757 2960 1826 Non,
2987 1758 3229 1830 inquam,
3264 1772 3394 1830 peca

1830 1856 1981 1910 care,
2015 1844 2109 1899 sed
2137 1855 2259 1916 post
2285 1855 2589 1916 peccatum,
2621 1862 2939 1918 agnoscere.

1897 2027 2092 2084 'Vens.
2122 2028 2212 2084 20.
2240 2029 2408 2085 Filius
2429 2047 2483 2087 ss
2509 2031 2734 2088 dilectus
2756 2031 2980 2102 Ephrem
3013 2033 3165 2098 mihi.

1901 2121 2012 2176 Hoc
2042 2132 2147 2186 est,
2174 2121 2508 2178 honorabilis
2541 2123 2682 2178 illius
2721 2124 2837 2180 sive
2864 2124 3156 2192 pretiosus.
3195 2121 3396 2179 Paruu-

1827 2212 1910 2267 lus
1954 2212 2210 2266 delicatus
2240 2226 2260 2265 :
2295 2213 2396 2269 hoc
2444 2224 2528 2269 est
2555 2214 2837 2286 parvulus,
2877 2215 2987 2285 quo
3042 2213 3398 2284 delectabar;

1828 2303 2062 2373 sumpsit
2119 2312 2299 2358 autem
2351 2305 2722 2375 metaphoram
2778 2320 2847 2360 ex
2905 2304 3244 2374 parentibus,
3302 2304 3395 2373 qui

1826 2408 1949 2448 cum
1979 2392 2218 2463 parvulis
2254 2392 2550 2451 infantibus
2609 2394 2830 2452 ludunt.
2861 2395 3177 2470 Recordans
3213 2409 3394 2453 recor-

1827 2486 1996 2539 dabar
2019 2486 2155 2555 ejus.
2175 2483 2432 2541 Hebraeus
2465 2505 2480 2542 :
2519 2485 2730 2541 Idcirco
2750 2487 3016 2556 patefacta
3045 2496 3164 2540 sunt
3193 2484 3398 2542 uiscera

1826 2590 1943 2628 mea
1981 2591 2137 2644 super
2162 2591 2304 2642 eum,
2347 2584 2396 2630 et
2444 2575 2730 2630 miserebor
2771 2576 2912 2647 ejus,
2946 2575 3082 2630 dixit
3112 2574 3395 2630 Dominus.

1829 2662 2041 2718 Idcirco
2074 2666 2280 2720 visitavi
2309 2679 2452 2720 eum.
2479 2662 2614 2722 Hoc
2653 2674 2760 2733 est,
2811 2674 3032 2736 propter
3072 2664 3398 2721 benevolen-

1831 2754 1956 2809 tiam
1983 2769 2088 2825 qua
2138 2769 2260 2811 eum
2287 2760 2608 2827 prosequor,
2637 2771 2742 2813 non
2767 2757 3002 2814 sustinui
3036 2757 3221 2827 videre
3246 2756 3397 2812 illum

1829 2844 1882 2899 in
1912 2819 2339 2905 calamitatibus.
2465 2819 2482 2827 ’
2591 2819 2604 2827 ⁷
3173 2819 3211 2860 ’

1900 2933 2063 2993 Vides
2117 2951 2277 3008 quam
2326 2946 2566 2994 mutatus
2611 2938 2682 2993 sit
2711 2939 2739 2995 τ
2778 2937 3118 2996 Sceleratum
3157 2938 3395 3001 hostem,

1829 3027 2111 3084 inimicum
2149 3028 2316 3083 illium
2348 3029 2625 3097 dilectum,
2659 3046 2726 3086 ne
2769 3039 2976 3085 tantum
3006 3037 3155 3088 esset
3179 3043 3266 3086 res
3294 3043 3395 3085 na-

145 3118 276 3182 τὸν,
308 3116 451 3172 ὥστε
487 3117 562 3190 μὴ
591 3119 690 3190 τῆς
719 3117 938 3188 φύσεως
987 3114 1127 3175 εἶναι
1173 3119 1234 3199 τὸ
1261 3119 1495 3191 πρᾶγμα
1543 3118 1724 3189 μόνον,

1850 3136 1992 3190 um,
2017 3129 2072 3178 et
2101 3119 2268 3177 lilium
2295 3121 2530 3179 nobilem
2556 3131 2619 3180 et
2638 3136 2980 3195 generosum.

148 3211 257 3264 καὶ
285 3210 496 3264 παιδίον
519 3209 825 3282 ἐλεύθερον,
854 3212 948 3266 καὶ
973 3211 1215 3282 εὐγενές.

219 3299 466 3369 Στῆσον
493 3301 723 3372 σεαυτῇ
757 3302 972 3374 Σιώνιμ
994 3305 1292 3370 σκοπούς.

231 3390 440 3462 Σιώνιμ
479 3395 682 3464 σημεῖα
731 3393 1122 3464 ἑρμηνεύεται.
1177 3396 1344 3465 Λέγει
1374 3396 1593 3463 τοίνυν,
1646 3397 1730 3451 ὅτι

152 3485 478 3557 Σημείωσαι
515 3487 616 3557 τὴν
643 3485 762 3539 ὁδὸν
781 3485 996 3563 γῶσπερ
1021 3489 1259 3552 σκοποὺς
1291 3487 1410 3554 θεὶς
1448 3490 1508 3544 ἑν
1537 3490 1730 3560 ἑαυτῇ,

144 3580 250 3633 διὰ
272 3579 382 3650 γὰρ
404 3578 612 3650 ταύτης
644 3576 1016 3634 ὲπανελεύσει.

230 3675 251 3695 ⁶
288 3673 554 3738 Ποίησον
583 3670 654 3725 δὲ
677 3670 832 3740 αὐτῇ
857 3671 1156 3740 τιμωρίαν.

236 3765 490 3834 Ἀσαφῶς
559 3768 735 3820 κεῖται
791 3765 944 3836 παρὰ
995 3766 1076 3836 τῷ
1123 3765 1440 3840 Ἑλληνικῷ.
1501 3769 1562 3824 '0
1621 3770 1732 3843 γὰρ

158 3856 423 3929 Ἑϐραῖος
447 3856 621 3919 οὕτως
649 3855 786 3927 ἔχει·
817 3856 1059 3925 Στῆσον
1083 3856 1317 3928 σεαυτῇ
1339 3860 1579 3931 σημεῖα,
1608 3863 1730 3916 ἀντὶ

147 3949 279 4015 τοῦ,
333 3948 648 4019 τιμωρίαν
701 3949 833 4008 ῐσως
867 3947 927 4002 δὲ
965 3949 1190 4004 κατὰτὸ
1221 3950 1538 4022 Ἑλληνικὸν
1589 3951 1730 4026 αὕτη

149 4043 340 4095 κεῖται
390 4043 424 4113 ἡ
461 4041 665 4108 ἔννοια,
717 4041 802 4094 ὅτι
851 4039 1258 4109 Παρὰστησον
1299 4043 1409 4098 τὸν
1457 4045 1728 4113 σκοπὸν,

144 4131 426 4198 ⁸τουτέστι,
457 4131 522 4186 τὸ
550 4133 776 4202 σημεῖον
823 4130 948 4185 ὅθεν
986 4133 1286 4204 παρῆλθες
1329 4136 1728 4208 τιμωρηθεῖσα,

149 4227 250 4280 ἵνα
307 4224 606 4279 ἐπανιοῦσα
655 4224 801 4294 γνῷς
855 4223 958 4295 τῆς
1011 4226 1295 4297 ἐνεργείας
1360 4229 1422 4281 τὸ
1477 4227 1724 4296 μέγεθος.

145 4315 369 4371 Είδὲναι
402 4315 461 4369 δὲ
489 4315 590 4382 δεῖ,
633 4315 714 4369 ὄτι
759 4315 915 4388 παρὰ
955 4316 1308 4390 τῷ⁴⁹Ε6ραίῳ
1351 4317 1432 4385 τὸ,
1467 4319 1728 4389 τιμωρία,

145 4408 218 4460 οὐ
252 4407 449 4462 κεῖται.

1901 3305 2064 3380 Vsus.
2085 3305 2175 3361 Si.
2205 3304 2388 3361 Statue
2421 3305 2517 3360 tibi
2538 3305 2744 3362 Sionim
2772 3307 3144 3377 speculatores.

1901 3395 2108 3452 Sioniut
2153 3396 2544 3467 interpretatur
2605 3397 2790 3469 Signa.
2843 3397 2938 3454 Ait
2990 3398 3174 3470 igitur,
3231 3397 3395 3469 Signa

1830 3489 1999 3553 viam,
2029 3496 2284 3558 tanquam
2316 3487 2684 3558 speculatores
2709 3503 2878 3561 pones
2913 3489 2969 3546 in
3012 3504 3098 3559 ea,
3132 3505 3230 3564 per
3256 3491 3397 3551 hanc

1829 3581 1977 3636 enim
2006 3578 2316 3635 reverteris.

1901 3670 1923 3694 ⁶
1967 3667 2080 3723 Fac
2105 3683 2224 3723 vero
2247 3669 2347 3739 ipsi
2364 3685 2591 3740 partem.

1901 3758 2147 3815 Obscure
2187 3759 2420 3830 positum
2447 3758 2534 3817 est
2562 3759 2702 3830 apud
2729 3759 2998 3818 Graecum.
3030 3761 3248 3818 Etenim
3279 3760 3390 3819 He-

1832 3851 2010 3907 brmus
2040 3850 2116 3906 ita
2169 3850 2320 3922 legit,
2349 3849 2536 3906 Statue
2584 3851 2682 3906 tibi
2735 3852 2912 3922 signa,
2943 3867 3044 3924 pro
3074 3869 3301 3921 plenam,
3341 3862 3398 3908 et

1830 3941 1972 3996 forte
1998 3941 2154 4012 juxta
2180 3941 2425 3998 Grecam
2461 3944 2548 3998 hic
2575 3957 2698 4000 esse
2729 3944 2928 4014 poterit
2980 3959 3172 4022 sensus
3202 3962 3217 3999 :
3251 3943 3393 4002 Cou-

1831 4034 1990 4089 stitue
2010 4033 2408 4104 speculatorem,
2433 4033 2538 4090 hoc
2555 4041 2638 4090 est
2656 4035 2892 4106 signum,
2922 4035 3065 4090 unde
3085 4036 3396 4106 praeteriisti

1831 4125 2006 4194 pinnis
2044 4118 2270 4180 multata
2297 4165 2314 4191 ,
2364 4133 2422 4179 ut
2452 4125 2667 4182 rediens
2696 4125 2913 4180 virtutis
2959 4139 3225 4194 agnoscas
3276 4142 3396 4181 ma-

1831 4214 2192 4286 gnitudinem.
2239 4215 2527 4272 Sciendum
2558 4224 2764 4286 autem,
2806 4217 2863 4271 in
2907 4215 3157 4284 Hebraeo,
3192 4233 3435 4289 plenam,

1834 4322 1938 4364 non
1967 4318 2202 4365 exstare.

231 4501 252 4521 ‘
279 4496 389 4562 Δὸς
428 4495 546 4564 τὴν
570 4496 830 4576 παρδίαν
869 4509 990 4552 σου
1038 4499 1125 4564 εις
1172 4495 1317 4565 τοὺς
1344 4495 1542 4568 ὤμους
1579 4512 1718 4566 σου,

1899 4494 1920 4515 '
1955 4492 2035 4547 Da
2064 4509 2154 4547 cor
2189 4501 2336 4547 tuum
2369 4494 2426 4547 in
2451 4465 2695 4548 humeros
2727 4502 2868 4558 tuos,
2896 4493 3034 4554 viam
3059 4493 3115 4548 in
3143 4507 3410 4564 qualemn

151 4587 308 4643 ὁδὸν
337 4585 420 4654 ῆν
443 4587 793 4655 ἐπορεύθης.

227 4679 557 4744 Τουτὲστιν,
605 4678 856 4750 ὲννόησαι
909 4677 1010 4750 τὴν
1065 4676 1296 4750 καρδίαν
1337 4695 1432 4733 σου
1473 4680 1574 4753 τὴν
1609 4681 1726 4735 όδδν

150 4771 366 4842 ταύτην
386 4770 454 4842 ἥν
476 4769 686 4844 πορεύῃ
709 4769 1001 4841 μοχθοῦσα.

224 4866 244 4884 '
282 4861 658 4933 Διὰστρεψον
686 4865 773 4930 εις
813 4863 920 4929 τὰς
940 4863 1151 4930 πόλεις
1177 4878 1295 4918 σου
1333 4866 1663 4921 πενθοῦσα.

228 4953 292 5006 '0
330 4953 604 5026 Ἑϐραῖος,
636 4953 1052 5023 Ἀνάστρεψιον
1083 4957 1173 5019 είς
1213 4955 1321 5022 τὰς
1347 4956 1577 5024 πόλεις,
1607 4973 1724 5013 σου

147 5042 399 5109 ταύτας.
444 5044 592 5097 ’Λντὶ
625 5043 735 5114 γὰρ
787 5043 906 5108 τοῦ,
954 5044 1286 5111 πενθοῦσα,
1315 5045 1540 5114 ταύτας
1588 5047 1722 5118 ἔχει·

149 5132 441 5188 κάνταῦθα
463 5133 522 5187 δὲ
545 5135 580 5204 ἠ
611 5135 900 5205 ἐπωνυμία
932 5135 1030 5206 τὴν
1059 5134 1364 5209 ἐναλλαγὴν
1405 5137 1506 5207 τῆς
1551 5139 1727 5210 ἑρμη-

148 5225 308 5288 νείας
358 5224 600 5295 ἐποίησε.
658 5223 733 5276 Τὸ
780 5223 889 5295 γὰρ
941 5223 1082 5291 ἀλα,
1127 5225 1350 5292 πένθος
1403 5225 1631 5298 μηνύει,
1663 5228 1726 5282 τὸ

149 5317 210 5368 δὲ
237 5313 361 5381 sas,
381 5315 558 5383 αὕτη.
584 5314 742 5368 Οῦτω
759 5315 816 5368 δὲ
841 5315 1060 5384 νοητέον
1087 5314 1147 5368 τὸ
1187 5315 1499 5388 Ἑλληνικόν
1515 5333 1530 5348 ο
1563 5318 1720 5372 Ἀνά-

155 5406 390 5478 στρεψον
419 5409 501 5469 είς
527 5406 628 5468 τὰς
657 5405 842 5470 πόλεις
870 5423 988 5472 σου,
1016 5407 1050 5478 ἡ
1077 5407 1372 5475 πενθοῦσα,
1419 5409 1721 5474 τουτέστιν,

150 5500 189 5568 ὴ
243 5497 339 5550 νῦν
380 5498 520 5568 μετὰ
576 5496 807 5562 πένθους
861 5498 1124 5566 ἀπιοῦσα,
1181 5499 1516 5570 ἀναστρέψει
1581 5501 1759 5574 μετὰ,

188 5603 352 5643 (ερας.
1117 5637 1122 5641 .

188 5603 226 5643 ιι
338 5625 352 5640 .
1117 5637 1122 5641 ·

150 5606 186 5660 χ
227 5587 434 5745 ἕἓως
465 5680 609 5734 πότε
633 5679 1035 5749 ἐπιστρέψειςν
1059 5680 1319 5751 θυγάτηρ
1339 5681 1676 5752 armum
1705 5699 1724 5748 ἶ

239 5774 297 5826 Ὁ
337 5772 582 5844 Ἐϐραῖος
624 5772 795 5838 οὕτως
821 5773 933 5846 ἔχει
957 5790 970 5806 °
1031 5775 1178 5841 Ἕως
1224 5777 1366 5831 πότε
1394 5775 1719 5848 διασύρεις,

1835 4585 2045 4640 bulasti.

1904 4679 2017 4735 Hoc
2036 4686 2140 4746 est,
2168 4679 2331 4734 corde
2370 4687 2461 4733 tuo
2487 4676 2832 4748 apprehende
2852 4677 2994 4742 viam
3029 4676 3209 4748 hanc,
3227 4689 3394 4755 quam

1833 4771 2101 4838 ambulas,
2132 4772 2295 4827 rebus
2319 4770 2567 4827 adversis
2593 4767 2816 4830 afﬂicta.

1901 4865 1922 4888 ⁶
1951 4863 2218 4918 Revertere
2241 4863 2299 4918 in
2326 4863 2555 4918 civitates
2587 4871 2706 4917 tuas
2737 4861 2956 4932 lugens.

1903 4953 2181 5022 Hebraeus,
2225 4953 2497 5008 Reuertere
2547 4954 2616 5008 ad
2659 4955 2897 5014 civitates
2949 4963 3073 5018 tuas
3119 4951 3236 5010 has.
3286 4951 3392 5008 Pro

1829 5046 2010 5116 lugens
2039 5044 2184 5100 enim
2217 5043 2383 5099 habet
2415 5048 2534 5109 has,
2565 5053 2624 5098 et
2659 5043 2749 5099 hic
2775 5042 3052 5100 nominum
3095 5041 3392 5097 similitudo

1829 5132 2288 5203 interpretationis
2319 5130 2707 5192 diversitatem,
2733 5129 2966 5195 induxit.
3007 5128 3241 5194 Etenim,
3299 5127 3388 5180 ala

1829 5227 2028 5280 luctum
2062 5224 2332 5294 signiﬁcat
2359 5237 2375 5287 ;
2404 5221 2506 5286 etc,
2555 5221 2686 5287 hac.
2718 5219 2812 5276 Sic
2855 5207 3038 5289 itaque
3064 5227 3149 5273 est
3181 5217 3384 5273 intelli-

1831 5318 2034 5387 gendus
2059 5326 2236 5371 textus
2267 5314 2488 5378 Graecus
2521 5330 2553 5376 :~
2576 5310 2867 5367 Revertere
2889 5309 2944 5366 in
2990 5310 3237 5367 civitates
3272 5316 3394 5364 tuas

1831 5409 1922 5479 qui
1972 5407 2162 5479 luges,
2208 5406 2370 5476 quasi
2433 5404 2668 5467 diceret,
2699 5402 2830 5471 Quae
2885 5417 3027 5458 nunc
3080 5401 3386 5474 lacrymans

1830 5499 1966 5564 abis,
2022 5512 2144 5552 cum
2201 5493 2397 5568 gaudio
2424 5493 2737 5549 reverteris.

1902 5682 1922 5709 ί
1946 5629 2109 5734 Vsus.
2144 5639 2235 5732 εξ.
2268 5674 2545 5748 Usquequo
2561 5629 2894 5744 converteris,
2922 5674 3036 5745 ﬁlia
3058 5672 3339 5756 despecta?

1894 5775 2150 5832 Πρω-ωηο
2200 5771 2280 5830 sic
2325 5771 2487 5827 habet
2532 5786 2550 5826 :
2595 5767 2868 5841 Usquequo
2896 5766 3226 5833 distraheris,
3254 5763 3401 5833 ﬁlia,
