3810 6430
376 324 483 381 973
1135 309 1706 376 SUPPLEMENTUM
1744 309 1837 366 AD
1876 309 1934 369 S.
1975 310 2026 368 J.
2067 309 2566 372 CHRYSOSTOHI
2606 308 2868 367 OPERA.
3565 302 3674 358 989

379 436 728 510 delinquens;
761 433 867 500 vel,
908 433 1123 501 Semper
1144 433 1246 484 huc
1285 440 1332 482 et
1367 426 1493 481 illuc
1526 436 1723 480 uertens
1751 435 1818 489 te,
1854 424 1956 480 boc

2142 424 2322 495 rdtnp
2380 423 2812 495 ἁμαρτάνουσα
2843 461 2860 488 ,
2917 420 2954 494 ἢ
3004 420 3100 476 ἀεὶ
3151 416 3676 489 διαστρεφομένη,

379 539 484 594 est,
525 529 569 583 si
629 526 1006 598 pmnitentiam
1061 521 1259 592 egeris,
1314 534 1480 588 quam
1527 516 1798 572 'citissime
1838 525 1890 572 te
1933 529 1966 570 a

2142 518 2370 583 néativ,
2398 516 2494 570 ἐὰν
2526 513 2830 587 μεταγνῷς,
2869 513 3107 585 τάχιστά
3144 529 3207 568 σε
3241 513 3346 583 τῆς
3374 509 3678 580 allisa)»-

380 619 696 690 captivitate
725 619 865 672 Dens
901 617 1140 670 reducet.

449 715 468 736 "
497 711 562 766 In
593 710 921 782 plantatione
987 723 1139 774 nova,
1197 706 1255 759 in
1303 702 1478 757 salute
1515 701 1807 756 circuibunl
1867 699 1966 752 ho-

381 805 568 859 mines.

423 911 430 916 ·
451 897 562 950 Hoc
585 904 689 959 est,
718 904 776 948 ut
807 910 1002 948 novam
1025 891 1410 962 plantationem
1435 887 1576 944 colet
1594 896 1646 940 te
1668 884 1965 950 Dominus;

383 991 585 1042 ριιιηὶιιι
626 1004 813 1042 nouam
849 987 1027 1056 posuit
1060 999 1158 1056 pro
1191 993 1470 1038 recentem.
1517 977 1748 1045 Quando
1784 985 1967 1029 autem

387 1081 438 1133 id
456 1078 813 1146 operabitur?
843 1079 898 1131 in
931 1079 1132 1141 reditu,
1166 1075 1384 1148 quando
1419 1072 1514 1146 tibi
1538 1069 1775 1126 salutem
1809 1066 1969 1121 exhi-

387 1169 556 1222 bebit.
1430 1164 1438 1174 ’
1497 1167 1500 1171 ’

445 1259 564 1314 Νοη
583 1259 725 1314 sicut
739 1265 983 1322 antea,nt
1000 1269 1194 1311 rursus
1210 1253 1363 1328 quies
1387 1257 1668 1322 sequatur,
1687 1246 1776 1301 illa
1790 1245 1971 1304 omnia

390 1351 608 1405 silentio
637 1349 888 1403 obvoluta
918 1356 1080 1415 sunt;
1108 1331 1253 1402 nulla
1288 1343 1503 1399 illorum
1547 1339 1782 1396 habetur
1807 1339 1970 1394 ratio.

455 1443 524 1497 Ει
565 1443 656 1512 qui
690 1441 950 1496 habitant.

458 1532 674 1602 Ubique
702 1533 868 1598 bona,
899 1541 954 1586 et
985 1544 1160 1600 usque
1205 1531 1270 1585 ad
1303 1530 1554 1599 vicinos;
1581 1532 1762 1603 justus
1793 1539 1973 1586 autem

391 1636 446 1682 ct
472 1634 693 1679 sanctus
739 1637 915 1678 mons.
969 1621 1087 1677 Non
1120 1622 1264 1691 quod
1314 1621 1522 1693 lapides
1553 1625 1771 1694 capiant
1798 1623 1976 1676 virtu-

2069 607 2192 671 σίας
2218 607 2476 674 ὲπανάξει
2516 606 2671 670 Θεός.

2138 701 2156 721 ‘
2191 702 2297 767 Εις
2345 701 2796 769 καταφύτευσιν
2841 696 3085 766 καινὴν,
3137 697 3210 750 ἐν
3271 693 3351 762 τῇ
3400 691 3682 759 σωττφίᾳ

2069 791 2565 860 περιελεύσονται
2595 791 2918 859 ἄνθρωποι.

2142 885 2455 947 Τουτέστιν.
2504 885 2585 948 εἰς
2616 885 2742 938 νέαν
2789 883 3016 953 φυτείαν
3065 879 3369 952 ἐργάσεταί
3405 895 3475 930 σε
3521 877 3681 939 936;.

2071 977 2146 1029 Τὸ
2195 977 2330 1047 γὰρ,
2391 975 2632 1044 καινὴν,
2680 975 2801 1028 ἀντὶ
2838 973 2956 1039 τοῦ,
2989 971 3234 1040 νεαρὰν.
3293 970 3444 1023 Πότε
3495 969 3684 1020 τοίνυν

2069 1069 2230 1122 τοῦτο
2253 1069 2508 1140 ποιήσεις
2536 1071 2593 1122 έν
2612 1071 2681 1140 τῇ
2712 1067 2981 1137 ὲπανόδῳ,
3006 1066 3098 1124 ὅτε
3129 1080 3214 1115 σοι
3247 1063 3350 1133 τὴν
3383 1063 3683 1130 σωτηρίαν

2071 1161 2322 1234 παρέξει.

2141 1253 2217 1306 Οὐ
2251 1251 2506 1322 καθάπερ
2539 1251 2826 1324 πρότερον,
2859 1250 3004 1305 ὥστε
3043 1249 3442 1318 ἀναπαυθῆναι
3477 1243 3680 1305 πάλιν,

2073 1345 2251 1400 πάντα
2286 1347 2470 1398 ἐκεῖνα
2506 1343 2826 1416 σεσίγηταιο
2859 1343 3044 1397 οὐκέτι
3067 1343 3226 1412 λόγος
3254 1339 3453 1395 αὐτῶν
3477 1336 3680 1399 οὐδεὶς.

2143 1437 2254 1493 Kal
2278 1437 2681 1504 ἐνοικοῦντες.

2147 1528 2436 1600 Πανταχοῦ
2475 1527 2544 1582 τὰ
2590 1527 2794 1598 ἀγαθὰ,
2842 1527 2939 1582 καὶ
2995 1527 3159 1598 μέχρι
3207 1527 3322 1580 τῶν
3361 1524 3679 1593 γειτόνωνο

2075 1621 2285 1677 δίκαιον
2308 1622 2365 1674 δὲ
2392 1621 2518 1692 ὅρος
2547 1620 2643 1674 καὶ
2683 1620 2840 1688 ἅγιον
2869 1638 2884 1652 ·
2915 1621 3016 1691 οὐχ
3046 1621 3123 1684 ὡς
3163 1619 3272 1673 τῶν
3296 1616 3482 1670 λίθων
3528 1614 3681 1680 δεκο-

395 1729 525 1782 tem,
561 1716 654 1770 sed
688 1715 1022 1770 habitantes.
1058 1713 1212 1769 Solet
1241 1715 1385 1770 enim
1416 1714 1807 1771 communicari
1842 1713 1977 1771 locis

2142 1715 2258 1770 ἱνων
2304 1716 2406 1787 τὴν
2440 1713 2666 1785 ἀρετὴν,
2720 1712 2858 1766 ἀλλὰ
2901 1713 3012 1770 τῶν
3050 1713 3446 1767 ἐνοικούντων.
3507 1704 3686 1759 Εῐωθε

393 1807 760 1866 habitantium
790 1807 959 1862 fama.
1001 1806 1136 1862 Vide
1168 1807 1543 1863 mutationem.

461 1994 483 2015 ⁹
513 1991 680 2048 Vnus.
710 1991 798 2047 24.
833 1991 901 2046 Et
923 1991 1211 2046 elevabitur
1229 1992 1285 2044 in
1312 2006 1485 2060 grege.

460 2083 520 2140 1d
551 2091 657 2149 est,
691 2092 948 2152 tanquam
981 2097 1112 2152 grex
1143 2081 1587 2152 congregabitur.

463 2171 660 2244 lugens
707 2185 785 2227 est
829 2171 1053 2236 bonum,
1107 2186 1213 2226 non
1255 2170 1474 2240 quando
1531 2169 1764 2222 fruimur
1790 2165 1978 2232 bonis,

398 2269 492 2321 sed
528 2243 747 2334 quando
775 2264 1076 2319 secundum
1127 2262 1223 2318 Dei
1259 2243 1768 2325 voluntatemﬁum
1817 2269 1872 2314 et
1903 2260 1978 2315 illi

401 2361 504 2412 hoc
531 2355 772 2412 laetitiam
812 2355 1012 2418 aliert.,

469 2450 488 2470 ⁹
506 2447 672 2504 Vens.
697 2446 790 2504 26.
815 2445 946 2501 Ideo
971 2445 1370 2518 expergefactus
1397 2461 1535 2513 sum,
1557 2453 1604 2500 et
1622 2445 1749 2512 vidi,
1775 2453 1822 2499 et
1838 2459 1980 2498 som-

403 2558 501 2599 nus
535 2558 682 2596 meus
706 2541 975 2612 iucundus
1002 2539 1180 2610 factus
1203 2548 1282 2595 est
1303 2538 1452 2594 mihi.

447 2632 624 2699 Haec,
655 2632 997 2704 inquit,mibi
1029 2631 1270 2688 revelata
1300 2638 1451 2700 sunt,
1497 2631 1624 2687 dum
1663 2629 1980 2699 dormirem,

403 2735 455 2782 et
483 2723 784 2796 jucundum
821 2725 985 2782 habui
1039 2739 1314 2781 somnum.

449 2816 765 2880 ’Vns.28.
795 2815 867 2871 Et
905 2817 1005 2872 erit
1028 2816 1188 2872 sicut.

475 2907 692 2978 Quanto
722 2908 810 2963 illa
844 2907 1026 2964 studio
1052 2906 1187 2974 feci,
1211 2913 1269 2963 et
1303 2905 1441 2972 haec,
1466 2904 1665 2977 inquit,
1699 2917 1821 2975 quae
1851 2902 1984 2959 mihi

405 3003 537 3058 sunt
568 3001 744 3074 magis
794 2999 1108 3066 familiaria,
1163 3013 1326 3054 nemo
1379 2997 1566 3070 itaque
1613 3013 1721 3054 non
1773 2995 1982 3054 credat.

407 3094 512 3163 Qui
541 3095 685 3150 enim
718 3094 794 3150 ita
816 3093 1108 3148 vehemens
1137 3106 1257 3148 sum
1309 3090 1363 3146 in
1402 3089 1763 3161 punitionem,
1795 3103 1910 3144 rem
1952 3101 1984 3142 a

409 3201 498 3242 ine
533 3187 671 3242 adeo
703 3184 939 3241 alienam
981 3183 1152 3239 multo
1181 3183 1356 3254 magis
1384 3182 1454 3239 ad
1482 3182 1537 3239 id
1560 3183 1704 3254 quod
1731 3192 1818 3240 est
1855 3196 1985 3254 pro-

407 3279 589 3351 prium
617 3279 846 3334 excitor.

480 3371 647 3430 Vens.
684 3369 775 3427 29.
807 3368 876 3425 In
903 3369 1086 3425 diebus
1116 3368 1244 3430 illis.

483 3460 599 3518 Hoc
638 3461 781 3517 idem
815 3461 982 3517 habet
1005 3459 1170 3518 etiam
1197 3457 1472 3516 Ezechiel.
1503 3457 1611 3516 Sed
1637 3473 1791 3532 rogo,
1824 3459 1901 3515 ita
1923 3471 1995 3515 ne

413 3568 645 3622 prorsus
680 3551 845 3609 ﬁebat
878 3561 1064 3618 antea,
1099 3561 1155 3608 et
1191 3552 1542 3623 contingebat
1567 3566 1656 3608 res
1687 3558 1853 3608 tanta
1893 3550 1996 3608 ini-

413 3646 683 3716 quitatis?
708 3655 764 3703 et
786 3645 1144 3717 peccantibus
1180 3644 1524 3714 parentibus,
1561 3643 1703 3700 alius
1729 3643 1996 3714 punieba-

413 3736 542 3790 ιητῖ
569 3746 625 3792 et
654 3737 924 3806 quomodo
950 3735 1067 3792 haec
1095 3734 1392 3801 toleranda,
1415 3735 1679 3792 obsecro?
1709 3734 1781 3790 Et
1809 3735 1994 3805 paucis

414 3827 727 3898 interjeetis.
761 3827 984 3882 Attento
1017 3827 1104 3882 bis
1130 3842 1249 3897 quae
1280 3826 1536 3892 dicuntur
1568 3827 1752 3896 animo
1783 3826 1994 3882 simus:

414 3918 534 3975 Non
585 3919 790 3988 dicent.
833 3917 1041 3988 inquit;
1080 3917 1224 3983 Non,
1255 3918 1458 3988 inquit,
1497 3931 1842 3992 nequaquam
1881 3917 1996 3984 ﬁet,

419 4012 716 4066 ostendens
748 4024 849 4066 nec
873 4018 1030 4064 antea
1057 4009 1262 4066 tactum
1288 4011 1392 4065 hoc
1419 4024 1574 4076 esse;
1606 4025 1733 4065 nam
1762 4008 1812 4066 si
1839 4009 2001 4066 dixis-

417 4112 497 4156 set
526 4144 543 4170 ,
563 4100 628 4156 In
663 4099 845 4156 diebus
879 4101 987 4156 illis
1008 4119 1111 4156 non
1133 4100 1358 4170 amplius
1389 4101 1486 4156 hoc
1509 4101 1600 4178 [iet
1620 4142 1637 4170 ,
1667 4101 1809 4168 bene
1852 4101 2001 4158 dice-

418 4208 532 4258 res.
567 4179 723 4248 antea
781 4193 989 4250 factum
1040 4193 1145 4250 boc
1175 4206 1320 4249 esse.
1354 4193 1460 4249 Sed
1491 4193 1619 4264 quia
1653 4192 1788 4252 dicit
1820 4209 1835 4248 :
1875 4190 2002 4248 Non

418 4285 593 4340 dicent
628 4285 806 4350 ultra.
850 4295 1124 4356 corrupta:
1155 4284 1368 4341 illorum
1414 4285 1696 4362 sententiae
1738 4284 2001 4355 judicium

416 4388 527 4436 est.

490 4471 661 4528 Vens.
700 4471 792 4527 30.
818 4469 925 4529 Sed
952 4471 1308 4544 unusquisque
1356 4471 1413 4526 in
1439 4471 1718 4542 iniquitate
1749 4485 1846 4526 sua
1876 4485 1995 4524 mo-
2025 4488 2073 4544 ι)

419 4563 605 4617 rietur.

492 4652 619 4708 Haec
665 4650 950 4721 prophetia
1011 4651 1258 4722 quaedam
1326 4650 1612 4721 perspicua
1673 4658 1790 4718 est;
1843 4650 1998 4722 cujus

420 4743 590 4797 etiam
654 4741 949 4811 aliquando
995 4751 1050 4796 et
1078 4741 1278 4796 Paulus
1312 4743 1564 4798 meminit
1615 4743 1684 4798 ad
1743 4741 2002 4801 Hebraeos

419 4835 669 4890 scribens
697 4851 713 4889 :
745 4832 847 4887 Ubi
880 4849 999 4888 vero
1047 4835 1284 4889 remissio
1329 4845 1406 4890 est
1440 4845 1800 4903 peccatorum,
1853 4837 2003 4892 nulla

421 4924 652 4993 amplius
681 4923 879 4978 oblatio
921 4939 1017 4993 pro
1056 4936 1290 4992 peccato,
1333 4935 1485 4981 erunt
1517 4927 1630 4980 dies
1666 4926 1732 4980 “.
1780 4927 1851 4982 At
1896 4942 2004 4982 non

423 5015 558 5070 dicit
601 5014 693 5084 qui
736 5023 791 5070 et
836 5014 1076 5086 quando,
1125 5027 1181 5073 et
1225 5026 1359 5088 quot
1391 5027 1516 5088 post
1572 5028 1837 5089 tempora.
1878 5017 2006 5075 Haec

424 5107 568 5186 enim
599 5105 770 5162 latere
800 5105 1036 5164 volebat.

497 5195 665 5253 Vsus.
691 5195 782 5254 '52.
818 5195 942 5253 Non
956 5196 1123 5266 juxta
1154 5208 1553 5256 testamentum.

501 5287 717 5355 Quaero,
752 5305 850 5344 cur
881 5289 985 5346 tale
1016 5305 1122 5348 non
1167 5292 1366 5348 dedisti
1419 5293 1853 5348 testamentum?
1897 5291 2006 5350 Im-

427 5371 678 5452 probavit
709 5379 859 5442 illud.
895 5396 1001 5437 non
1026 5391 1146 5438 erat
1189 5381 1515 5453 perfectum.
1551 5380 1719 5453 Igitur
1758 5397 1861 5439 nec
1890 5397 2011 5438 om-

360 5539 362 5542 ,
427 5473 558 5528 nino
584 5473 821 5530 dandum
849 5482 968 5531 erat
1016 5492 1031 5530 :
1089 5474 1336 5532 homines
1390 5475 1539 5547 leges
1567 5476 1770 5541 ferunt,
1809 5490 2009 5547 easque

429 5573 694 5636 perpetuo
744 5564 932 5624 ﬁrmas
962 5579 1086 5626 esse
1112 5568 1320 5626 volunt.
1348 5566 1432 5626 Tu
1461 5583 1592 5627 vero
1637 5567 2005 5643 nequaquam.

503 5743 547 5778 ιι
581 5743 744 5802 Hebr.
781 5763 836 5817 ι,
872 5747 958 5804 l8.

2079 1807 2191 1876 γὰρ
2229 1806 2506 1859 κοινωνεῖν
2536 1805 2650 1866 τοῖς
2696 1802 2883 1868 τόποις
2914 1803 2948 1873 ἡ
2995 1803 3153 1874 φήμη
3202 1800 3314 1854 τῶν
3345 1793 3687 1852 κατοικούνο

2078 1916 2206 1954 των.
2245 1899 2387 1968 Ὅρα
2421 1895 2749 1969 μεταϐολήν.

2148 1993 2165 2012 ³
2202 1990 2311 2046 Καὶ
2349 1988 2674 2060 ἀρθήσεται
2700 1989 2768 2043 ἐν
2792 1987 3068 2056 ποιμνίῳ.

2135 2081 2420 2145 Τουτέστι,
2457 2081 2857 2151 συναχθήσεται
2885 2079 2960 2142 ὡς
2986 2077 3258 2146 ποίμνιον.

2151 2175 2311 2243 Μέγα
2342 2173 2570 2244 ἀγαθὸν,
2606 2173 2705 2243 οὐχ
2733 2173 2860 2226 ὅταν
2884 2168 3251 2238 ἀπολαύωμεν
3274 2165 3391 2218 τῶν
3429 2160 3688 2230 ἀγαθῶν,

2081 2267 2198 2322 ἀλλ’
2237 2268 2365 2321 ὅταν
2399 2265 2541 2320 κατὰ
2567 2264 2797 2338 γνώμην
2840 2262 2999 2328 Θεοῦ,
3031 2263 3160 2316 ὅταν
3192 2259 3288 2313 καὶ
3319 2258 3507 2310 αὐτὸν
3531 2255 3691 2309 τοῦτο

2082 2359 2377 2432 εὐφραίνῃ.

2152 2455 2170 2473 “
2194 2451 2300 2506 Διά
2338 2449 2517 2506 τοῦτο
2554 2448 2909 2519 ἐξηγέρθην,
2934 2445 3033 2500 καὶ
3071 2443 3257 2508 εἶδον,
3280 2442 3388 2496 καὶ
3422 2442 3462 2494 ό
3497 2438 3693 2502 ὕπνος

2078 2559 2200 2614 μου
2221 2541 2374 2611 ἡδύς
2391 2557 2494 2611 μοι
2514 2538 2796 2610 ἐγενήθη.

2155 2634 2365 2701 Ταῦτα,
2413 2632 2602 2705 φησὶν,
2636 2627 3004 2700 ἀπεκαλύφθη
3053 2644 3144 2700 μοι
3194 2623 3569 2688 καθεύδοντι,
3601 2620 3690 2676 καὶ

2085 2729 2218 2802 ἡδὺν
2236 2727 2331 2783 τὸν
2363 2725 2532 2781 ὕπνον
2567 2723 2770 2796 ἔχοντι.

2155 2820 2269 2876 Kal
2300 2819 2475 2874 ἐσται
2503 2817 2728 2886 ὥσπερ.

2156 2910 2294 2966 Μεθ’
2322 2911 2456 2981 ὅσης
2495 2908 2742 2978 σπουδῆς
2779 2906 3010 2962 κάκεῖνα
3043 2902 3302 2975 ἐποίησα,
3354 2898 3465 2954 καὶ
3496 2895 3688 2960 ταῦτα,

2089 3004 2276 3077 φησιν,
2310 3003 2414 3057 ὅσα
2480 3018 2572 3072 μοι
2615 2998 2926 3070 οἰκειότερὰ
2970 2999 3124 3050 ἐστι·
3185 2993 3382 3066 μηδεὶς
3429 2985 3542 3044 οὖν
3568 2991 3692 3042 ἁπι-

2011 3127 2056 3188 c
2093 3094 2309 3150 στείτω.
2347 3095 2407 3148 ὐ
2437 3095 2547 3165 γὰρ
2571 3091 2715 3146 οὕτω
2744 3090 2972 3188 σφοϐρὸς
2997 3088 3134 3188 πρὸς
3166 3084 3485 3188 τιμωρίανν
3513 3083 3692 3188 πρίζ-

2050 3173 2056 3198 ’
2094 3205 2171 3259 μα
2200 3186 2484 3258 ἀλλότριον
2525 3184 2674 3256 ἐμοὶ,
2707 3181 2891 3254 πολλῷ
2921 3180 3125 3254 μᾶλλον
3163 3177 3533 3247 διεγείρομαι
3563 3173 3691 3244 πρὸς

2087 3280 2150 3334 τὸ
2180 3279 2403 3333 οἰκεῖον.

2163 3371 2268 3426 Ἐν
2306 3369 2437 3438 ταῖς
2463 3369 2731 3442 ἡμέραις.

2162 3461 2334 3518 Τοῦτο
2367 3463 2463 3517 καὶ
2525 3460 2787 3532 Ἰεζεκιηλ
2837 3475 3030 3530 φησιν.
3074 3456 3255 3522 Ὅλως
3300 3456 3420 3528 γὰρ
3474 3454 3692 3524 ἐγένετο

2092 3555 2382 3628 πρότερον,
2414 3555 2510 3608 xui.
2553 3553 2838 3608 συνέϐαινε
2877 3551 3116 3624 πρᾶγμα
3147 3549 3432 3619 τοσαύτης
3477 3547 3692 3608 ἀδικίας

2091 3648 2289 3719 γέμον,
2324 3647 2445 3700 εἰπέ
2481 3662 2603 3718 μοι;
2634 3646 2730 3699 καὶ
2775 3645 3057 3715 πατέρων,
3094 3642 3550 3714 ἁμαρτανόντων
3587 3639 3695 3693 ιτε-

2095 3758 2190 3815 ρος
2241 3739 2564 3812 ὲκολάζετος
2614 3739 2710 3794 καὶ
2743 3737 2850 3792 ποῦ
2897 3734 3074 3791 ταῦτα
3111 3734 3340 3798 ἀνεκτὰ,
3371 3733 3516 3786 εἰπέ
3573 3748 3691 3802 μοι,

2094 3833 2208 3891 Kal
2229 3833 2358 3905 μετ’
2407 3833 2616 3903 ὀλίγαν
2659 3828 2998 3904 Προσχῶμεν
3044 3829 3158 3892 τοῖς
3207 3826 3576 3896 λεγομένοις,
3628 3825 3692 3877 Οὐ

2099 3927 2176 3997 μὴ
2206 3925 2437 3981 εἴπωσιν
2463 3940 2477 3955 ·
2493 3920 2667 3989 εἶπεν,
2686 3922 2789 3976 οὐκ
2813 3917 2989 3988 εἶπεν,
3008 3920 3084 3974 Οὐ
3105 3917 3180 3990 μὴ
3195 3918 3459 3987 γένηται,
3481 3917 3693 3977 δεικνὺς

2096 4019 2179 4072 ὅτι
2208 4016 2332 4073 οὐδὲ
2369 4015 2476 4088 πρὸ
2496 4015 2689 4070 τούτου
2721 4013 2963 4081 ἐγένετο.
2988 4011 3054 4066 El
3083 4010 3182 4082 μὲν
3211 4011 3325 4080 γὰρ
3359 4004 3535 4061 εἶπεν
3556 4025 3571 4038 ·
3608 4008 3693 4058 ‘Er

2096 4110 2230 4178 ταῖς
2246 4109 2495 4180 ἡμέραις
2517 4108 2778 4174 ἐκείναις
2799 4103 3000 4161 οὐκέτι
3020 4104 3092 4157 οὐ
3115 4101 3200 4171 μὴ
3219 4099 3478 4170 γένηται
3499 4099 3689 4160 τοῦτο,

2099 4202 2282 4266 καλῶς
2309 4201 2376 4256 ἂν
2407 4196 2580 4266 εἶπες,
2607 4200 2690 4253 ὅτι
2715 4196 2824 4270 πρὸ
2854 4195 3049 4250 τούτου
3079 4192 3406 4263 ἐγένετο.Εῐ
3428 4191 3498 4244 δὲ
3529 4192 3688 4258 λέγει,

2095 4293 2308 4351 Οὐκέτι
2337 4295 2410 4348 οὺ
2430 4292 2512 4361 μὴ
2535 4291 2772 4357 εἴπωσι,
2808 4289 2910 4361 τῆς
2935 4284 3345 4357 διεφθαρμένης
3371 4281 3574 4336 αὐτῶν
3594 4282 3687 4352 ψή-

2113 4405 2206 4458 pou
2237 4386 2420 4457 κρίσις
2446 4384 2619 4439 ἐστίν.

2183 4475 2348 4534 Ἀλλ’
2387 4476 2427 4545 ἢ
2460 4474 2720 4553 ἕκαστος
2747 4472 2819 4529 ἐν
2860 4469 2941 4541 τῇ
2977 4469 3198 4527 ἑαυτοῦ
3242 4467 3522 4539 ἁμαρτίᾳ
3556 4469 3687 4522 dxe-

2107 4571 2392 4628 θανεῖται.

2181 4659 2497 4734 Προφητεία
2519 4658 2604 4722 τίς
2630 4657 2864 4716 ἐστικαὶ
2893 4655 3092 4726 σαφὴς,
3114 4653 3243 4725 περὶ
3263 4647 3333 4725 ἧς
3356 4651 3460 4706 καὶ
3487 4648 3686 4709 ﬂatile;

2107 4753 2425 4826 ἐπεμνήσθη
2468 4751 2619 4815 ποτὲ,
2661 4747 2992 4803 ἐπιστέλλων
3027 4745 3335 4816 Ἑϐραίοις·
3395 4743 3603 4797 'Oxov
3632 4739 3685 4792 et

2110 4848 2328 4918 ἄφεσις
2386 4843 2823 4916 ἁμαρτημάτων
2844 4883 2860 4909 ,
2930 4839 3132 4896 οὐκέτι
3179 4837 3511 4906 προσφορὰ
3571 4832 3684 4901 περ

2113 4934 2405 5004 ἁμαρτίας
2461 4932 2634 4988 ἔσται
2671 4932 2908 5002 καιρός·
2939 4931 3036 4987 καὶ
3065 4931 3124 4985 οὑ
3172 4929 3323 4997 λέγει
3376 4929 3564 4992 ποῖος,
3608 4926 3685 4977 καὶ

2101 5023 2256 5091 πότε,
2306 5023 2403 5077 καὶ
2449 5021 2590 5092 μετὰ
2617 5022 2782 5078 πόσον
2812 5020 3027 5094 χρόνον.
3070 5017 3360 5074 Ἐϐούλετο
3398 5015 3520 5087 γὰρ
3563 5014 3686 5069 αὐτὰ

2061 5187 2065 5191 Δ
2108 5114 2524 5172 συνεσκιάσθαι.

2173 5207 2335 5263 Κατὰ
2359 5207 2477 5276 τὴν
2500 5205 2818 5274 διαθήκην.

2186 5299 2325 5352 Είπὲ
2348 5338 2362 5363 ,
2399 5298 2543 5352 διατί
2581 5299 2645 5350 οὐ
2694 5295 2952 5366 τοιαύτην
2985 5293 3259 5365 διαθήκην
3307 5292 3512 5359 atoue;
3551 5293 3684 5346 Κατ-

2116 5388 2262 5459 έγνω
2293 5388 2495 5459 αύτῆςς
2547 5388 2738 5453 ἀτελὲς
2785 5382 2954 5458 εἶχεν.
2999 5383 3210 5440 Οὐκοῦν
3253 5385 3381 5438 οὐδὲ
3422 5385 3580 5456 παρὰ
3600 5385 3684 5454 τὴν

2113 5481 2291 5553 ἀρχὴν
2320 5481 2542 5554 δοθῆναι
2587 5481 2728 5536 ἔδει·
2767 5481 3046 5550 ἄνθρωποι
3076 5479 3274 5549 νόμους
3311 5478 3568 5542 τιθέασι,
3605 5480 3685 5531 καὶ

2116 5572 2398 5644 βούλονται
2450 5571 2540 5627 διὰ
2571 5571 2776 5637 παντὸς
2819 5566 2959 5626 εἶναι
3011 5569 3258 5642 κυρίους,
3285 5570 3352 5624 σὺ
3394 5569 3456 5623 δὲ
3492 5569 3683 5624 οὐκέτι.
