3810 6404
96 322 198 400 9st

1195 321 1627 380 FRAGMENTA
1665 321 1730 376 IN
1765 322 2140 382 JEREMIAH.

3269 340 3376 396 98%

94 443 224 498 Ὀτι
272 439 430 496 αὐτοὶ
479 439 582 495 ούκ
633 438 921 511 ἐνέμειναν
960 438 1018 493 ἐν
1047 441 1115 512 τῇ
1159 440 1398 515 διαθήκῃ
1431 459 1556 511 μου,
1590 442 1678 496 καὶ

1805 443 2050 510 ὶιιοιιίιιιη
2096 447 2198 518 ipsi
2235 463 2338 504 non
2375 451 2732 520 perstiterunt
2767 454 2820 508 in
2861 463 3220 521 testamento,
3266 471 3371 527 ego

92 535 206 603 ἐγὼ
270 533 524 604 ἠμέλησα
581 532 786 587 αὐτῶν.
812 532 926 586 Καί
971 531 1099 602 μετ’
1150 532 1363 602 ὀλίγαο
1416 532 1684 586 Βούλεσθε

93 621 407 690 παραγάγω
445 618 518 673 τὰ
565 619 905 674 ἀποστολικὰ
935 621 1183 693 ῥήματα,
1231 620 1510 686 ἁϐιάστως
1545 639 1684 693 συμ-

94 710 381 781 φωνοῦντα
427 713 543 774 τοῖς
601 711 952 784 εὶρημένοιςς
991 713 1054 767 Τί
1081 710 1364 777 βιάζεσθε
1395 713 1682 768 ἐπιθεῖναι

92 801 294 872 ζυγὸν,
341 802 416 856 ὃν
441 805 556 858 οὐκ
586 803 860 872 ισχυσαν
887 804 942 856 οἱ
983 800 1236 872 πατέρες
1263 801 1432 872 ὑμῶν
1449 802 1683 868 ,βαστά-

92 907 235 957 das;
287 893 452 965 Ὁρᾷς
499 896 582 949 ὅτι
629 895 719 948 διὰ
757 892 922 947 τοῦτο
966 893 1160 965 χάρις,
1196 895 1284 947 ἵνα
1321 895 1466 948 κατὰ
1517 895 1681 968 χάριν

91 986 423 1056 γένηται-είς
452 987 515 1040 τὸ
542 981 684 1041 εἶναι
711 986 938 1058 βεϐαίαν
963 986 1063 1058 τὴν
1095 986 1458 1057 ἐπαγγελίαν.

162 1077 296 1132 Ὀτι
323 1075 496 1132 αὐτοὶ
524 1079 634 1132 οὐκ
659 1077 995 1147 ἐνέμειναν.

163 1167 239 1222 Τὸ
294 1169 403 1239 γὰρ
459 1168 534 1239 μὴ
589 1168 874 1239 ἐμμένειν,
926 1169 1024 1224 καὶ
1083 1169 1402 1241 παραϐῆναι
1455 1170 1676 1226 ταύτόν.

90 1255 240 1330 Ἀρα
275 1245 369 1313 οῦν
423 1244 504 1324 εἷς
550 1260 670 1313 ἐστι
712 1261 741 1314 6
773 1260 876 1332 τὴν
932 1261 1126 1332 καινὴν
1169 1261 1266 1315 καὶ
1302 1263 1404 1332 τὴν
1438 1262 1680 1318 παλαιὰν

91 1351 294 1415 διδούς.

161 1443 184 1465 ’⁵
214 1441 579 1511 Διαθήσομαι
630 1443 711 1508 τῷ
746 1442 893 1507 οἴκῳ
952 1442 1216 1512 Ἰσραὴλ.
1256 1444 1358 1498 καὶ
1413 1444 1494 1512 τῷ
1535 1446 1680 1511 οἴκῳ

104 1533 324 1599 Ἰούδα,
355 1533 508 1604 μετὰ
531 1534 639 1602 τὰς
664 1533 892 1606 ἡμέρας
916 1535 1188 1602 ὲκείνας,
1239 1535 1392 1605 φησι
1427 1530 1676 1607 Κύριος,

90 1623 301 1691 διδοὺς
333 1625 477 1691 τοὺς
502 1626 728 1695 νόμους
757 1643 878 1695 μου
905 1627 994 1692 είς
1009 1626 1125 1695 τὴν
1159 1627 1434 1683 διάνοιαν
1457 1627 1676 1698 αὐτῶν,

91 1720 190 1773 καὶ
221 1721 320 1774 ἐπί
354 1721 462 1775 τοῦ
491 1720 758 1788 στήθους
799 1721 909 1792 τῆς
938 1723 1187 1793 καρδίας
1225 1725 1429 1780 αὐτῶν
1467 1726 1678 1797 γράψω

87 1812 334 1878 αὐτούς.

172 1905 232 1958 ’0
286 1904 394 1975 γὰρ
441 1905 650 1977 Μωσῆς
695 1906 952 1961 ἐκέλευσε
988 1909 1156 1964 πᾶσιν
1200 1909 1674 1980 ἀναγινώσκεσθαι

88 1997 182 2052 τὸν
212 1998 399 2068 νόμον,
445 1997 584 2051 ἀλλὰ
631 1999 728 2053 καὶ
754 1999 844 2053 διὰ
869 2000 1012 2054 ἑπτὰ
1057 2002 1218 2057 ὲτῶν.
1256 2004 1424 2072 Λέγει
1465 2003 1672 2069 τοίνυν,

87 2091 168 2144 ὅτι
201 2090 486 2161 Τοσαύτην
517 2093 703 2155 αὐτοῖς
729 2092 830 2164 τὴν
861 2091 1068 2163 εἴδησιν
1105 2096 1339 2168 παρέχω
1365 2099 1468 2168 τὴν
1509 2098 1672 2169 ἐμὴν,

85 2181 229 2236 ὥστε
267 2182 342 2254 μὴ
375 2183 584 2237 δεῖσθαι
620 2183 985 2254 ἀναγνώσεως
1006 2226 1022 2251 ,
1065 2187 1160 2241 ἐπὶ
1204 2188 1265 2241 δὲ
1298 2189 1400 2260 τῆς
1431 2189 1675 2254 διανοίας

86 2274 234 2346 ἔχειν
257 2273 355 2346 τὴν
383 2276 512 2349 περὶ
537 2276 608 2330 τὰ
636 2275 781 2330 καλὰ
807 2279 1068 2349 σπουδήν.
1185 2339 1189 2344 ,
1414 2266 1426 2280 ’

157 2343 411 2436 υύδαμοῦ
623 2367 793 2423 ἐθνῶν
835 2343 1146 2441 μέμνηται,
1181 2370 1272 2425 ἵνα
1312 2371 1388 2443 μὴ
1432 2371 1509 2442 δῷ
1538 2371 1675 2444 πρό-

86 2471 258 2522 φασιν
315 2456 522 2522 αὐτοῖς,
576 2456 758 2521 καθὼς
808 2459 906 2512 καὶ
962 2462 991 2512 6
1024 2460 1264 2530 Χριστός
1322 2479 1510 2533 φησιν,
1551 2463 1674 2516 Οὐκ

85 2547 445 2618 ἀπεστάλην
471 2550 523 2602 εὶ
552 2549 639 2620 μὴ
666 2551 756 2616 είς
794 2550 867 2606 τὰ
910 2553 1177 2620 πρόϐατα
1211 2555 1285 2609 τὰ
1315 2555 1676 2611 ἀπολωλότα

86 2638 259 2693 οἴκου
295 2640 564 2709 Ἰσραήλ.

154 2731 372 2798 Διδοὺς
399 2732 594 2789 δώσω.

161 2821 321 2886 Εἰπὲ,
356 2820 460 2874 ποῦ
489 2822 649 2876 τοῦτο
672 2824 865 2893 γέγονε
887 2842 902 2891 ;
928 2826 1024 2884 καὶ
1048 2825 1161 2898 γὰρ
1190 2829 1436 2899 γραπτδς
1458 2830 1486 2882 6
1509 2829 1675 2902 νόμος

87 2906 183 2983 ἦν’
227 2913 418 2985 ἐπειδὴ
469 2913 629 2986 ἡμῶν
661 2913 867 2988 [ἡμῖν]
915 2918 1175 2990 ἐπίδειξις
1216 2919 1539 2992 Πνεύματος
1567 2941 1674 2994 μυ-

93 3002 208 3075 ρίαι
259 3005 578 3076 μαρτυρίαι.
624 3004 796 3061 Οὐδὲν
824 3007 1106 3077 ἔγγραφον
1145 3011 1466 3082 παρέδωκεν
1495 3014 1524 3066 6
1565 3015 1674 3086 Ἰη-

1786 548 2004 605 quoque
2053 537 2266 607 neglexi
2297 554 2412 595 eos.
2445 540 2514 596 Et
2542 545 2726 611 paucis
2759 545 3068 615 interjéctis.
3107 546 3280 601 Vultis
3312 547 3367 601 iu

1785 627 2022 681 medium
2053 627 2274 684 aﬂeram
2337 633 2578 702 Apostoli
2615 650 2676 690 ea
2710 636 2891 702 verba,
2939 653 3060 692 cum
3099 639 3182 694 his
3209 640 3368 694 dlctis

1784 715 1942 786 plane
1966 723 2320 789 congruentia
2350 736 2366 776 :
2415 721 2484 777 Ut
2499 726 2627 794 quid
2686 729 2905 784 tentatis
2922 728 3112 800 jugum
3149 745 3364 800 ponere,

1781 823 1936 877 quem
1976 824 2078 862 non
2123 823 2402 879 potuerunt
2427 826 2604 884 patres
2639 820 2795 872 uestri
2822 830 3042 888 portare
3077 822 3161 875 “‘2
3206 819 3369 877 Vides

1783 899 1905 956 ideo
1929 899 2110 956 datam
2133 903 2382 970 gratiam,
2426 913 2485 960 ut
2512 920 2608 976 per
2631 910 2860 977 gratiam
2895 911 3049 967 ﬁeret
3095 911 3362 968 fortitudo

1780 991 2179 1062 promissionis.

1855 1078 1997 1145 Quia
2023 1082 2123 1151 ipsi
2149 1097 2253 1136 non
2276 1084 2642 1152 perstiterunt.

1835 1170 1971 1238 Nam
2006 1188 2112 1229 non
2158 1176 2410 1232 insistere
2441 1185 2498 1230 et
2549 1175 2896 1245 praevaricari
2927 1177 3067 1233 idem
3095 1187 3200 1234 cst.
3220 1179 3368 1250 Ergo

1779 1278 1921 1319 unus
1944 1274 2029 1319 est
2057 1265 2149 1332 qui
2186 1281 2383 1322 novum
2437 1276 2709 1336 vetusque
2740 1268 2984 1322 tradidit.

1849 1449 1868 1465 ‘
1887 1443 2046 1500 Vens.
2068 1445 2160 1500 55.
2190 1446 2479 1517 Disponam
2499 1446 2680 1510 domui
2699 1446 2892 1513 Israel,
2919 1459 2967 1504 et
2984 1415 3167 1503 domui
3193 1447 3363 1516 Iuda,

1778 1547 1892 1606 post
1914 1534 2026 1590 dies
2060 1537 2205 1602 illos,
2231 1538 2309 1590 ait
2332 1536 2610 1602 Dominus,
2629 1539 2760 1593 dans
2786 1538 2922 1610 leges
2949 1556 3094 1594 meas
3127 1541 3182 1594 in
3213 1557 3364 1596 nien-

1780 1637 1884 1681 tem
1900 1643 2105 1694 eorum,
2136 1636 2186 1682 et
2213 1630 2269 1681 in
2295 1637 2502 1697 pectore
2531 1629 2705 1683 cordis
2745 1646 2931 1684 eorum
2982 1629 3216 1686 scribam
3245 1647 3359 1686 eas.

1847 1899 2058 1972 Moyses
2085 1913 2315 1969 namque
2337 1909 2670 1970 prteceperat
2725 1907 2786 1954 ut
2809 1899 3062 1955 omnibus
3084 1901 3361 1971 legeretur

1775 1993 1885 2059 lex,
1917 2001 1974 2048 et
1994 2007 2092 2060 per
2122 1999 2326 2060 septem
2351 2005 2542 2046 annos.
2561 1991 2654 2045 Ait
2687 1990 2886 2060 igitur:
2912 1991 3095 2046 'l‘alem
3130 2000 3365 2047 tantam-

1775 2101 1882 2158 que
1906 2101 2078 2140 meani
2106 2085 2186 2140 eis
2212 2082 2444 2139 tribuam
2469 2084 2778 2148 scientiam,
2809 2094 2868 2138 ut
2889 2085 2994 2140 illis
3020 2085 3168 2140 nullo
3198 2089 3362 2142 modo

1775 2177 2006 2234 lectione
2022 2191 2157 2248 opus
2193 2177 2297 2243 sit;
2331 2177 2588 2246 quoniam
2619 2177 3033 2247 intelligentiam
3076 2180 3363 2236 habebunt

1775 2287 1963 2328 eorum
1991 2286 2110 2340 qua:
2138 2271 2204 2324 ad
2246 2269 2486 2324 studium
2526 2278 2654 2324 sunt
2683 2271 2971 2326 bonorum.

1844 2360 2060 2415 Nullam
2091 2360 2333 2430 gentium
2367 2361 2685 2414 memoriam
2721 2360 2872 2427 facit,
2912 2377 2979 2416 ne
3011 2361 3356 2416 occasionem

1776 2451 1883 2508 illis
1915 2451 2219 2522 praeberet;
2251 2451 2388 2506 sicut
2415 2461 2470 2506 et
2499 2449 2756 2506 Christus
2789 2453 2866 2506 ait
2897 2469 2912 2506 :
2943 2452 3070 2506 Non
3101 2468 3218 2506 sum
3237 2454 3365 2506 mis-

1774 2561 1864 2600 sus
1899 2543 2001 2598 nisi
2035 2544 2104 2598 ad
2148 2559 2264 2597 oves
2294 2558 2412 2613 qua:
2443 2544 2710 2610 perierunt
2748 2544 2936 2598 domus
2974 2541 3147 2598 Israel
3183 2543 3247 2596 ¹⁸.

1846 2725 1998 2781 Dans
2027 2724 2187 2782 dabo.

1849 2818 1969 2882 Dic,
2000 2815 2090 2872 ubi
2129 2816 2333 2871 factum
2363 2815 2470 2871 hoc
2491 2815 2604 2872 est?
2635 2814 2839 2885 scripta
2866 2815 3067 2885 quippe
3092 2813 3194 2870 fuit
3224 2814 3310 2869 lex
3336 2833 3353 2872 :

1774 2910 1934 2966 nobis
1955 2909 2099 2964 enim
2129 2909 2196 2960 ad
2220 2907 2617 2974 ostendendum
2644 2908 2894 2979 spiritum
2923 2908 3207 2962 innumera
3235 2916 3362 2962 sunt

1779 2998 2107 3055 testimonia.
2141 2994 2288 3051 Nihil
2333 2999 2594 3067 scriptum
2643 2997 2868 3053 tradidit
2895 2995 3092 3052 Jesus:
3124 2996 3225 3051 Ille
3271 3013 3360 3051 vos

94 3095 255 3160 σοῦς·
305 3095 570 3162 Ἐκεῖνος
615 3095 771 3164 ὑμᾶς
807 3097 1150 3169 ἀναμνήσει
1181 3100 1398 3156 πάντα.
1429 3103 1568 3175 Οὐχὶ
1593 3104 1673 3158 λι-

1805 3090 1978 3146 'ocebit
1991 3089 2177 3145 omnia
2201 3089 2266 3144 “.
2293 3087 2408 3144 Non
2431 3089 2656 3159 lapidem
2681 3090 2896 3156 tabulae,
2925 3105 3033 3145 non
3055 3089 3249 3145 litterae
3279 3089 3362 3142 iu-

93 3184 241 3239 θιναι
270 3184 499 3251 πλάκες,
529 3186 654 3241 οὐδὲ
701 3187 1010 3260 γράμματα
1065 3191 1512 3264 ὲγκεχαραμένα,
1553 3195 1673 3250 ἀλλ’

91 3277 125 3346 ὴ
176 3275 390 3330 διάνοια
439 3275 622 3330 αὐτῶν
681 3277 855 3350 στήλη
903 3277 986 3350 τῷ
1023 3279 1174 3351 νόμῳ
1212 3279 1294 3351 τῷ
1334 3282 1466 3353 παρ’
1509 3281 1675 3336 αὑτοῦ

91 3367 408 3437 γενήσεται.

162 3457 281 3514 Καί
307 3457 408 3514 ἐπὶ
431 3458 705 3528 καρδίας.

163 3549 282 3604 Καὶ
315 3549 425 3621 γὰρ
454 3550 578 3621 ὄραο
613 3551 724 3605 ἀπὸ
751 3549 852 3622 μὲν
877 3551 977 3622 τῆς
1007 3551 1218 3616 πλακὸς
1247 3554 1349 3608 οὐκ
1379 3549 1450 3626 ἦν
1469 3553 1679 3620 πάντας

91 3640 319 3708 εἰδέναι,
343 3641 453 3696 ἀπὸ
477 3641 534 3696 δὲ
563 3641 674 3697 τῶν
702 3643 1020 3699 ἀποστόλων
1046 3643 1254 3709 πάντες
1279 3645 1518 3717 ἔμψυχοι
1547 3647 1679 3718 στῆ-

93 3732 188 3786 λαι
227 3731 531 3803 περιῄεσαν
559 3733 658 3804 τὴν
692 3734 1043 3804 οἰκουμένην,
1074 3735 1336 3805 φέροντες
1378 3739 1436 3791 ὲν
1463 3738 1681 3801 ἑαυτοῖς

93 3824 189 3879 τοῦ
226 3823 366 3878 Θεοῦ
411 3825 480 3879 τὰ
511 3825 814 3899 γράμματα
841 3826 986 3898 ἅπερ
1018 3824 1187 3899 εἶχον,
1220 3829 1258 3884 ἃ.
1314 3830 1586 3901 ἐχάραξεν
1617 3831 1680 3885 ού

95 3917 371 3988 κάλαμος,
420 3918 481 3971 ού
512 3918 700 3989 μέλαν,
730 3918 845 3972 ἀλλ’
874 3919 1038 3983 αὐτὸς
1081 3923 1110 3974 6
1137 3919 1292 3984 Θεός.
1336 3921 1484 3993 Ὅρα
1512 3925 1681 3977 ίσοτι-

102 4015 238 4084 μίαν
289 4015 501 4086 [ἰατρὸς
543 4016 638 4070 καὶ
666 4014 1012 4086 Πνεύματοςο
1061 4016 1272 4072 ἐκεῖναι
1320 4018 1400 4090 τῷ
1429 4018 1680 4092 δακτύλῳ

94 4104 192 4158 τοῦ
215 4105 356 4159 Θεοῦ
377 4108 434 4159 αἱ
457 4105 665 4171 πλάκες
687 4107 1191 4179 ὲγκεχαραγμέναι,
1214 4103 1374 4165 αὗται
1400 4114 1467 4183 τῇ
1492 4112 1682 4184 χάριτι

101 4199 199 4252 τοῦ
255 4198 608 4270 Πνεύματοςο
657 4201 910 4257 κάκεῖναι
968 4203 1070 4272 μὲν
1123 4204 1556 4277 συνετρίϐησαν,
1614 4208 1680 4261 ὲκ

96 4288 406 4361 προοιμίων
450 4287 708 4358 δηλοῦται
749 4289 812 4343 τὸ
839 4289 1017 4354 τέλος,
1058 4290 1158 4345 καὶ
1209 4290 1380 4356 τύπος
1431 4293 1495 4346 τὺ
1526 4294 1684 4364 γενό-

101 4396 268 4450 μενον
308 4375 396 4450 ἦν,
433 4379 528 4434 καὶ
554 4380 637 4433 ὅτι
664 4377 815 4451 λήξει
848 4380 983 4434 ποτὲ
1017 4381 1047 4433 ὁ
1077 4381 1266 4452 νόμος,
1299 4383 1397 4437 καὶ
1428 4386 1512 4440 ὅτι
1548 4402 1680 4439 συν-

1777 3180 1937 3246 cisaz,
1973 3180 2066 3235 sed
2098 3193 2286 3234 eorum
2331 3193 2484 3235 mens
2511 3177 2618 3250 legi
2665 3178 2734 3235 ab
2778 3179 2897 3250 ipso
2945 3179 3066 3234 lata:
3108 3177 3360 3234 columna

1777 3269 1890 3326 ﬁet.

1848 3467 1917 3523 Et
1943 3469 1999 3524 in
2037 3466 2216 3524 corde.

1848 3556 1982 3614 Vide
2022 3556 2172 3612 enim
2211 3570 2226 3608 :
2257 3569 2289 3611 e
2325 3553 2510 3611 tabula
2563 3554 2783 3626 quidem
2829 3555 2972 3610 seire
3011 3564 3202 3609 omnes
3253 3567 3361 3609 non

1781 3655 2057 3718 poterant,
2097 3647 2168 3703 ab
2215 3647 2478 3716 apostolis
2533 3661 2664 3703 vero
2712 3660 2904 3702 omnes
2955 3644 3211 3700 animatae
3265 3661 3354 3701 εον

1781 3739 1981 3795 lumnae
2029 3738 2338 3795 circuibant
2360 3747 2586 3804 terram,
2645 3753 2830 3794 secum
2879 3735 3119 3794 ferentes
3155 3736 3364 3792 litteras

1782 3845 1919 3900 quas
1946 3830 2216 3886 habebant
2238 3869 2254 3896 ,
2283 3845 2420 3900 quas
2472 3830 2772 3900 impressit,
2819 3844 2926 3884 non
2959 3829 3224 3892 calamus,
3254 3844 3360 3883 non

1782 3929 2173 3986 atramentum,
2208 3923 2302 3977 sed
2336 3921 2452 3991 ipse
2469 3922 2634 3978 Deus.
2673 3921 2970 3976 Considera
2996 3921 3360 3990 aequalitatem

1783 4011 2008 4068 honoris
2038 4013 2239 4078 Patris,
2269 4022 2325 4068 et
2356 4011 2611 4081 Spiritus,
2642 4012 2748 4067 illa:
2773 4012 2944 4081 digito
2976 4011 3068 4066 Dei
3094 4013 3365 4082 inscriptae

1787 4103 2016 4171 tabulas,
2062 4105 2146 4159 hae
2181 4103 2353 4174 gratia
2389 4103 2660 4171 Spiritus;
2697 4113 2754 4159 et
2785 4104 2890 4158 illa
2933 4104 3150 4174 quidem
3178 4103 3366 4158 fracta:

1786 4206 1936 4262 sunt,
1966 4197 2034 4253 ab
2073 4197 2192 4268 ipso
2223 4197 2452 4253 exordio
2486 4198 2650 4252 linem
2681 4197 3078 4266 signiﬁcantes,
3111 4207 3168 4252 et
3194 4197 3363 4266 ﬁgura

1787 4289 1892 4346 hoc
1927 4299 2069 4356 erat,
2101 4289 2218 4346 fore
2244 4290 2536 4359 aliquando
2579 4289 2716 4360 legis
2745 4290 2928 4357 linem,
2955 4297 3013 4343 et
3037 4288 3158 4344 illos
3177 4289 3362 4358 iugum

1787 4397 1945 4438 suum
1969 4382 2244 4439 l'racturos
2263 4397 2420 4450 esse;
2449 4383 2539 4437 hic
2563 4397 2693 4438 vero
2725 4381 2861 4436 nihil
2892 4379 3016 4446 tale,
3047 4381 3142 4436 sed
3170 4380 3368 4435 tabulae

97 4469 362 4540 τρίψουσι
385 4468 476 4522 τὸν
535 4468 700 4537 ζυγὸν
768 4468 1000 4524 ἑαυτῶν.
1075 4469 1346 4527 Ἐνταῦθα
1405 4473 1463 4528 δὲ
1527 4476 1678 4530 οὐδὲν

1810 4474 1894 4530 lla
1922 4482 2263 4540 manserunt,
2293 4471 2439 4528 nulla
2480 4471 2742 4542 temporis
2770 4470 2967 4542 injuria
2997 4470 3363 4526 conterenda.

100 4565 367 4630 τοιοῦτον,
400 4565 515 4618 ἀλλ’
558 4565 781 4634 ἔμειναν
815 4568 870 4620 al
905 4567 1112 4632 πλάκες
1139 4569 1370 4635 ἐκεῖναι,
1406 4567 1512 4621 ὑπὸ
1541 4585 1682 4622 παν-

98 4655 192 4720 τὸς
223 4655 490 4710 ἀνάλωτοι
520 4652 614 4707 τοῦ
646 4653 843 4724 χρόνου
872 4655 1184 4726 γενόμεναι.

167 4747 286 4803 Καὶ
311 4749 383 4801 οὐ
405 4746 493 4817 μὴ
532 4745 869 4811 διδάξουσι.

167 4830 401 4904 Τίςξοῦν
441 4839 602 4911 χρεία
644 4838 1021 4907 διδασκαλίας,
1045 4841 1170 4896 εἰπέ
1214 4857 1337 4912 μοι;
1394 4842 1476 4906 είς
1521 4841 1685 4896 ποίαν

101 4929 294 5003 χώραν
314 4929 566 4984 ἀπελθεῖν
589 4929 792 5000 βούλει,
817 4933 898 4996 είς
924 4931 1086 4986 ποίαν
1113 4931 1411 4997 θάλασσαν,
1426 4933 1506 4997 είς
1525 4933 1686 4987 ποίαν

101 5024 246 5093 γῆν;
279 5022 374 5085 Εἰς
403 5020 502 5092 τὴν
537 5020 836 5092 βάρσαρον,
857 5023 937 5086 είς
970 5023 1068 5094 τὴν
1106 5024 1352 5088 Ἐλλάδα,
1380 5025 1459 5088 εἰς
1479 5025 1686 5093 πόλεις,

102 5116 184 5176 είς
212 5113 421 5175 ἄοικον,
438 5113 554 5165 ἐκεῖ
577 5111 667 5166 τὸν
693 5113 927 5182 σταυρὸν
952 5114 1227 5185 εὑρήσεις,
1242 5116 1338 5170 καὶ
1357 5115 1570 5188 ἀκούσῃ
1589 5133 1690 5187 μυ-

107 5211 202 5280 ρία
220 5209 566 5280 διηγήματαο
597 5208 694 5261 καὶ
717 5207 944 5280 ἕρημος,
981 5211 1076 5262 καὶ
1104 5211 1418 5282 οἰκουμένη,
1443 5211 1538 5265 καὶ
1563 5212 1686 5284 ὅρη,

105 5302 203 5355 καὶ
229 5300 398 5356 ὕπτια
437 5300 596 5355 πεδία
621 5302 714 5356 τὸν
739 5302 976 5372 Χριστὸν
1010 5303 1130 5374 βοᾷ.
1172 5303 1284 5358 Kal
1311 5304 1440 5373 μετ’
1490 5305 1686 5374 ὀλίγαο

106 5391 375 5464 Καθάπερ
398 5393 506 5464 γὰρ
534 5395 562 5446 6
590 5393 741 5465 ἥλιος
764 5388 918 5458 οὗτος
951 5395 1011 5449 ού
1038 5397 1151 5458 τοῖς
1179 5396 1440 5466 μεγάλοις
1491 5397 1652 5466 μόνον
1671 5435 1687 5462 ,

110 5486 250 5540 ἀλλὰ
277 5488 371 5540 κα)⁸
395 5489 508 5550 τοῖς
541 5489 758 5558 μικροῖς
807 5488 1008 5556 φαίνει,
1041 5488 1185 5543 οῦτω
1209 5491 1304 5543 καὶ
1342 5491 1370 5542 6
1401 5490 1554 5560 ἣλιος
1589 5490 1691 5560 τῆς

111 5581 458 5652 δικαιοσυνης
498 5581 734 5653 μικρῶν,
786 5582 1062 5652 μεγάλων,
1107 5582 1333 5651 δούλων,
1363 5583 1685 5655 ἐλευθέρων,

1859 4756 2026 4812 Vens.
2055 4753 2148 4811 34;
2180 4752 2247 4808 Et
2281 4768 2386 4808 non
2417 4751 2695 4806 docebunt.

1879 4846 2019 4916 Quid
2053 4847 2220 4918 igitur
2243 4859 2382 4914 opus
2418 4853 2504 4899 est
2545 4840 2946 4899 lnstructione?
2992 4855 3154 4911 quam
3187 4839 3366 4910 regio-

1793 4954 1918 4995 nem
1948 4947 2130 5009 petere
2153 4935 2279 4992 vis?
2309 4935 2450 5004 quod
2499 4950 2668 5000 mare,
2699 4948 2860 5004 quam
2893 4941 3090 4993 terram
3115 4933 3139 4987 ?
3161 4930 3368 4986 Barba-

1794 5048 1934 5097 ram,
1969 5029 2237 5095 Graecam,
2259 5028 2444 5094 nrbes,
2469 5027 2716 5094 deserta;
2753 5025 2829 5081 ibi
2853 5038 3067 5081 crucem
3103 5024 3368 5089 invenies,

1796 5131 2195 5189 sescentasque
2247 5120 2436 5174 audies
2491 5117 2835 5173 narrationes
2854 5156 2870 5183 ,
2901 5124 2956 5171 et
2986 5115 3286 5177 desertum,
3316 5123 3371 5169 et

1796 5222 1939 5267 terra
1981 5211 2245 5275 habitata,
2283 5216 2339 5263 et
2366 5218 2578 5262 montes
2601 5217 2655 5262 et
2698 5205 2840 5275 plani
2870 5204 3045 5274 campi
3094 5203 3368 5258 Christum

1796 5307 2065 5362 intonant.
2100 5302 2168 5357 Et
2203 5300 2361 5372 paulo
2386 5309 2520 5369 post.
2557 5298 2727 5354 Sicuti
2760 5297 2840 5354 sol
2874 5297 2962 5352 hic
3013 5311 3118 5351 non
3159 5294 3369 5365 magnis

1798 5408 2032 5462 tantum,
2063 5396 2158 5452 sed
2184 5403 2238 5450 et
2265 5392 2508 5464 parvulis
2530 5391 2798 5462 Splendet,
2830 5389 2910 5444 sic
2937 5399 2993 5444 et
3018 5387 3241 5457 iustitia:
3275 5384 3368 5440 Sol

1797 5503 2113 5560 parvorum,
2145 5485 2451 5558 grandium,
2487 5497 2794 5546 servorum,
2825 5480 3144 5545 liberorum,
3166 5476 3372 5548 princi-

1793 5596 1945 5652 pum,
1999 5578 2358 5645 subditorum,
2404 5591 2614 5649 regum,
2665 5574 3025 5646 privatorum,
3061 5569 3372 5631 infantium,

189 5761 233 5792 ι’
267 5762 512 5827 Act._xv,
551 5758 634 5816 l0.
715 5763 756 5794 ¹³
795 5759 991 5817 Matth.
1017 5778 1108 5831 xv,
1138 5763 1228 5819 24.
1310 5765 1351 5797 ’³
1380 5761 1537 5820 Juan.
1573 5777 1686 5828 xiv,
1714 5759 1804 5815 26.
