3854 6462
151 353 295 410 983

154 471 366 542 στῆς,
429 472 506 538 ὡς
567 478 1010 554 περαιωθήσεται
1073 486 1135 540 τὸ

155 566 616 635 συνεργοῦντος.

253 657 426 750 Ἕως
437 660 675 724 ,βουνοῦ
714 665 905 735 Γαρὶϐ
939 667 1132 741 (ὄνομα
1160 673 1350 747 τόπου)
1377 691 1391 707 ⁸
1416 679 1514 732 καὶ
1544 694 1784 750 περικυ-

161 749 571 817 κλωθήσεται
596 752 676 820 τῷ
707 757 909 826 Γοαθᾲ
941 759 1122 831 (πάλιν
1146 763 1319 837 ὄνομα
1348 761 1561 840 τόπου).

260 845 278 863 ⁸
307 842 424 896 Καὶ
465 843 676 900 πᾶσαν
701 847 818 916 τὴν
867 853 1124 907 κοιλάδα
1172 855 1292 912 τῶν
1332 862 1638 934 Φααγαρὶμ
1683 868 1781 921 καί

162 934 308 1002 τὴν
332 937 600 992 σποδιὰν
627 942 952 1013 Φααταρίμ.

255 1027 584 1095 Τουτέστιν,
610 1030 742 1087 ἔνθα
766 1035 834 1089 τὰ
860 1037 1030 1109 νεκρὰ
1057 1038 1454 1111 ρίπτεται.Καί
1477 1047 1594 1116 τὴν
1629 1065 1782 1105 σπο-

161 1118 356 1214 item,
559 1122 688 1189 τοῦ,
723 1127 821 1181 καὶ
845 1128 916 1182 τά
961 1131 1186 1193 κοθέλσια
1233 1132 1348 1206 [ίσ.
1396 1141 1718 1210 νεκροθέσια
1736 1141 1780 1214 ].

1281 371 1702 432 FRAGMENTA
1743 377 1812 434 IN
1849 378 2225 442 JEREEMM.

1191 494 1577 564 προκείμενον,
1639 497 1761 553 Θεοῐ

1888 507 2212 601 propositum
2274 514 2564 570 terminum
2643 518 3066 589 perducendum,
3124 524 3236 580 Deo
3287 530 3464 601 cpitu-

3359 399 3467 470 986

1887 600 2051 657 tante.

1969 688 2146 760 Usque
2195 693 2265 745 ad
2319 693 2476 749 colles
2507 693 2670 751 Cario
2695 699 2915 769 (nomen
2952 701 3080 774 loci)
3109 721 3125 759 :
3155 716 3202 760 et
3241 708 3463 764 circum-

1883 780 2101 834 dabitur
2129 780 2333 836 Goutlta
2365 785 2584 854 (iterum
2617 802 2810 843 nomen
2839 789 2992 860 loci).

1954 874 1971 892 '
1991 871 2155 929 Vens.
2177 872 2268 929 40.
2303 874 2372 928 Et
2405 892 2610 930 omnem
2636 879 2822 932 uallem
2857 879 3205 953 Ploaagarim,
3243 897 3290 940 et
3323 888 3464 944 eine-

1883 981 1990 1020 rem
2023 964 2242 1038 Pliaaga
2249 968 2368 1024 rim.

1970 1055 2085 1112 Hoc
2116 1068 2200 1113 est
2224 1098 2239 1120 ,
2285 1073 2394 1129 quo
2417 1061 2683 1117 cadavera
2719 1063 3100 1134 projiciuntur.
3128 1067 3194 1123 Et
3234 1070 3460 1126 cinerem

1883 1163 1982 1217 pro
2007 1160 2335 1204 mortuorum
2379 1168 2557 1208 areas.
2594 1155 2871 1211 Hocidem
2901 1160 3172 1228 signiﬁcat
3209 1170 3265 1216 et
3317 1166 3460 1230 quod

162 1210 261 1308 Τὸ
292 1210 432 1265 αὐτὸ
458 1213 516 1267 δὲ
540 1215 802 1308 σημαίνει
828 1221 922 1272 καὶ
949 1220 1012 1274 τὸ
1036 1223 1406 1296 ἐπαγόμενον,
1438 1231 1537 1286 καί
1567 1210 1761 1288 πᾶσαί

1888 1242 2104 1296 subdit:
2160 1242 2228 1296 Et
2280 1260 2486 1298 omnem
2535 1245 2911 1303 Anasarimoth
3028 1250 3206 1306 locum
3253 1210 3462 1308 sciiicet

181 1303 627 1376 Ἁνασαριμὼθ,
661 1308 806 1376 ἀντὶ,
840 1312 1007 1366 τόπον
1049 1317 1309 1388 κοπρίας.

257 1399 425 1466 Ἕως
459 1401 783 1470 χειμὰρῤου
807 1404 1056 1474 Κέδρου,
1086 1407 1199 1476 ἕως
1226 1410 1339 1480 τῆς
1393 1415 1610 1484 γωνίας
1665 1418 1780 1473 πύ-

164 1493 327 1559 λης,
361 1492 561 1546 ἵππων
599 1494 920 1567 Ἀνατολῆς
942 1499 1211 1570 ἁτίασμα
1232 1503 1313 1567 τῷ
1335 1507 1552 1574 Κυρίῳ.

259 1583 582 1651 Τουτέστιν,
628 1587 666 1642 ἀ
706 1589 879 1644 πάλαι
923 1587 1015 1663 ἦν,
1070 1593 1178 1659 ἔξω
1202 1596 1303 1668 τῆς
1355 1597 1569 1665 πόλεως
1609 1601 1690 1666 είς
1717 1603 1780 1657 τὸ

1882 1336 2164 1392 stercoris.

1956 1425 2136 1499 Usque
2193 1431 2263 1484 ad
2317 1439 2597 1485 torrentem
2644 1427 2852 1484 Cedron
2879 1467 2896 1494 ,
2941 1444 3110 1501 usque
3168 1430 3239 1484 ad
3291 1446 3460 1501 angu-

1881 1521 2177 1590 lumportee
2218 1537 2470 1599 equorum
2508 1520 2738 1576 Orientis
2777 1530 3019 1574 sanetum
3072 1520 3320 1576 Domino.

1954 1613 2009 1669 Id
2043 1623 2154 1680 est,
2175 1629 2295 1685 qua:
2328 1614 2477 1684 prius
2505 1622 2680 1680 erant,
2719 1623 2874 1667 extra
2904 1613 3179 1669 civitatem
3209 1629 3318 1685 quo
3352 1613 3457 1684 eji-

171 1675 489 1774 ῥίπτεσθαι
535 1679 870 1774 τὴνῗκόπρον
899 1725 915 1750 ,
960 1683 1137 1741 ταῦτα
1173 1688 1649 1762 περιληφθήσεται
1697 1695 1761 1758 είς

1888 1707 2126 1764 ciebatur
2152 1675 2384 1768 stercus,
2415 1704 2532 1759 haec
2559 1705 2863 1774 cingentur,
2891 1713 2945 1758 et
2978 1675 3318 1761 ornabuniur
3336 1747 3352 1772 ,
3380 1675 3456 1761 vet

166 1773 291 1868 τὴν
336 1769 514 1835 πόλιν,
568 1773 664 1825 καὶ
713 1775 1156 1846 κοσμηθήσεται,
1205 1780 1303 1833 καὶ
1353 1780 1509 1835 ἔσται
1557 1782 1704 1847 ἄπας
1748 1789 1761 1838 ε

1888 1799 1985 1855 erit
2034 1798 2210 1854 omnis
2261 1797 2412 1853 locus
2461 1796 2818 1852 sanctiiicium
2854 1797 3124 1865 Domino,
3171 1806 3452 1868 segregata

166 1861 357 1958 τύπος
394 1862 652 1958 ἀγίασμα
685 1864 764 1936 τῷ
812 1868 1024 1940 Κυρίῳ,
1055 1870 1358 1939 τουτέστιν,
1410 1874 1761 1946 ἀφωρισμένη

1888 1893 2087 1948 scilicet
2112 1891 2243 1947 Deo.
2276 1890 2407 1946 Illud
2431 1898 2631 1954 autem,
2651 1905 2900 1958 equorum
2934 1887 3186 1954 Orientis,
3203 1889 3453 1944 videlicet

169 1953 266 2024 τῷ
305 1952 450 2026 Θεῷ.
504 1955 578 2010 Τὸ
615 1956 696 2021 δὲ,
752 1958 955 2013 ἵππων
999 1960 1344 2033 Ἀνατολῆς,
1375 1968 1646 2034 τουτέστι,
1679 1972 1778 2042 τῆς

171 2045 370 2119 πύλης
395 2046 508 2102 τῶν
531 2047 716 2103 ἵππων
736 2051 836 2121 τῆς
861 2051 920 2118 ἐξ
959 2053 1276 2125 Ἀνατολῆςο

770 2143 1022 2199 ΚΕΦΔΛ.
1064 2145 1187 2205 AB'.

268 2229 337 2282 '0
357 2231 542 2300 λόγος
569 2233 604 2285 ὁ
633 2233 982 2303 γενόμενος.

268 2319 438 2392 Ὁρᾷς
465 2319 557 2375 τοῦ
587 2320 727 2376 Θεοῦ
766 2325 1189 2397 μακροθυμίανς
1224 2329 1483 2386 τοσοῦτον
1514 2333 1775 2404 ἠνέσχετο

171 2411 384 2482 χρόνον
422 2411 604 2466 αὐτῶν
651 2413 794 2484 μετὰ
831 2416 935 2487 τὴν
985 2417 1308 2486 ἀπόστασιν,
1353 2423 1449 2476 καὶ
1497 2423 1558 2477 τὸ
1587 2441 1772 2495 παρα-

1879 1997 2046 2057 portze
2068 1999 2352 2056 equorum,
2383 1997 2506 2053 qua:
2528 1982 2803 2039 Orientem
2835 1995 3025 2037 versus
3046 1981 3150 2036 sita
3171 1990 3310 2036 erat.

2457 2139 2610 2196 CAP.
2642 2137 2865 2194 XXXII.

1948 2232 2116 2288 Vens.
2148 2233 2200 2288 I.
2242 2231 2466 2287 Verbum
2491 2231 2634 2302 quod
2671 2231 2871 2299 factum
2914 2238 3014 2286 est.
3133 2280 3135 2282 .

1943 2325 2130 2380 Viden’
2164 2324 2257 2380 Dei
2289 2323 2682 2380 tolerantiam?
2708 2332 2858 2378 tanto
2893 2331 3135 2392 tempore
3161 2336 3258 2377 eos
3286 2321 3452 2377 susti-

1873 2417 1989 2472 nuit
2012 2425 2132 2486 post
2149 2414 2507 2470 defectionem
2537 2413 2876 2484 violatasque
2900 2412 3214 2483 pactiones;
3245 2427 3346 2469 nec
3369 2424 3450 2467 ta-

174 2501 513 2572 σπονδῆσαι,
554 2501 652 2557 καὶ⁵
679 2497 803 2557 οὐδὲ
826 2504 971 2559 οὕτω
991 2507 1185 2578 γέγονε
1220 2509 1479 2580 βελτίωνο
1509 2513 1644 2569 ἀλλά
1676 2515 1761 2570 uel

1888 2525 1995 2564 non
2027 2509 2116 2564 ille
2143 2507 2334 2563 melior
2365 2504 2558 2572 evasit,
2593 2506 2687 2561 sed
2747 2513 2803 2560 et
2841 2503 2968 2560 dum
3022 2505 3183 2561 mine
3229 2505 3283 2560 in
3323 2519 3450 2560 eum

171 2594 298 2645 τῶν
326 2591 512 2646 δεινῶν
543 2593 978 2667 ἀπειλουμένων,
1009 2599 1126 2663 ῐσος
1153 2595 1222 2672 ἦν
1254 2600 1304 2674 [ὁ
1320 2603 1528 2677 αὐτόςῙ·
1551 2609 1646 2661 καὶ
1670 2607 1761 2661 οὐκ

1893 2610 2206 2658 actareutur
2236 2601 2376 2655 idem
2401 2609 2538 2663 erat,
2568 2611 2748 2668 neque
2789 2597 2894 2653 hoc
2947 2596 3082 2653 satis
3122 2595 3245 2662 fuit,
3280 2593 3451 2652 sedet

172 2683 392 2778 ἢρκεσε
423 2684 606 2750 τοῦτο,
645 2685 785 2742 ἀλλά
829 2688 922 2743 καὶ
967 2689 1062 2745 τδν
1091 2693 1381 2778 προφήτην
1423 2696 1761 2754 κατέκλεισεν

1888 2695 2194 2766 prophetam
2229 2690 2462 2761 coniecit
2509 2691 2563 2746 in
2599 2703 2899 2747 carcerem.

173 2777 269 2840 εις
293 2776 692 2849 δεσμωτήριον.

253 2868 369 2924 Καὶ
407 2870 689 2939 Ἱερεμίας
710 2871 1115 2942 ἐφυλάσσετο.

257 2962 419 3026 Τίνος
441 2962 664 3031 ἕνεκενς
698 2964 827 3018 είπέ
869 2983 979 3037 μοι.
1041 2967 1284 3037 Ἐπειδὴ
1323 2970 1768 3042 λέτ-ειςοοῦτως

173 3047 319 3107 εἷπε
350 3055 594 3123 Κύριοςο
631 3056 787 3112 Ἰδοὺ
807 3056 1012 3128 δίδωμι
1048 3060 1166 3129 τὴν
1187 3063 1370 3116 πόλιν
1392 3065 1637 3134 ταύτην.
1670 3067 1762 3139 Μὴ

1954 2879 2116 2934 Vens.
2159 2877 2215 2932 2.
2264 2875 2335 2932 Et
2365 2875 2625 2932 Jeremias
2663 2873 3078 2930 custodiebatur.

1938 2971 2302 3039 Quamobrem
2324 2969 2474 3025 dicas
2505 2980 2708 3038 quaeso.
2742 2965 3008 3034 Quoniam
3041 2965 3174 3020 dicis
3194 2978 3216 3020 :
3247 2962 3338 3021 Sic
3357 2963 3448 3018 di-

1868 3065 1936 3117 cit
1981 3063 2244 3116 Dominus
2278 3059 2454 3116 :Eece
2498 3076 2591 3129 ego
2633 3059 2700 3112 do
2746 3059 3009 3114 civitatem
3067 3056 3244 3110 istam.
3304 3055 3446 3110 Num

177 3145 297 3216 γὰρ
326 3147 437 3218 ὲμά
464 3148 533 3201 τά
565 3149 789 3220 ῥήματά
817 3151 1001 3218 ὲστινς
1040 3151 1103 3205 Et
1140 3152 1240 3224 μὲν
1271 3152 1367 3208 οῦν
1394 3156 1504 3227 ἐμὰ
1524 3197 1539 3219 ,
1582 3159 1761 3226 φοϐεῖ-

1888 3157 2035 3211 terba
2086 3157 2199 3211 lucc
2236 3170 2352 3210 mea
2403 3153 2580 3208 sunt?
2629 3150 2686 3208 Si
2722 3167 2839 3207 mea
2883 3159 3026 3215 sunt,
3065 3149 3302 3205 timenda
3337 3165 3446 3204 non

179 3238 312 3292 σθαι
353 3240 496 3295 αὐτὰ
525 3241 586 3294 οὐ
614 3242 722 3313 χρὴ
743 3258 758 3274 ο
788 3243 837 3296 εί
862 3241 921 3297 δὲ
961 3243 1062 3297 οὐκ
1097 3244 1226 3316 ἐμὰ,
1255 3245 1338 3300 δεῖ
1385 3248 1660 3303 πιστεύειν
1682 3253 1764 3305 ὃτι

1865 3257 2030 3314 sunt;
2072 3249 2117 3304 si
2172 3263 2305 3304 vero
2361 3262 2467 3303 non
2505 3261 2646 3312 mea,
2690 3242 3018 3301 credendum
3049 3251 3131 3298 est
3170 3257 3290 3297 mea
3341 3257 3446 3296 nou

176 3332 286 3385 οὐκ
313 3331 423 3403 ἐμά
447 3333 584 3399 ἐστι,
624 3334 720 3388 καὶ
737 3333 821 3389 ὅτι
853 3333 1028 3407 ἀληθῆ
1060 3335 1212 3391 ῑσται
1239 3353 1254 3368 ο
1285 3338 1431 3393 Ἀλλ’
1455 3339 1574 3404 ἔθος
1606 3340 1761 3396 τοῦτο

1888 3355 2008 3404 asse,
2031 3354 2268 3410 veraque
2306 3338 2506 3404 futura,
2531 3337 2623 3393 sed
2647 3350 2764 3391 mos
2789 3349 2976 3388 eorum
3007 3341 3091 3389 est
3127 3330 3218 3402 qui
3262 3334 3449 3386 redar-

177 3424 298 3509 τοτς
346 3423 722 3494 ἐλεγχομένοις
761 3424 941 3494 λέγειν
969 3441 984 3458 ·
1015 3425 1303 3498 Δήσωμεν
1357 3429 1462 3485 τὸν
1505 3431 1761 3500 δίκαιον,

178 3509 275 3564 ὅτι
299 3509 688 3581 δύσχρηστος
714 3512 861 3583 ’ἡμῖν
886 3513 1077 3570 ἐστιν.

253 3603 366 3659 Καὶ
399 3606 434 3658 ὁ
458 3605 642 3675 λόγος
671 3606 914 3675 Κυρίου.

258 3689 394 3748 Εἶτα
427 3695 515 3748 ῐνα
563 3695 638 3768 μὴ
679 3697 918 3769 ἀπείπῃ,
951 3698 1215 3770 ἀγοράζει
1264 3701 1578 3766 κελευσθεὶς
1609 3704 1762 3775 παρά

177 3786 277 3840 τοῦ
294 3785 450 3840 Θεοῦ.
481 3787 579 3853 Τίς
610 3787 766 3842 τοῦτο
799 3790 866 3844 ἂν
887 3791 1142 3864 siccique;
1171 3793 1271 3864 τῆς
1301 3795 1511 3860 πόλεως
1537 3797 1760 3852 ἁλίσκε-

180 3876 311 3931 σθαι
364 3877 665 3950 μελλούσης
713 3873 1113 3954 οὖτοςάγροὺς
1145 3887 1427 3956 ἀγοράζει,
1471 3889 1579 3944 Kai
1629 3891 1759 3960 μετ’

179 3968 381 4036 ὀλίγασ
417 3967 699 4029 Ἐϐούλετο
721 3971 1075 4027 πιστεύεσθαι
1097 3975 1191 4028 καὶ
1214 3976 1466 4047 περὶτῶν
1483 3977 1756 4049 χρηστῶν.

194 4058 414 4129 Ἐπειδὴ
453 4060 562 4130 γὰρ
597 4060 757 4132 ἐξέϐη
787 4062 858 4116 τὰ
888 4062 1124 4135 λυπηρὰ,
1159 4067 1255 4119 καὶ
1302 4065 1391 4120 διὰ
1423 4068 1534 4123 τῶν
1577 4086 1758 4142 πραγ-

183 4149 372 4222 μάτων
407 4150 577 4205 ἐδωκε
623 4155 822 4224 πεῖραν
875 4155 976 4228 τῆς
1014 4156 1180 4211 αὑτοῦ
1229 4157 1512 4232 δυνάμεως
1535 4164 1565 4217 ὁ
1591 4145 1755 4230 Θεὸς,

181 4241 597 4314 ’παραμυθεῖται
639 4244 842 4308 αὐτοὺς
870 4247 930 4300 ὲν
962 4249 1076 4312 τοῖς
1099 4247 1365 4320 λυπηροῖς
1409 4254 1531 4316 ταῖς
1575 4253 1758 4308 ἐλπίσι

178 4331 293 4386 τῶν
326 4331 580 4404 χρηστῶν
603 4348 620 4364 ·
651 4333 749 4388 καὶ
775 4333 961 4388 οὐκέτι
993 4337 1238 4407 ῥήματα,
1265 4339 1403 4392 ἀλλά
1431 4341 1755 4412 πράγματα.

251 4422 271 4442 ¹
295 4423 559 4492 Μηνύσας
589 4422 686 4477 τοῦ
729 4424 862 4479 λαοῦ
890 4426 994 4497 τὴν
1041 4426 1250 4492 ἄνοδον,
1299 4430 1440 4501 πρὸς
1483 4431 1760 4503 πληροφο-

1865 3441 2105 3503 guuntur
2140 3431 2321 3487 dicere
2359 3447 2375 3486 :
2417 3427 2661 3499 Ligemus
2683 3426 2909 3497 justum,
2957 3425 3208 3495 quoniam
3242 3419 3446 3478 inutilis

1861 3532 1940 3582 est
1968 3524 2036 3578 ".

1935 3616 2099 3672 Vens.
2124 3615 2180 3673 6.
2213 3613 2280 3668 Et
2303 3614 2512 3670 verbum
2537 3611 2768 3667 Domini.

1922 3712 2128 3768 Deinde
2144 3726 2211 3765 ne
2247 3710 2523 3778 desperet,
2554 3707 2686 3764 emit
2715 3721 2744 3761 a
2803 3705 2912 3759 Deo
2937 3703 3142 3774 jussus.
3175 3701 3309 3770 Quis
3344 3703 3430 3758 fa-

1865 3813 2015 3862 ceret
2062 3803 2205 3860 ltoc?
2235 3817 2358 3856 cum
2405 3800 2536 3855 urbs
2579 3796 2880 3868 diripienda
2929 3805 3096 3862 esset,
3143 3797 3232 3851 hic
3285 3811 3444 3867 agros

1863 3896 2016 3953 emit.
2046 3893 2117 3949 Ει
2139 3893 2298 3964 paulo
2345 3891 2592 3961 inferius.
2640 3888 2826 3964 Fidem
2861 3887 2962 3942 sibi
2991 3887 3152 3943 etiam
3191 3887 3256 3942 de
3286 3885 3445 3942 bonis

1862 3962 2309 4045 liaberivoiebat.
2344 3985 2478 4038 Nam
2512 3982 2639 4053 quia
2701 3962 2864 4036 ndxia
2905 3980 3077 4050 reipsa
3123 3989 3440 4045 evenerunt,

1864 4078 2348 4150 experimentoque
2378 4089 2530 4131 suam
2571 4072 2711 4128 Deus
2735 4071 3030 4143 potentiam
3055 4070 3231 4141 reipsa
3258 4081 3443 4126 osten-

1864 4176 1964 4239 dit,
2023 4170 2344 4228 consolatur
2385 4185 2479 4223 eos
2509 4168 2562 4221 in
2599 4165 2844 4222 adversis
2874 4178 2968 4236 spe
3004 4163 3308 4230 bonorum;
3344 4175 3443 4216 nec

1860 4261 2091 4332 amplius
2117 4259 2304 4326 verba,
2334 4259 2428 4316 sed
2451 4257 2621 4314 facta.

1928 4428 2102 4486 ‘Cum
2139 4425 2319 4498 populi
2354 4437 2661 4494 regressum
2690 4420 3070 4493 significasset,
3120 4417 3185 4472 ad
3226 4415 3440 4487 plenam

181 4513 308 4585 ρίαν
335 4513 444 4567 τῶν
484 4513 785 4586 λεχθέντων
821 4517 1156 4588 προστάττει
1200 4519 1280 4590 τῷ
1309 4522 1564 4595 προφήτῃ
1595 4524 1757 4592 ἐγκε-

1888 4522 2129 4578 Iictorum
2178 4516 2684 4588 'cumprobationem
2752 4513 3000 4583 praecipit
3053 4511 3334 4580 prophetae
3383 4509 3434 4560 in

181 4605 488 4678 κλεισμένῳ
529 4607 624 4660 ἐπὶ
667 4609 769 4679 τῆς
793 4608 888 4663 τοῦ
925 4609 1195 4680 βασιλέως
1243 4611 1493 4683 φυλακῆς
1539 4614 1633 4668 τὸν
1659 4615 1756 4669 τοῦ

183 4698 331 4753 θείου
377 4699 569 4770 ἀγρὸν,
612 4701 882 4768 τουτέστι,
921 4701 1016 4756 τοῦ
1054 4703 1330 4775 ’Δνανιὴλ,
1350 4706 1636 4778 πρίασθαι,
1663 4710 1758 4764 καὶ⁸

182 4788 344 4842 τοῦτο
368 4791 626 4860 ποιήσας,
659 4790 757 4845 καὶ
803 4792 876 4846 τὰ
904 4793 1217 4863 γράμματα
1267 4795 1628 4862 συντελέσας,
1662 4798 1756 4852 καὶ

181 4880 282 4951 τὴν
323 4882 494 4953 νομὴν
555 4880 650 4936 τοῦ
697 4883 872 4955 ἀγροῦ
927 4883 1258 4956 δεξάμενος,
1317 4888 1619 4960 προσέταξε
1675 4891 1756 4963 τῷ

179 4972 396 5044 Βαροὺχ
423 4973 484 5026 ἐν
515 4972 826 5046 ὁστρακίνῳ
857 4975 1044 5029 σκεύει
1068 4977 1406 5034 καταθέσθαι
1429 4980 1492 5034 τὸ
1526 4980 1752 5051 βιϐλίον,

184 5067 409 5138 μήνυμα
441 5065 542 5123 τοῦ
591 5063 750 5132 αὖθις
791 5068 894 5133 τὴν
919 5069 1026 5140 γῆν
1059 5070 1118 5123 ὲν
1147 5070 1450 5126 ἀπολαύσει
1499 5073 1594 5126 τοῦ
1626 5074 1755 5129 λαοῦ

81 5215 84 5217 Α
180 5158 417 5214 ἔσεσθαι.
454 5159 564 5213 Τοῦ
593 5160 651 5214 δὲ
694 5161 911 5234 Βαροὺχ
946 5165 1316 5233 περιεστῶτος
1341 5166 1440 5235 τὴν
1465 5166 1641 5232 πόλιν,
1673 5167 1758 5222 δὲ-

181 5267 345 5308 κατον
369 5252 477 5323 γάρ
505 5247 576 5323 ἦν
605 5251 726 5318 ἔτος
759 5255 861 5324 τῆς
893 5254 1179 5325 βασιλείας
1207 5257 1483 5322 Σεδεκίου,
1519 5260 1579 5314 ὲν
1599 5255 1753 5334 ᾧπερ

182 5343 418 5399 ἀνελθὼν
448 5345 478 5397 ὁ
512 5343 856 5410 Βαϐυλώνιος
881 5346 1198 5419 ἐπολιόρκει
1232 5349 1332 5420 τὴν
1380 5350 1750 5425 Ἰερουσαλὴμ,

185 5435 412 5489 ἱκετεύει
440 5435 532 5488 τὸν
561 5435 696 5490 Θεὸν
723 5436 1020 5507 θαυμάζων
1046 5439 1140 5493 ἐπὶ
1161 5438 1239 5510 τῷ
1258 5442 1538 5514 γενομένῳ
1569 5445 1602 5516 ἢ
1635 5446 1753 5511 πῶς

181 5523 482 5594 προσέταξε
504 5525 599 5579 τὸν
629 5525 800 5598 ἀγρὸν
833 5527 1022 5581 λαϐεῖν
1041 5568 1056 5594 ,
1092 5527 1256 5601 εἴπερ
1287 5535 1387 5602 τὴν
1427 5534 1582 5589 πόλιν
1613 5554 1750 5610 προ-

179 5615 378 5682 δίδωσι,
413 5618 511 5670 καὶ
537 5615 730 5690 ὥσπερ
763 5620 844 5684 εῐς
873 5636 997 5674 τινα
1030 5621 1361 5693 ἀμφιϐολίαν
1395 5627 1630 5700 κατέστη
1656 5631 1749 5684 ἐπὶ

1859 4614 2012 4684 regio
2068 4623 2290 4668 carcere
2341 4607 2583 4672 occluso,
2621 4615 2680 4659 ut
2729 4603 2910 4676 patrui
2957 4617 3172 4672 agrum,
3209 4599 3438 4654 Ananiel

1857 4704 2088 4770 scilicet,
2116 4711 2262 4758 emat
2288 4717 2303 4766 ;
2327 4713 2435 4770 quo
2465 4705 2708 4770 peracto,
2745 4704 2801 4751 et
2829 4692 3118 4764 scripturis
3150 4690 3436 4756 confectis,

1861 4808 2024 4869 atque
2059 4789 2398 4866 possessione
2436 4799 2675 4859 recepta,
2702 4787 2866 4858 jussit
2901 4784 3114 4842 Baruch
3171 4791 3230 4838 ut
3264 4795 3435 4853 pone-

1858 4906 1942 4954 ret
1973 4894 2168 4950 Iibrum
2203 4891 2256 4945 in
2287 4902 2412 4944 vase
2439 4895 2696 4949 testaceo,
2722 4883 2776 4936 in
2799 4880 3010 4952 signum
3040 4891 3232 4948 nempe
3289 4871 3434 4944 quod

1857 4987 2087 5062 populus
2141 4986 2337 5041 iterum
2383 4981 2471 5036 illa
2528 4977 2802 5050 petiturus
2844 4980 2992 5031 esset
3038 4983 3205 5027 terra.
3235 4968 3432 5062 Verum

1855 5060 1978 5138 cum
2036 5076 2246 5134 Baruch
2313 5073 2590 5131 civitatem
2637 5069 2898 5126 circuirct
2929 5106 2945 5133 ,
3008 5064 3248 5121 decimus
3286 5060 3432 5116 enim

1857 5181 1979 5229 erat
2006 5185 2183 5226 annus
2213 5167 2361 5238 regni
2401 5164 2664 5226 Sedeciaa,
2691 5175 2798 5232 quo
2855 5157 3180 5231 Babylonius
3228 5157 3432 5212 irrum-

1855 5279 2011 5337 pens,
2067 5262 2364 5319 Jerusalem
2401 5256 2708 5323 obsidebat,
2772 5253 2940 5308 Deum
3004 5259 3216 5316 exorat,
3269 5249 3336 5304 de
3375 5263 3434 5304 re

1864 5367 2015 5428 gesta
2046 5355 2462 5423 obstupescens,
2485 5349 2566 5405 vel
2598 5363 2706 5418 qua
2731 5345 2942 5401 ratione
2974 5358 3160 5415 agrum
3185 5341 3290 5396 emi
3315 5340 3431 5410 jus-

1862 5451 2014 5514 serit,
2044 5450 2086 5505 si
2112 5449 2385 5504 civitatem
2427 5450 2574 5498 esset
2609 5440 2929 5502 traditurus,
2968 5443 3024 5491 et
3048 5432 3202 5505 quasi
3236 5431 3432 5486 dubius

1857 5540 2185 5611 colloquitur
2226 5540 2292 5594 de
2323 5535 2483 5592 rebus
2514 5533 2672 5590 dictis
2709 5549 2725 5586 :
2761 5529 3044 5586 continuat
3099 5525 3280 5596 itaque
3303 5534 3428 5578 ora-

1856 5634 2082 5696 tionem,
2113 5645 2178 5685 ac
2215 5627 2261 5684 si
2294 5629 2436 5682 Deus
2465 5623 2566 5694 ipsi
2598 5620 2970 5694 responderet.

181 5709 292 5770 τοῖς
318 5708 592 5780 λεχθεῖσι·
625 5710 776 5783 λέγει
803 5713 982 5768 τοίνυν
1011 5711 1344 5785 ἀκολούθως,
1384 5719 1460 5784 ὡς
1485 5721 1578 5776 τοῦ
1603 5722 1739 5778 Θεοῦ
1787 5727 1920 5798 πρὸς
1949 5726 2110 5781 αὐτὸν
2130 5716 2584 5793 ἀποκρινομένου.

247 5799 294 5834 ⁸⁸
325 5802 450 5874 Sap.
493 5819 554 5872 tt,
589 5803 672 5860 1‘2.
