3810 6440
381 353 487 413 987

455 469 619 523 Vens.
655 467 740 523 l7.
788 467 864 522 Tu
882 468 972 538 qui
1001 485 1080 535 es,
1114 469 1357 528 Domine.

451 562 568 616 Non
602 575 806 615 temere
841 562 940 616 hac
961 576 1090 617 voce
1115 565 1309 630 utitur,
1334 567 1439 632 Qui
1467 585 1544 635 es,
1568 567 1812 625 Domine.
1841 571 1959 627 Non

386 655 490 710 dici
518 661 714 722 potest,
743 653 1092 709 Praeteribit:
1119 669 1334 724 semper
1363 668 1542 728 potes,
1576 675 1794 733 semper
1812 663 1958 718 enim

385 745 643 799 Dominus
667 759 746 798 es.
771 742 938 814 Igitur
959 753 1157 814 potens
1185 762 1364 803 rerum
1384 764 1464 805 es.

455 835 522 890 Et
561 837 759 892 reddis.

453 925 569 981 Non
595 928 692 993 ait,
725 930 794 981 ad
820 931 1030 986 tertiam
1059 941 1107 985 et
1125 946 1372 1002 quartam
1414 936 1830 1004 generationem,
1864 937 1962 994 sed

385 1018 601 1073 silentio
629 1021 910 1087 praeterit;
942 1021 1055 1076 vult
1074 1025 1219 1077 enim
1246 1024 1350 1080 illis
1385 1026 1814 1082 misericordiam
1839 1043 1963 1083 rur-

385 1123 478 1163 sus
524 1109 780 1180 impendi.
812 1110 1074 1167 Potentiae
1106 1128 1242 1183 opus
1267 1114 1371 1170 hoc
1397 1126 1501 1178 est.
1533 1098 1591 1172 et
1629 1119 1682 1172 in
1726 1133 1965 1186 praesens

387 1201 600 1255 salvere
621 1217 814 1270 posse,
850 1212 904 1258 et
932 1215 1180 1273 posteros
1226 1208 1436 1276 punire.
1479 1210 1644 1277 Quasi
1681 1210 1893 1266 diceret
1936 1229 1952 1268 :

388 1290 490 1356 Qui
516 1301 670 1361 potes
703 1292 840 1348 ﬁlios
871 1295 1158 1364 castigare,
1198 1297 1333 1354 alios
1360 1314 1491 1355 vero
1541 1316 1607 1356 ex
1653 1303 1966 1372 progenito-

388 1381 542 1439 ribus
586 1383 818 1440 salvare.
853 1384 1032 1452 Quare
1061 1387 1174 1442 ait:
1225 1385 1443 1444 Nullum
1478 1391 1572 1446 tibi
1598 1393 1820 1448 verbum
1861 1394 1969 1449 erit

390 1473 740 1542 impossibile,
765 1475 879 1530 sive
930 1477 1099 1532 libeat
1137 1477 1411 1546 misereri,
1453 1483 1568 1538 sive
1597 1483 1812 1553 punire,
1846 1484 1964 1541 sive

390 1565 458 1620 ad
480 1564 698 1636 longum
748 1573 982 1636 tempus.

460 1653 626 1710 Vsus.
659 1655 747 1710 19.
776 1655 918 1711 Deus
955 1674 1163 1729 magne.

455 1746 610 1814 Quod
667 1748 809 1819 apud
858 1749 1105 1808 homines
1148 1752 1378 1810 divisum
1429 1763 1552 1823 est,
1589 1755 1856 1827 sapientia
1912 1765 1971 1813 et

385 1840 650 1908 potentia.

463 1929 620 1985 Oculi
644 1933 744 1986 tui.

464 2018 531 2074 Et
564 2029 712 2076 recte
738 2021 896 2090 dixit,
951 2021 1122 2092 aperti
1169 2032 1298 2078 sunt
1345 2024 1492 2079 omni
1540 2034 1803 2096 tempore,
1834 2042 1974 2080 nun-

395 2125 560 2180 quam
589 2127 683 2168 eos
733 2114 980 2181 claudis;
1037 2115 1228 2171 oculus
1277 2115 1428 2187 vigil,
1463 2116 1553 2184 qui
1586 2117 1731 2172 nullo
1781 2131 1974 2188 sopore

394 2203 713 2273 corripitur.
759 2205 871 2260 Non
907 2214 1088 2276 potest
1127 2207 1418 2276 quisquam
1467 2209 1674 2274 dicere,
1700 2209 1888 2263 videre
1923 2217 1975 2262 te

396 2292 635 2359 quidem,
661 2295 756 2348 sed
785 2308 892 2349 non
916 2297 1240 2351 retribuere.
1274 2296 1388 2352 lioc
1431 2299 1594 2352 etiam
1628 2299 1680 2352 in
1733 2299 1971 2354 homini-

399 2381 503 2437 bus
551 2392 664 2451 est,
687 2399 794 2439 non
827 2393 1007 2441 tamen
1051 2386 1124 2440 ita
1187 2387 1240 2441 in
1293 2397 1380 2457 te;
1407 2390 1502 2445 sed
1533 2389 1674 2446 oculi
1707 2391 1785 2446 tui
1813 2405 1977 2460 super

396 2488 589 2528 omnes
618 2475 766 2538 vias,
800 2475 965 2530 etiam
1007 2477 1273 2532 occultas.

470 2563 638 2621 Vsus.
662 2566 752 2623 20.
782 2568 885 2632 Qui
915 2569 1106 2637 fecisti.

467 2655 537 2710 Et
564 2657 667 2712 hoc
689 2658 923 2725 virtutis,
948 2669 1003 2716 et
1025 2661 1271 2731 iustitiae,
1305 2669 1360 2718 et
1384 2662 1628 2733 pietatis,
1655 2671 1713 2720 et
1736 2663 1978 2720 scientiae

401 2761 460 2818 ot
475 2763 538 2802 us
567 2757 670 2803 est.

475 2839 634 2894 Vsus.
665 2840 758 2895 25.
800 2839 866 2895 Et
905 2855 1009 2896 non
1048 2841 1336 2898 audierunt
1369 2859 1544 2899 uocem
1595 2849 1765 2903 tuam;

469 2932 538 2986 Et
592 2931 776 2987 iecisti
812 2941 873 2987 ut
921 2933 1206 2990 evenirent
1265 2933 1372 2991 illis
1417 2935 1599 2992 omnia
1643 2937 1789 2996 mala
1841 2938 1980 2994 haec.

480 3106 646 3162 Vsus.
673 3107 766 3163 24.
796 3108 935 3164 Ecce
959 3111 1136 3168 turba.

480 3195 766 3266 Reliquum
795 3209 982 3269 petere
1009 3218 1115 3258 non
1147 3205 1340 3274 audet,
1389 3207 1484 3264 sed
1543 3211 1858 3268 memoriam
1894 3229 1982 3269 re-

411 3288 546 3360 petit
569 3303 756 3344 eorum
794 3306 917 3362 qua:
968 3293 1099 3350 olim
1129 3311 1229 3366 pro
1251 3299 1453 3367 populo
1479 3300 1624 3359 facta
1661 3313 1809 3360 sunt.
1844 3307 1984 3373 Quid

412 3379 589 3434 dicam
621 3396 725 3436 non
756 3383 963 3453 habeo;
990 3389 1134 3456 quod
1171 3391 1442 3448 mandasti
1469 3391 1596 3461 feci,
1632 3394 1762 3452 licet
1787 3396 1999 3454 civitas

410 3470 713 3538 captivitati
762 3475 1026 3529 tradatur.

478 3557 678 3615 ‘Vsns.
705 3561 798 3615 24.
839 3562 906 3617 Ει
944 3564 1140 3634 factum
1165 3577 1242 3622 est
1266 3570 1480 3626 verbum
1524 3571 1741 3629 Domini
1792 3576 1862 3631 ad
1907 3592 1989 3631 me

408 3651 622 3710 dicens:
651 3654 766 3725 Ego
784 3655 1040 3713 Dominus
1066 3659 1207 3716 Deus
1231 3665 1487 3719 universae
1515 3667 1718 3733 carnis,
1749 3669 1986 3739 nunquid

409 3759 446 3797 α
495 3760 578 3800 me
622 3745 972 3803 abscondetur
1017 3767 1167 3806 omne
1200 3753 1412 3808 verbum
1437 3759 1464 3812 .7

477 3833 727 3891 Pratdicit
750 3850 935 3907 postea
971 3840 1214 3897 civitatis
1244 3843 1543 3914 excidium,
1583 3856 1641 3904 et
1680 3849 1991 3906 revocatio-

414 3939 538 3979 nem
559 3926 762 3994 subdit,
793 3929 896 3984 hoc
916 3931 1188 4000 prophetae
1214 3933 1518 4002 insinuans,
1545 3936 1746 3994 frustm
1772 3953 1898 3995 eum
1933 3940 1987 3996 in

416 4029 704 4072 mererem
735 4017 1034 4090 delapsum,
1068 4022 1212 4092 quod
1261 4039 1450 4094 agrum
1478 4030 1722 4086 emisset.
1773 4032 1988 4088 Etenim

367 4131 371 4134 ς
412 4114 538 4155 cum
563 4103 908 4162 exactissime
935 4122 1151 4164 nossem
1181 4125 1302 4181 qua:
1331 4124 1454 4184 post
1496 4115 1612 4173 haec
1655 4117 1840 4188 futura
1898 4135 1988 4178 es-

416 4201 561 4259 sent,
618 4197 1014 4254 revocationem
1065 4201 1338 4271 pollicitus
1384 4221 1529 4273 sum,
1549 4220 1605 4264 et
1631 4221 1840 4267 certum
1889 4213 1988 4270 tibi

307 4355 324 4364 _
361 4326 375 4333 -
418 4296 599 4337 rerum
634 4284 937 4343 iuturarum
975 4289 1186 4359 signum
1213 4307 1334 4350 esse
1358 4304 1610 4364 poterunt
1636 4314 1725 4356 res
1748 4317 1990 4372 praesen-

421 4384 524 4428 tes.
558 4373 675 4429 Dixi
702 4391 935 4447 namque
959 4379 1234 4438 civitatem
1255 4385 1629 4454 expilandam,
1668 4399 1726 4445 et
1748 4391 1988 4462 expilata

1158 353 1726 416 SUPPLEMENTUM
1764 358 1856 414 AD
1897 359 1957 419 S.
1995 359 2044 418 J.
2085 356 2581 418 CHRYSOSTOMI
2619 353 2865 414 OPERA.

1987 487 2040 546 Α
2139 477 2202 531 '0
2225 477 2546 545 ὢν,νΚύριε.

3552 353 3663 411 938

2133 570 2248 640 Οὐχ
2278 569 2468 632 ἁπλῶς
2501 563 2951 636 ἐπισημαίνεται,
2978 560 3070 615 καί
3101 576 3289 632 φησιν’
3319 560 3386 613 '0
3413 558 3529 624 ὢν,
3558 562 3664 612 Δε-

2061 662 2292 727 σπότα,
2323 661 2517 728 Κύριε.
2545 658 2659 712 Οὐκ
2682 656 2831 709 ἐστιν
2854 655 3051 717 εἰπεῖν,
3083 653 3166 706 ὅτι
3204 650 3661 724 παρελεύσεται·

2061 753 2284 810 δύνασαι
2313 753 2424 820 ἀεὶ,
2455 751 2542 807 ἀεὶ
2568 751 2678 822 γὰρ
2709 747 2916 821 Κύριος
2947 742 3018 800 εἴ.
3049 743 3266 800 Οὐκοῦν
3289 746 3552 817 κρατεῖς.

2129 845 2240 900 Καὶ
2274 843 2620 909 ἀποδιδούς.
2949 851 2951 853 ί

2134 939 2210 992 Οὐ
2239 937 2409 1006 λέγει,
2435 935 2534 989 ἐπὶ
2562 933 2678 1000 τὴν
2705 932 2912 1001 τρίτην
2947 929 3048 985 καί
3083 928 3374 998 τετάρτην
3411 928 3661 997 γενεὰν,

2063 1026 2202 1083 ἀλλὰ
2232 1026 2392 1081 τοῦτο
2438 1027 2586 1096 σιγᾷ.
2621 1021 2886 1077 Βούλεται
2933 1024 3046 1091 γὰρ
3088 1019 3291 1083 αὐτοὺς
3353 1019 3663 1088 ἐλεηθῆναι

2065 1117 2250 1172 πάλιν.
2286 1117 2397 1185 Τῆς
2429 1115 2718 1184 δυνάμεως
2758 1111 2920 1166 τοῦτο
2953 1109 3118 1181 ἔργον
3160 1110 3302 1174 ἐστὶ,
3333 1107 3399 1160 τδ
3437 1108 3540 1160 καὶ
3573 1108 3662 1159 ἐν·

2063 1209 2240 1263 ταῦθα
2284 1205 2548 1261 δύνασθαι
2594 1203 2813 1269 σώζειν,
2867 1202 2963 1255 καὶ
3026 1199 3282 1264 κολάζειν
3337 1200 3472 1262 τοὺς
3537 1199 3660 1268 μετ’

2065 1297 2326 1359 ἐκείνους.
2374 1290 2523 1358 Οἴον,
2568 1294 2653 1347 ὅτι
2701 1292 2930 1347 δύνασαι
2964 1291 3095 1354 τοὺς
3147 1288 3288 1362 μετὰ
3336 1288 3523 1343 ταῦτα
3564 1305 3661 1342 κο-

2065 1391 2250 1460 λάσαι,
2279 1391 2408 1455 τοὺς
2431 1391 2489 1444 δέ
2515 1387 2688 1444 σῶσαι
2717 1390 2782 1443 ἐκ
2827 1388 2937 1442 τῶν
2976 1383 3285 1458 προγόνων.
3318 1383 3416 1437 Διό
3449 1397 3654 1452 φησιν·

2067 1481 2237 1534 Οὐδὲν
2275 1479 2602 1549 ἀδυνατήσει
2650 1494 2734 1532 σοι
2791 1477 2965 1550 ῥῆμα,
3001 1477 3108 1532 κᾶν
3132 1475 3356 1546 ἐλεῆσαι
3388 1473 3519 1543 δέῃ,
3553 1471 3660 1525 κᾶν

2068 1568 2320 1633 κολάσαι,
2351 1568 2456 1622 κᾶν
2482 1567 2576 1621 ἐπὶ
2600 1568 2794 1639 χρόνον
2825 1565 3021 1622 πολύν.

2150 1658 2215 1712 '0
2248 1657 2396 1725 Θεὸς
2417 1657 2630 1728 μέγας.

2142 1749 2322 1820 Ὅπερ
2365 1749 2492 1803 καθ’
2540 1747 2702 1802 ἐαυτδ
2745 1743 3158 1818 κεχωρισμένον
3202 1742 3320 1796 ἐστὶ
3353 1740 3519 1814 παρὰ
3564 1741 3663 1795 ἁν-

2000 1836 2042 1892 Β
2071 1838 2334 1911 θρώποις,
2368 1839 2536 1910 σοφίᾳ.
2565 1840 2661 1893 καὶ
2689 1838 2943 1908 δυνάμει.

2143 1931 2209 1984 οι
2231 1929 2531 2000 ὀφθαλμοί
2556 1945 2694 1984 σου.

2144 2021 2258 2076 Καὶ
2290 2020 2476 2084 καλῶς
2505 2016 2684 2082 εἶπεν,
2718 2015 3091 2087 ’Δνεῳγμένοι
3118 2015 3209 2070 διὰ
3235 2015 3443 2078 παντός
3476 2015 3624 2068 εἰσιν
3643 2029 3662 2045 ο

2070 2113 2196 2168 οὐδέ
2221 2129 2355 2166 ποτε
2381 2112 2582 2174 αὐτοὺς
2607 2109 2766 2181 μύεις
2786 2127 2801 2141 ·
2850 2109 3133 2179 ἄγρυπνος
3164 2107 3471 2178 ὀφθαλμὸς,
3501 2107 3662 2160 anei-

2076 2223 2245 2278 μητον
2263 2205 2439 2274 ὄμμα.
2464 2203 2578 2256 Οὐκ
2609 2201 2721 2272 ἔχει
2739 2217 2824 2264 τις
2853 2201 3052 2263 εἰπεῖν,
3080 2201 3163 2255 ὅτι
3200 2199 3368 2269 Ὁρᾷς
3403 2198 3532 2268 μὲν,
3561 2197 3666 2274 οὐκ

2072 2293 2441 2357 ἀνταποδίδως
2465 2293 2542 2348 δέ.
2576 2293 2686 2346 Καὶ
2712 2289 2846 2344 αὐτὸ
2870 2291 2988 2354 τοῖς
3013 2289 3330 2360 ἀνθρώποις
3362 2289 3662 2359 πάρεστιν,

2074 2386 2192 2442 ἀλλ’
2234 2386 2334 2457 οὐχ
2356 2383 2531 2448 οὕτως
2561 2383 2655 2438 ἐπὶ
2673 2380 2791 2447 σοῦ,
2828 2380 2944 2434 ἀλλ’
2969 2383 3052 2444 είς
3085 2379 3270 2443 πάσας
3291 2377 3396 2444 τὰς
3421 2378 3588 2440 ὁδοὺς
3613 2379 3664 2429 οὶ

2075 2475 2347 2546 ὀφθαλμοί
2376 2491 2495 2538 σου,
2524 2473 2621 2528 καὶ
2642 2471 2741 2537 τὰς
2769 2471 3164 2574 λσᾳθανούσας.

2098 2613 2116 2630 ,
2154 2567 2260 2632 Ὃς
2281 2565 2596 2632 ἐποίησας.

2145 2657 2256 2710 Καὶ
2279 2653 2444 2710 τοῦτο
2471 2655 2779 2725 δυνάμεως,
2812 2653 2909 2706 καὶ
2936 2649 3307 2724 δικαιοσύνης,
3341 2649 3442 2704 καὶ
3465 2648 3666 2719 φιλαν-

2079 2747 2348 2818 θρωπίας,
2379 2747 2472 2801 καὶ
2499 2744 2757 2810 γνώσεως
2793 2744 2956 2816 ἔργον
2987 2741 3126 2798 ἐστί.

2149 2838 2260 2894 Καὶ
2288 2839 2400 2893 οὐκ
2420 2836 2696 2906 ἥκουσαν
2727 2835 2839 2905 τῆς
2861 2833 3069 2905 φωνῆς
3097 2846 3235 2890 σου.

2150 2931 2262 2984 Καὶ
2290 2930 2554 3000 ἐποίησας
2585 2928 2864 3000 συμϐῆναι
2912 2928 3100 2991 αὐτοῖς
3147 2927 3368 2982 ἅπαντα
3415 2923 3492 2978 τὰ
3522 2923 3670 2978 κακὰ

2082 3021 2282 3077 ταῦτα.

2165 3111 2325 3169 Ἰδοὺ
2351 3112 2558 3180 ὄχλος.

2158 3205 2232 3260 Οὐ
2266 3205 2443 3275 τολμᾷ
2484 3202 2546 3256 τὸ
2575 3199 2762 3254 λοιπὸν
2795 3201 3044 3271 αίτῆσαι,
3080 3197 3196 3252 ἀλλ’
3250 3197 3674 3268 ἀναμιμνήσκει

2085 3296 2194 3350 τῶν
2224 3296 2510 3366 προτέρων
2539 3293 2683 3364 ὑπὲρ
2711 3291 2806 3346 τοῦ
2849 3289 2984 3346 λαοῦ
3030 3289 3364 3361 γενομένων.
3415 3289 3541 3344 Οὐκ
3567 3289 3676 3358 ἔχω

2085 3387 2138 3440 τί
2166 3387 2343 3440 εῐπω·
2379 3384 2518 3438 ἀλλὰ
2556 3383 2621 3438 τὸ
2665 3381 2960 3454 ἐπιταχθὲν
3009 3381 3266 3454 ἐποίησα,
3315 3379 3413 3435 καί
3443 3397 3537 3434 τοι
3577 3380 3673 3449 τῆς

2085 3477 2296 3542 πόλεως
2322 3475 2581 3546 ἁλούσης.

2159 3572 2176 3591 ⁸
2213 3567 2324 3623 Kal
2367 3567 2605 3638 ἐγένετο
2639 3568 2825 3637 λόγος
2856 3566 3083 3634 Κυρίου
3125 3566 3275 3634 πρός
3321 3581 3401 3636 με
3438 3563 3671 3634 λέγων’

2101 3655 2248 3728 Ἐγὼ
2270 3656 2484 3726 Κύριος
2514 3659 2548 3710 ό
2577 3656 2722 3722 Θεὸς
2745 3654 2949 3723 πάσης
2973 3654 3220 3724 σαρκὸς,
3258 3653 3345 3724 μὴ
3387 3655 3497 3710 ἀπ’
3527 3654 3673 3725 ἐμοῦ

2087 3748 2450 3819 κρυϐήσεται
2475 3747 2596 3814 πᾶς
2621 3749 2829 3818 λόγος.

2159 3838 2294 3895 Εἶτα
2345 3839 2606 3911 προλέγει
2651 3839 2750 3909 τῆς
2793 3839 3006 3902 πόλεως
3033 3838 3132 3909 τὴν
3166 3837 3394 3903 ἅλωσιν,
3426 3839 3528 3894 καὶ
3576 3839 3674 3910 τὴν

2088 3933 2386 4005 ἀνάκλησιν
2419 3932 2618 4002 ἐπάγει
2635 3948 2651 3964 ο
2679 3930 2840 3985 τοῦτο
2870 3931 3045 4000 λέγων
3075 3932 3212 4002 πρὸς
3238 3932 3331 3986 τὸν
3356 3934 3671 4002 προφήτην,

2087 4025 2170 4079 ὅτι
2197 4025 2394 4095 Μάτην
2425 4024 2507 4088 εις
2534 4024 2694 4079 ἀνίαν
2717 4023 2996 4094 κατέστης
3025 4022 3327 4094 πριάμενος
3356 4022 3452 4076 τὸν
3478 4023 3668 4094 ἀγρόν.

2100 4115 2368 4188 Ἀκρισῶς
2383 4114 2491 4187 γὰρ
2513 4114 2584 4168 τὰ
2611 4113 2750 4186 μετὰ
2769 4112 2945 4168 ταῦτα
2964 4113 3196 4184 ἐσόμενα
3221 4111 3396 4179 εἰδὼς,
3422 4112 3526 4184 τὴν
3541 4114 3674 4167 ἀνά-

2087 4207 2282 4274 κλησιν
2313 4206 2656 4278 ὑπεσχόμην.
2696 4206 2931 4276 Σημεῖον
2958 4204 3016 4258 δὲ
3051 4204 3195 4260 ἔστω
3231 4221 3318 4258 σοι
3347 4205 3454 4274 τῆς
3503 4207 3673 4276 ἀκρι-

2090 4299 2243 4362 ϐείας
2272 4297 2368 4352 τοῦ
2400 4297 2690 4369 μέλλοντος
2720 4296 2792 4350 τὰ
2837 4295 3082 4368 παρόντα
3137 4295 3346 4359 αὐτοῖς.
3415 4294 3510 4355 Ὠς
3567 4294 3674 4362 γὰρ

2090 4390 2186 4446 νῦν
2224 4390 2361 4462 ἔφην
2404 4389 2712 4444 ἁλώσεσθαι
2754 4389 2854 4460 τὴν
2900 4388 3076 4451 πόλιν,
3107 4389 3203 4442 καὶ
3235 4386 3434 4457 γέγονε
3481 4387 3667 4441 τοῦτο·

414 4474 523 4559 est.
545 4466 638 4524 Sic
657 4481 712 4522 et
728 4473 1126 4530 revocationem
1145 4478 1429 4548 annuntio,
1445 4479 1696 4552 quodque
1712 4483 1980 4554 polliceor.

2126 4483 2267 4547 ὓτως
2301 4481 2494 4553 μηνύω
2539 4482 2636 4537 καὶ
2684 4481 2786 4554 τὴν
2817 4480 3144 4552 ἀνάκλησιν,
3193 4479 3290 4532 καὶ
3315 4478 3532 4533 τελέσω
3579 4478 3676 4549 τὴν

417 4571 477 4611 re
510 4557 624 4628 ipsa
647 4564 931 4628 praestabo.

490 4645 653 4706 Vsus.
674 4650 766 4706 27.
804 4649 920 4724 Ego
945 4654 1224 4714 Dominus.

485 4738 674 4805 Vides.
707 4742 809 4799 hoc
857 4760 980 4802 esse
1011 4751 1154 4818 quod
1188 4751 1276 4808 ille
1314 4755 1554 4822 petebat,
1583 4771 1657 4813 ne
1685 4757 1818 4815 urbs
1883 4766 1997 4814 tra-

414 4830 676 4886 deretur?
697 4835 770 4888 At
802 4835 892 4891 ille
922 4837 1083 4892 veluti
1120 4855 1179 4896 se
1211 4856 1514 4914 excusans,
1545 4846 1861 4916 iniquitates
1908 4850 1994 4905 lo-

415 4939 605 4979 corum
628 4924 739 4996 igni
775 4927 1164 4986 tradendorum
1187 4971 1205 5000 ,
1241 4949 1570 5008 causamque
1616 4940 1995 5010 prosequitur.

497 5103 656 5162 Vens.
692 5107 780 5162 30.
814 5107 954 5175 Quia
984 5110 1220 5180 fuerunt.

490 5198 606 5266 Illa,
637 5199 732 5262 ait,
772 5215 894 5272 qua:
920 5204 987 5259 ad
1016 5220 1102 5262 me
1130 5208 1470 5278 spectabant,
1493 5209 1634 5278 feci,
1663 5212 1848 5282 docui,
1874 5229 2000 5272 eru-

421 5290 556 5346 divi.
588 5294 660 5348 At
690 5293 765 5348 illi
796 5295 850 5350 in
886 5299 1148 5354 malitiam
1184 5301 1320 5371 lapsi
1353 5314 1500 5358 sunt.
1533 5306 1903 5364 Ostenderunt
1935 5323 1998 5364 se

422 5384 580 5452 quasi
611 5385 956 5444 aemulatione
984 5391 1218 5461 quadam
1255 5393 1372 5450 haec
1401 5394 1620 5462 fecisse,
1650 5413 1773 5454 aras
1800 5414 1994 5457 erexe-

427 5487 554 5533 runt
591 5479 646 5534 in
698 5480 896 5552 templo
931 5498 1088 5550 meo;
1136 5497 1191 5540 et
1233 5497 1432 5543 caetera
1478 5490 1661 5546 omnia
1701 5492 1995 5561 audebant,

422 5577 480 5622 et
523 5569 661 5627 tilios
693 5573 1130 5645 conihusserunt,
1179 5587 1234 5633 et
1279 5589 1530 5636 naturain
1575 5581 1748 5652 ipsam
1783 5584 2000 5656 ignora-

426 5671 572 5715 ιἰιιιι.

500 5752 662 5811 Vens.
693 5757 780 5813 56.
819 5755 885 5812 Et
914 5777 1051 5817 nunc
1073 5763 1148 5818 sic
1171 5764 1307 5819 dixit
1337 5764 1615 5823 Dominus.

2094 4576 2410 4645 ὑπόσχεσιν.

2164 4666 2315 4737 Ἐγὼ
2337 4667 2575 4735 Κύριος.

2175 4756 2358 4829 Ὁρᾷς,
2386 4758 2471 4812 ὃτι
2515 4756 2679 4812 τοῦτο
2705 4755 2870 4810 αὑτὸν
2894 4754 3071 4826 ἠξίου,
3111 4753 3252 4809 ὥστε
3290 4752 3367 4825 μὴ
3399 4752 3675 4824 παραδοῦ-

2093 4867 2185 4906 ναι
2211 4849 2310 4921 τὴν
2327 4849 2483 4904 πόλιν
2505 4866 2522 4915 ;
2553 4849 2583 4901 ὁ
2603 4848 2660 4902 δὲ
2683 4848 2966 4918 μονονουχὶ
2990 4844 3452 4914 ἀπολογούμενος,
3480 4845 3584 4898 καὶ
3611 4846 3675 4897 τὰ

2094 4942 2470 5014 ἁμαρτήματα
2496 4940 2647 5009 λέγει
2677 4939 2787 4994 τῶν
2817 4938 3000 4994 τόπων
3027 4939 3137 4992 τῶν
3163 4936 3480 5008 μελλόντων
3503 4951 3675 4989 κατα-

2095 5033 2369 5098 καίεσθαι,
2392 5033 2488 5087 καὶ
2509 5032 2610 5105 τὴν
2643 5031 2845 5088 αἰτίαν.

2167 5128 2292 5181 Ὅτι
2321 5123 2509 5198 ἦσαν.

2167 5219 2251 5274 Τὰ
2273 5221 2404 5292 παρ’
2429 5215 2668 5291 ἐμαυτοῦ
2698 5216 2879 5273 πάντα
2911 5215 3164 5287 ἐποίησα,
3209 5214 3397 5285 φησὶν,
3430 5213 3673 5279 ἐδίδαξα,

2098 5311 2395 5366 ἐπαίδευσα
2414 5327 2429 5342 ο
2466 5311 2517 5364 οἱ
2541 5309 2598 5364 δέ
2625 5311 2706 5374 είς
2737 5309 2941 5364 κακίαν
2969 5305 3283 5372 ἐξώκειλαν.
3318 5303 3578 5370 Ἔδειξαν
3597 5305 3673 5358 ὅτι

2098 5402 2676 5476 προσφιλονεικοῦντες
2699 5400 2874 5456 ταῦτα
2903 5399 3147 5454 ἐποίουν.
3180 5396 3411 5468 Βωμοὺς
3431 5395 3669 5466 ἔστησαν

2099 5498 2157 5551 ἐν
2184 5495 2260 5566 τῷ
2292 5494 2406 5566 ναῷ
2431 5511 2534 5563 μου
2551 5511 2565 5526 ο
2594 5493 2694 5548 καὶ
2723 5492 2793 5546 τὰ
2824 5492 2962 5546 ἄλλα
2983 5491 3043 5544 δὲ
3076 5489 3256 5545 πάντα
3279 5489 3550 5560 ἐτόλμων,
3583 5489 3671 5540 καὶ

2098 5589 2226 5651 τοὺς
2293 5587 2443 5652 υἱοὺς
2503 5585 2850 5642 κατέκαυσαν
2872 5624 2888 5650 ,
2942 5585 3041 5640 καὶ
3101 5582 3276 5656 αὐτὴν
3341 5582 3447 5653 τὴν
3514 5583 3670 5651 «φύσιν

2100 5679 2400 5750 ἠγνόησαν.

2171 5767 2279 5825 Καί
2310 5768 2425 5825 νῦν
2454 5769 2642 5838 οὕτως
2665 5767 2795 5823 εἷπε
2815 5767 3047 5836 Κύριος.
