3854 6400
117 332 242 392 989
1239 336 1662 394 FRAGMENTA
1700 337 1768 394 IN
1796 337 2168 399 JEREMIAM.

219 452 367 522 Ἐγὼ
393 452 731 526 παραδώσω,
784 456 882 512 καὶ
930 456 1133 512 ἀνοίσω
1189 457 1411 522 αὐτούς.
1449 458 1560 513 Καὶ
1605 457 1707 528 βίοι

1895 459 2008 529 Ego
2043 461 2276 529 tradam,
2308 470 2364 516 et
2394 476 2497 534 ego
2526 477 2621 520 eos
2653 463 2930 522 reducam.
2963 465 3029 521 Et
3061 469 3406 526 admirabilia

118 545 452 615 θαυμαστὸν
491 546 874 604 ἐπιδείκνυται
917 549 1124 614 αὐτοῖς,
1179 551 1277 604 καὶ
1317 549 1550 622 καρδίαν
1596 549 1707 605 θεο-

1825 551 1950 608 vitae
1975 552 2220 608 instituta
2247 554 2353 610 illis
2378 557 2639 622 ostendit,
2665 569 2722 614 et
2747 572 2844 614 cor
2871 559 2965 615 Dei
2999 575 3190 615 amans
3213 601 3234 628 ,
3259 564 3404 632 quod

117 635 293 708 φιλῆ,
317 639 456 709 ὅπερ
485 638 578 692 ἀεὶ
612 640 762 708 λέγει
812 640 910 695 καὶ
942 640 1214 713 διαθήκην
1262 641 1502 696 αίώνιον.
1532 641 1707 696 Ταῦτα

1825 655 2039 711 semper
2062 642 2322 709 inculcat,
2341 655 2400 700 et
2423 655 2812 703 testamentum
2838 651 3255 718 sempiternum.
3277 650 3405 706 Hinc

115 729 286 794 τέλος
331 731 578 802 εἴληφεν.
636 732 703 787 Ei
738 732 799 786 δέ
845 732 948 788 οὐκ
976 733 1161 800 ἔλασε,
1202 733 1336 788 πότε
1379 733 1556 800 ἔσται,
1593 732 1720 788 elui

121 835 226 889 μοι
242 835 260 884 ;

199 912 218 930 ⁹
247 911 358 967 Καὶ
388 909 675 979 κτήσεται
715 909 938 980 ἀγροὺς
967 910 1040 965 ἐν
1065 910 1345 980 ἀργυρίῳ,
1371 912 1472 966 καὶ
1497 912 1721 982 nonid-s-

114 1017 226 1056 ται
250 1001 326 1054 ἐν
346 1002 585 1070 βιϐλίῳ,
628 1001 728 1057 καί
771 1003 1320 1071 σφραγισθήσεται,
1345 1003 1444 1058 καὶ
1472 1003 1720 1074 διαμαρ-

113 1093 392 1162 τυρεῒται
417 1094 747 1163 μαρτυρίας
771 1094 842 1148 ἐν
880 1093 958 1163 τῇ
993 1095 1302 1165 Βενιαμίν,
1342 1095 1442 1149 καὶ
1481 1097 1717 1151 κύκλω-

116 1188 236 1253 θεν
287 1185 714 1255 Ἰερουσαλὴμ,
745 1185 844 1239 καὶ
877 1185 948 1239 ἐν
972 1186 1236 1240 πόλεσιν
1265 1185 1484 1254 Ἰούδα,
1525 1188 1624 1242 καί
1646 1187 1719 1242 ἐν

115 1278 354 1333 πόλεσι
379 1276 487 1331 τοῦ
513 1276 713 1345 ὅρους,
739 1275 842 1330 καὶ
863 1276 936 1330 ἐν
959 1277 1179 1330 πόλεσι
1209 1275 1322 1344 τῆς
1350 1275 1596 1346 Σεφιλᾶ,
1616 1277 1718 1332 καί

113 1370 198 1423 ἐν
225 1371 452 1425 ⁸πόλεσι
483 1365 593 1436 τῆς
618 1368 832 1438 Νογὲό,
881 1368 974 1424 ὅτι
1009 1368 1373 1439 duoaer
1404 1370 1515 1437 τὰς
1547 1370 1719 1427 ἀποι-

114 1461 266 1527 κίας
295 1458 518 1522 αὐτῶν.
555 1459 711 1528 φησι
743 1460 984 1528 Κύριος.

204 1554 308 1606 σον
329 1552 440 1623 γὰρ
464 1551 667 1623 τρόπον
692 1552 914 1621 ἐκτήσω
941 1553 1006 1606 σὺ
1039 1551 1136 1608 νῦν
1169 1553 1479 1624 ἀσφάλειαν
1509 1556 1577 1627 τῇ
1605 1555 1706 1627 τῆς

115 1641 303 1712 νομῆς
332 1640 632 1710 παραδόσει
653 1640 1050 1710 ποιησάμενος,
1073 1639 1250 1705 οὕτως
1277 1641 1432 1696 ἔσται
1462 1645 1558 1698 καὶ
1576 1643 1717 1714 μετά

113 1731 227 1804 τὴν
255 1732 540 1788 ἐπάνοδον.
572 1731 646 1786 To
667 1732 729 1786 δὲ
757 1732 828 1787 ἐν
849 1734 1072 1788 πόλεσι
1106 1730 1221 1802 τῆς
1247 1732 1443 1803 Nor“
1459 1733 1717 1789 ἀποκλεί-

1822 734 1983 791 linem
2009 745 2166 792 nacta
2198 747 2347 793 sunt.
2376 737 2474 793 Sin
2503 739 2706 806 minus,
2727 743 2948 812 quando
2972 753 3152 808 erunt,
3178 745 3402 813 quaeso?

1891 917 1911 936 '
1947 915 2112 974 VERS-
2142 918 2236 973 44.
2261 919 2325 973 Et
2347 921 2631 989 possidebit
2661 939 2817 992 agros
2845 925 2902 978 in
2929 935 3167 995 argento,
3187 933 3239 980 et
3266 927 3401 981 scri-

1819 1005 1899 1061 bet
1919 1009 1974 1062 in
1997 1011 2157 1076 libro,
2179 1020 2234 1064 et
2263 1012 2590 1082 obsignabit,
2616 1025 2665 1066 et
2691 1017 3068 1070 eontestabitur
3095 1019 3399 1073 testimonia

1821 1103 1877 1155 in
1900 1100 2204 1170 Beniamin,
2237 1113 2284 1157 et
2310 1104 2366 1158 in
2403 1105 2704 1160 ciuitatibus
2723 1105 2894 1172 ludo,
2933 1119 2981 1162 et
3010 1111 3063 1163 in
3091 1111 3397 1168 civitatibus

1818 1192 2033 1258 montis,
2058 1202 2108 1246 et
2131 1195 2186 1246 iu
2217 1195 2517 1250 ciuitatibus
2542 1195 2779 1266 Sepltila,
2799 1210 2844 1253 et
2865 1199 2919 1253 in
2950 1201 3245 1257 civitatibus
3277 1199 3399 1257 No-

1817 1283 1934 1352 geb,
1969 1285 2096 1352 quia
2117 1286 2292 1341 redire
2314 1287 2511 1356 faciam
2547 1290 3043 1361 transmigratiouss
3074 1307 3255 1346 eorum
3278 1333 3294 1361 ,
3321 1296 3400 1347 ait

1816 1372 2098 1432 Dominus.
2987 1402 2991 1403 ί

1887 1557 2004 1626 Qua
2031 1560 2178 1614 enim
2210 1562 2443 1626 ratione,
2474 1562 2841 1631 possessionis
2869 1564 3220 1621 securitatem
3248 1564 3396 1620 obti-

1817 1650 2016 1717 nuisti,
2053 1649 2288 1721 juridica
2337 1652 2629 1708 traditione
2684 1669 2805 1708 eam
2845 1655 3156 1720 stabiliens,
3204 1658 3396 1713 eadem

1817 1742 1943 1804 erit,
1977 1752 2036 1798 et
2071 1751 2198 1812 post
2234 1743 2491 1798 reditum.
2521 1743 2658 1800 Illud
2686 1759 2818 1803 vero
2856 1748 2913 1801 in
2945 1748 3243 1803 civitatibus
3287 1749 3398 1804 No-

118 1843 343 1898 σματος
364 1825 456 1879 τὸν
475 1825 642 1879 τόπον
666 1825 930 1896 ἐμήνυσε,
951 1823 1262 1889 τουτέστιν,
1293 1826 1353 1878 ἐν
1375 1827 1500 1889 ταῖς
1522 1825 1707 1880 πόλεσι

1825 1832 1939 1902 νει,
1963 1833 2204 1888 carceris
2226 1832 2404 1889 locum
2431 1834 2712 1903 indicavit,
2731 1838 2834 1893 hoc
2856 1849 2942 1894 est
2971 1839 3024 1894 in
3081 1841 3396 1896 civitatibus

114 1919 250 1982 ταῖς
279 1917 424 1988 πρὸς
466 1916 645 1982 νότον,
691 1915 780 1970 ἵνα
829 1917 985 1990 εἴπῃ,
1013 1915 1296 1987 πανταχοῦ
1339 1915 1438 1988 τῆς
1470 1917 1576 1988 γῆς
1610 1917 1715 1988 τῆς

115 2009 488 2081 ἐπαγγελίας.

723 2121 977 2177 ΚΕΦΔΛ.
1017 2121 1143 2178 AI".

196 2237 326 2296 Καὶ,
346 2234 576 2306 κράξον
595 2235 747 2304 πρός
765 2252 863 2306 με.

197 2332 369 2402 Ὅρα,
401 2330 520 2394 πῶς
570 2327 822 2399 βούλεται
866 2324 1150 2381 οἰκειῶσαι
1174 2325 1262 2380 διά
1290 2326 1391 2396 τῆς
1421 2327 1590 2399 εὐχῆς
1621 2328 1713 2382 τὸν

117 2423 454 2494 προφήτηνς
507 2418 661 2473 Ἐπεὶ
690 2418 789 2472 καὶ
812 2417 1056 2489 Μωῦσῆς
1079 2415 1212 2471 αὐτὸ
1232 2416 1427 2482 ἔπαθε,
1448 2419 1627 2488 λέγων
1653 2420 1712 2474 ἐν

113 2516 248 2576 ταῖς
281 2510 644 2580 ἐπαγγελίαις
665 2526 680 2542 ’
712 2506 847 2574 Πῶς
875 2507 1050 2562 τοῦτο
1068 2524 1087 2573 ;
1105 2506 1194 2578 μὴ
1223 2508 1290 2562 τὸ
1321 2508 1478 2578 ὄψον
1499 2508 1714 2576 δώσεις

113 2606 336 2672 αὐτοῖς
377 2601 487 2672 τῆς
527 2599 870 2667 θαλάσσης,
911 2601 1008 2653 καί
1040 2600 1228 2667 βόας,
1289 2601 1388 2656 καὶ
1446 2602 1714 2670 πρόϐατα

115 2699 339 2762 θύσεις
400 2691 647 2758 αὐτοῖς;
677 2691 741 2744 Εί
783 2690 895 2762 γὰρ
935 2691 1031 2744 καὶ
1093 2690 1325 2761 μεγάλοι
1377 2685 1543 2762 ἦσαν,
1595 2691 1713 2748 ἀλλ’

113 2790 281 2860 ὅμως
309 2786 561 2858 ἠγνόουν.

195 2879 326 2933 Ὅτι
370 2877 562 2942 οὕτως
608 2871 740 2931 εἷπε
780 2874 994 2944 Κύριος
1027 2875 1062 2927 d
1113 2872 1258 2940 Θεὸς
1293 2871 1546 2943 Ἰσραὴλ
1575 2875 1712 2944 περὶ

117 2967 340 3025 οἰκιῶν
364 2967 476 3036 τῆς
508 2967 762 3032 πόλεως,
786 2965 882 3019 καὶ
909 2964 979 3018 τὰ
1008 2964 1156 3035 ἑξῆς.

207 3057 438 3130 Ἐπειδὴ
497 3057 710 3111 ἐδέδετο
739 3059 768 3110 ό
833 3056 1106 3128 Ἱερεμίας
1141 3055 1218 3120 ὥς
1264 3055 1571 3127 δύσφημος,
1616 3055 1709 3111 καὶ

1815 1937 1938 1993 quas
1979 1923 2048 1978 ad
2083 1933 2328 1980 austrum
2356 1937 2607 1998 vergunt,
2639 1942 2706 1984 ac
2733 1929 2779 1984 si
2825 1929 3052 1997 diceret,
3085 1931 3397 2002 ubicunque

1815 2015 1870 2070 in
1901 2023 2051 2071 terra
2075 2017 2483 2088 promissionis.

2376 2131 2534 2191 CAP.
2574 2133 2819 2192 XXXIII.

1885 2241 2054 2300 Vsus.
2085 2245 2140 2301 5.
2170 2245 2242 2300 Et
2263 2247 2437 2303 clama
2468 2250 2536 2304 ad
2564 2268 2662 2308 me.

1884 2332 2021 2390 Vide
2045 2339 2316 2407 quomodo
2345 2340 2666 2410 prophetam
2706 2359 2804 2413 per
2833 2348 3136 2405 orationem
3165 2351 3270 2408 sibi
3298 2354 3395 2407 ad—

1812 2422 2016 2480 dictum
2068 2429 2298 2484 reddat?
2333 2429 2447 2486 Hoc
2480 2433 2621 2488 idem
2654 2443 2706 2489 et
2742 2435 2954 2509 Moyses
2985 2457 3176 2511 passus
3213 2453 3296 2500 est
3337 2443 3393 2499 in

1813 2520 2308 2589 promissionibus,
2339 2524 2527 2580 dicens
2563 2544 2578 2580 :
2615 2525 2874 2600 Nunquid
2908 2533 3072 2588 maris
3118 2539 3393 2603 opsonium

1812 2609 1964 2664 dabis
1989 2611 2116 2680 illis,
2143 2624 2190 2667 et
2227 2614 2398 2682 boves,
2431 2627 2478 2670 et
2506 2634 2696 2686 pecora
2733 2625 2901 2677 credes
2935 2624 3040 2679 illis
3063 2627 3147 2683 “?
3175 2627 3306 2682 Nam
3336 2638 3394 2687 et

1812 2699 1856 2753 si
1892 2700 2070 2772 magni
2100 2714 2280 2770 erant,
2316 2706 2636 2776 ignorabant
2672 2721 2874 2768 tamen.

1881 2878 2050 2937 Vens.
2080 2881 2136 2936 4.
2165 2881 2305 2949 Quia
2337 2885 2414 2938 sic
2449 2885 2584 2942 dixit
2631 2889 2886 2948 Dominus
2923 2895 3063 2952 Deus
3112 2897 3285 2956 Israel
3323 2903 3389 2960 dt

1810 2971 2052 3026 domibus
2087 2975 2252 3040 urbis,
2286 2984 2338 3030 et
2366 2993 2486 3047 quae
2524 2991 2847 3050 sequuntur.

1879 3063 2146 3121 Jeremias
2175 3082 2298 3122 cum
2341 3070 2554 3128 vinctus
2590 3085 2735 3131 esset
2771 3087 2832 3133 ut
2873 3057 3033 3136 homo
3057 3081 3297 3152 infamis,
3335 3095 3390 3142 et

117 3149 345 3221 βασιλεῖ
392 3149 598 3202 ἅλωσιν
653 3147 920 3213 ἀπειλῶν,
944 3145 1174 3217 προεῖπε
1203 3145 1261 3198 δὲ
1286 3144 1390 3216 τὴν
1410 3145 1707 3216 ἀνάκλησιν

1825 3153 1907 3223 [ιιιί
1930 3156 2288 3224 perditionem
2313 3159 2424 3230 regi
2449 3161 2689 3220 minatus
2703 3177 2848 3222 esset
2894 3169 2990 3226 Dei
3007 3182 3186 3228 autem
3205 3144 3387 3244 jussu,

116 3240 272 3296 κατὰ
308 3241 646 3312 πρόσταγμα
677 3238 841 3302 Θεοῦ,
873 3239 971 3291 καὶ
999 3239 1066 3309 τῇ
1096 3236 1192 3291 τοῦ
1218 3239 1392 3310 ἀγροῦ
1423 3241 1562 3309 νομῇ
1590 3237 1710 3292 ἐδε-

116 3333 336 3388 δαίωσε
367 3332 459 3385 τὸν
489 3331 676 3401 λόγον,
702 3330 878 3392 οὐδεὶς
915 3330 974 3383 δέ
1018 3330 1100 3384 ἔτι
1127 3332 1384 3402 προσεῖχε
1411 3333 1526 3395 τοῖς
1553 3330 1710 3400 λεγο-

119 3426 338 3497 μένοις,
371 3422 612 3493 οίόμενοι
640 3422 875 3493 κολακίᾳ
902 3422 1125 3493 μᾶλλον,
1173 3423 1207 3494 ἢ
1241 3422 1462 3492 ἀκρισεί
1509 3420 1708 3491 γνώσει

112 3517 233 3571 τῶν
276 3515 581 3587 μελλόντων
613 3513 795 3584 λέγειν
842 3513 934 3569 τὸν
976 3515 1264 3586 προφήτην
1283 3513 1481 3579 ταῦτα,
1516 3513 1708 3586 ῶσπερ

113 3611 201 3674 είς
228 3607 557 3680 ἀδημονίαν,
609 3607 706 3661 καὶ
771 3607 1106 3678 ἀμφιὸολίαν
1145 3605 1398 3661 ἐκπεσὼν
1454 3606 1705 3661 διετέλει.

113 3701 294 3770 Λέγει
314 3699 498 3756 τοίνυν
522 3699 672 3770 αὐτῷ
700 3697 729 3752 ὁ
757 3699 910 3764 Θεὸς,
935 3700 1016 3753 ὅτι
1047 3699 1332 3769 Σκόπησον
1359 3698 1458 3770 τὴν
1478 3697 1710 3769 δύναμιν

111 3793 220 3864 τὴν
254 3791 419 3862 ἐμὴν,
449 3791 546 3846 καὶ
571 3791 758 3863 ῶσπερ
789 3792 1118 3862 παρήγαγον
1145 3791 1243 3863 τῆν
1265 3789 1466 3858 κτίσιν,
1498 3789 1709 3844 καὶ.τά-

114 3885 205 3952 ξιν
233 3883 488 3953 ἐπέθηκα
516 3882 654 3956 αὐτῇ
689 3882 972 3954 προσνοῶν
995 3882 1104 3938 τῶν
1134 3881 1458 3956 ἀνθρώπων,
1483 3882 1580 3937 καὶ
1611 3881 1708 3938 νῦν

115 3993 205 4030 σοι
233 3973 538 4030 καλέσαντι
576 3975 887 4046 ὑπήκουσα,
920 3973 1016 4028 καὶ
1045 3973 1300 4045 προλέγω
1324 3973 1393 4029 τά
1419 3975 1707 4046 μέλλοντα,

114 4068 220 4123 καὶ
249 4066 354 4140 τὴν
388 4065 659 4138 ἐσομένην
691 4065 971 4136 εὐθηνίαν,
1011 4059 1094 4128 οἷς
1122 4067 1327 4138 ἥκιστα
1357 4067 1607 4122 ἀπιστεῖν
1647 4085 1707 4123 σε

115 4159 437 4230 προσήκειο
479 4157 710 4230 θαρρεῖν
742 4155 833 4236 δὲ,
860 4155 935 4221 ὡς
982 4157 1137 4212 οὐδὲν
1161 4157 1270 4213 τῶν
1300 4159 1452 4232 παρά
1499 4159 1592 4214 σοῦ
1620 4161 1710 4214 λε-

117 4249 381 4322 γομένων
403 4247 774 4320 ψευσθήσεται
795 4265 810 4279 ·
837 4248 1152 4304 καὶ-πείθων
1173 4250 1352 4305 αὐτῶν
1384 4252 1461 4316 ὡς
1490 4252 1613 4307 οὐδὲ
1638 4253 1708 4308 τὰ

113 4342 224 4411 τῆς
246 4338 630 4411 αἰχμαλωσίας
666 4339 846 4411 μάτην
871 4343 1134 4407 ποιεῖται,
1155 4343 1273 4396 ἀλλ’
1305 4343 1398 4398 ἐπὶ
1431 4361 1707 4415 σωφρονι-

117 4431 252 4504 σμῷ
273 4431 384 4485 τῶν
411 4429 820 4502 κολαζομένων,
855 4431 1052 4503 ἐπάγει
1080 4433 1220 4505 μετά
1247 4433 1310 4488 τὸ
1338 4434 1439 4505 τὴν
1465 4435 1707 4506 ἀνάκλη-

117 4541 208 4578 σιν
243 4520 508 4594 μηνῦσαι.

191 4707 212 4728 ⁶
243 4703 357 4760 Kal
405 4705 646 4777 ἐγένετο
684 4707 870 4778 λόγος
917 4707 1140 4778 Κυρίου
1187 4707 1339 4778 πρὸς
1412 4707 1708 4780 Ἰερεμίαν

117 4795 343 4867 λέγων,
376 4791 592 4868 Ἄραγε
617 4799 732 4854 οὔκ
767 4799 997 4869 ᾐδέσθη
1032 4802 1066 4855 ό
1101 4798 1250 4867 λαὸς
1280 4794 1495 4867 οὗτος;
1531 4801 1706 4856 Ἐλά-

116 4891 285 4957 λησε
308 4887 537 4960 λέγων·
585 4893 656 4946 Al
687 4890 798 4946 δύο
821 4891 1082 4961 πατριαὶ,
1133 4891 1202 4958 ἇς
1239 4891 1560 4958 ἐξελέξατο
1586 4895 1706 4949 K25-

108 4998 254 5048 ριος
296 4981 368 5035 ἐν
411 4981 639 5051 αὐτοῖς,
680 4984 781 5038 καί
809 4983 942 5040 ἰδοὺ
985 4983 1271 5040 ἀπώσατο
1312 4983 1570 5050 αὐτοὺς,
1610 4986 1712 5040 καί

117 5070 450 5141 παρώξυνα
488 5072 598 5128 τὸν
639 5075 797 5130 λαόν
825 5093 947 5146 μου
978 5073 1086 5130 τοῦ
1111 5075 1199 5147 μὴ
1233 5070 1387 5131 εἶναι
1424 5075 1511 5131 ἔτι
1537 5077 1712 5147 ἔθνος

115 5155 385 5212 ἐνώπιόν
399 5176 547 5228 μου.

191 5247 288 5321 Μὴ
310 5248 492 5315 τοῦτο,
524 5250 680 5324 φησὶ,
713 5251 928 5326 λογεσῃ,
963 5252 1046 5307 ὅτι
1065 5252 1278 5308 τελείαν
1297 5255 1499 5310 ἅλωσιν
1516 5257 1706 5327 ἐπάγω

115 5345 186 5412 τῇ
227 5341 406 5408 πόλει,
445 5342 583 5397 ἀλλά
613 5345 890 5414 σκόπησον
908 5345 982 5410 ὡς
1009 5344 1119 5400 ἀπὸ
1150 5344 1259 5401 τῶν
1289 5348 1534 5420 μερικῶν
1563 5367 1703 5420 συμ-

118 5431 310 5506 φορῶν
355 5437 791 5509 σωφρονέστεροι
829 5438 1031 5508 ἥκιστα
1095 5437 1384 5507 γεγόνασιν
1435 5440 1698 5496 Ἰουδαῖοι.

116 5524 186 5579 οἱ
209 5523 346 5594 γοῦν
370 5525 834 5598 ψευδοπροφῆται,
869 5528 1025 5601 φησι,
1057 5528 1339 5602 περιόντες
1354 5529 1700 5586 διαϐάλλουσι

119 5632 216 5686 με,
247 5615 327 5681 ὡς
355 5617 598 5674 ἐναντίον
620 5622 688 5691 τῇ
736 5621 972 5693 ἐμαυτοῦ
998 5622 1338 5693 πεποιηκότα
1384 5623 1693 5695 ὑποσχέσει,

192 5795 242 5832 ⁸⁸
274 5795 434 5855 Num.
467 5814 542 5869 si,
579 5799 670 5856 22.

1811 3251 1867 3300 et
1909 3247 2304 3305 revocationem
2349 3253 2709 3322 praedixisset,
2755 3273 3176 3334 sermonemque
3223 3283 3387 3324 suum

1811 3335 1926 3408 agri
1971 3340 2315 3406 possessione
2345 3345 2761 3414 conﬁrmasset;
2799 3359 2850 3405 et
2880 3352 3239 3426 nihilominus
3268 3360 3390 3413 nul-

1808 3424 1894 3483 lus
1943 3429 2118 3486 adhuc
2156 3443 2320 3499 esset,
2366 3436 2459 3520 qui
2510 3437 2628 3508 ejus
2675 3443 2980 3500 attenderet
3026 3424 3205 3513 dictis,
3242 3453 3386 3520 quod

1809 3526 2094 3573 censerent
2130 3522 2448 3590 prophetam
2490 3541 2554 3581 ea
2584 3528 2767 3584 dicere
2797 3534 2978 3600 potius
3005 3536 3071 3591 ad
3112 3539 3387 3596 adulatio-

1810 3621 1954 3674 nem,
1982 3623 2142 3678 quam
2171 3625 2238 3665 ex
2267 3613 2464 3668 eximia
2499 3633 2676 3672 rerum
2701 3620 3009 3680 futurarum
3043 3631 3380 3700 cognitione,

1809 3694 2050 3752 incidens
2071 3697 2125 3752 in
2150 3714 2416 3756 summum
2441 3704 2606 3758 animi
2631 3721 2938 3777 maerorem,
2961 3694 3193 3768 maxima
3221 3694 3386 3789 ange-

1809 3785 1967 3842 batur
1993 3787 2370 3859 ambiguitate.
2405 3792 2548 3849 Dicit
2575 3795 2742 3867 igitur
2769 3798 2846 3854 illi
2870 3799 3048 3858 Deus:
3077 3785 3384 3864 Potentiam

1809 3893 1986 3934 meam
2013 3881 2323 3948 considera,
2357 3887 2578 3941 modum
2635 3904 2746 3960 quo
2777 3905 2867 3947 res
2891 3903 3105 3951 creatas
3131 3900 3384 3966 produxi.

1808 3967 2051 4024 ordinem
2095 3984 2204 4040 quo
2253 3986 2348 4028 eas
2389 3975 2664 4046 disposui,
2704 3978 2981 4036 hominum
3036 4000 3225 4041 curam
3289 4005 3386 4059 ge-

1810 4073 1960 4123 rens,
1995 4069 2052 4116 et
2099 4078 2245 4118 nunc
2287 4063 2628 4123 invocantem
2677 4080 2728 4126 te
2771 4075 3052 4142 exaudiri,
3105 4089 3162 4134 et
3205 4081 3386 4137 futura

1808 4151 2066 4220 praedico,
2105 4168 2395 4225 rerumque
2441 4160 2683 4215 omnium
2723 4163 3138 4234 abundantiam,
3191 4173 3388 4239 quibus

1808 4257 2021 4312 aequum
2062 4243 2253 4301 fuisset
2291 4258 2348 4301 ut
2380 4253 2823 4321 persuadereris,
2878 4266 2934 4313 et
2967 4261 3149 4317 animo
3188 4263 3386 4321 ﬁderes

1809 4332 2013 4386 nullum
2054 4337 2392 4393 sermonibus
2420 4341 2526 4397 tuis
2557 4341 2794 4400 futurum
2841 4351 3224 4409 mendacium:
3259 4371 3386 4423 per-

1810 4436 2032 4478 snasum
2076 4439 2198 4480 eum
2229 4429 2480 4496 reddens,
2519 4434 2886 4502 captivitatem
2919 4442 3060 4495 haud
3089 4442 3288 4500 frustra
3319 4448 3387 4501 il-

1737 4493 1783 4549 θ
1812 4513 2003 4580 latam,
2041 4517 2136 4571 sed
2167 4526 2227 4572 ut
2259 4493 2507 4592 castigati
2553 4493 2958 4596 resipiscerent.
2991 4531 3127 4590 Tum
3158 4551 3385 4594 revoca-

1816 4606 1977 4661 tionis
2004 4609 2249 4663 nuntium
2273 4611 2449 4668 all'ert.

1887 4699 1904 4722 ‘
1938 4697 2102 4754 Vens.
2128 4698 2320 4757 25-24.
2353 4701 2422 4758 Et
2453 4705 2652 4774 factum
2691 4721 2767 4766 est
2809 4710 3031 4771 Verbum
3066 4718 3276 4777 Domini
3313 4724 3384 4779 ad

1810 4787 2126 4880 Ieremiam,
2153 4792 2361 4850 dicens:
2382 4793 2636 4864 Nunquid
2655 4817 2758 4857 non
2786 4806 2994 4860 erubuit
3018 4811 3240 4880 populus
3259 4814 3344 4868 hic
3359 4817 3386 4869 .9
3487 4866 3489 4869 .

1817 4879 2049 4937 Locutus
2083 4894 2182 4950 est,
2210 4886 2386 4942 dicens
2415 4905 2434 4943 :
2465 4889 2598 4946 Duae
2623 4897 2976 4964 cognationes,
2999 4879 3132 4970 quas
3161 4903 3384 4975 elegerat

1811 4971 2071 5028 Dominus
2105 4975 2180 5039 in
2210 4977 2338 5046 ipsis
2359 5018 2375 5042 ,
2405 4988 2456 5034 et
2490 4997 2605 5036 ecce
2644 4987 2841 5054 expulit
2885 5007 2977 5044 eas
2998 5032 3013 5057 ,
3053 5004 3100 5047 et
3133 4971 3380 5066 populum

1811 5080 1984 5120 meum
2007 5067 2246 5137 irritavi,
2272 5079 2326 5124 ut
2357 5087 2460 5127 non
2500 5074 2569 5128 sit
2591 5077 2734 5132 ultra
2760 5096 2883 5150 gens
2919 5098 3099 5139 eorum
3133 5091 3255 5145 me!

1874 5253 1954 5314 Ne
1981 5257 2085 5314 hoc
2112 5270 2311 5327 mente,
2339 5262 2436 5328 ait,
2471 5265 2770 5336 concipias,
2797 5285 2882 5326 me
2904 5275 3173 5332 excidium
3203 5291 3382 5336 extre-

1809 5364 1958 5403 mum
2015 5349 2290 5407 illaturum
2348 5355 2586 5424 civitati;
2638 5360 2732 5414 sed
2783 5362 3066 5421 considera
3111 5375 3384 5438 quomodo

1807 5440 1978 5497 Judaei
2027 5445 2453 5513 particularibns
2485 5449 2885 5509 calamitatibus
2931 5472 3209 5530 nunquam
3257 5480 3382 5532 pru-

1806 5533 2085 5591 dentiores
2137 5535 2265 5592 facti
2320 5549 2468 5594 sunt.
2512 5540 2659 5598 Falsi
2709 5544 2891 5616 itaque
2946 5552 3225 5622 propheta:
3271 5556 3380 5610 cir-

1807 5636 2127 5685 cumeuntes
2172 5641 2467 5700 accusant,
2515 5635 2657 5704 quod
2687 5641 2958 5695 contraria
2991 5642 3060 5697 iis
3101 5657 3222 5714 quae
3253 5661 3381 5714 pro-
