3854 6386
1258 314 1820 374 SUPPLEMENTUM
1861 315 1952 370 AD
1989 315 2046 371 S.
2085 314 2135 370 J.
2179 311 2668 373 CIIRYSOSTOMI
2715 313 2962 373 OPERA.

3541 297 3547 300 ’
3649 315 3746 373 9m

480 433 758 490 misissent
786 430 1041 498 fecerim,
1088 431 1183 487 sed
1213 446 1337 486 cum
1366 430 1653 504 clegissem
1685 432 1820 487 duas
1851 446 2049 503 cogna-

2162 432 2253 487 καὶ
2276 432 2352 496 ὡς
2396 432 2762 506 ἐκλεξάμενος
2818 434 2920 498 τάς
2945 431 3040 487 δύο
3068 431 3326 504 πατριάς,
3359 433 3628 487 τουτέστι
3658 435 3747 497 τὰς

484 529 684 589 tiones.
707 524 762 579 id
787 531 872 579 est
902 523 1008 578 duo
1035 536 1224 592 regna,
1253 521 1406 578 ludat
1447 523 1677 589 scilicet,
1711 533 1768 579 et
1796 523 2052 592 Ephrem,

482 613 694 668 modica
725 610 1103 682 promissionis
1129 627 1262 667 mea:
1289 613 1475 668 habita
1507 613 1718 669 ratione
1751 612 2054 682 expulerim

481 702 885 758 multitudinem
922 720 934 756 :
972 717 1070 774 per
1097 717 1221 774 quae
1254 704 1599 759 abduxerunt
1628 703 1908 774 populum,
1931 703 2056 759 cul-

485 803 681 864 iusque
747 795 1008 864 pietatem
1074 795 1295 850 omnino
1359 805 1785 851 commutarunt.
1841 794 2054 851 Justum

486 886 668 954 itaque
695 895 780 940 est
833 893 895 939 ut
919 886 987 939 de
1011 885 1289 955 impietate
1313 885 1417 940 hac
1444 885 1513 940 ab
1534 885 1642 941 illis
1663 900 1853 955 pinnas
1878 900 2057 942 sume-

483 991 620 1043 rem,
673 991 782 1047 quo
825 986 1007 1032 mente
1035 976 1284 1033 saniores
1317 975 1516 1044 eﬂecti,
1571 985 1797 1044 terram,
1827 987 1887 1034 ut
1921 994 2057 1034 con-

481 1081 679 1136 gruum
710 1073 817 1133 est,
847 1066 1115 1132 incolant,
1142 1081 1304 1136 quam
1337 1065 1608 1137 pollicitus
1635 1083 1756 1124 sum
1791 1067 2053 1140 patribus.

553 1250 716 1307 Vsus.
753 1251 845 1308 25.
877 1251 1006 1306 Ιιωο
1035 1251 1160 1306 dicit
1196 1251 1455 1306 Dominus
1480 1267 1501 1306 :
1521 1250 1583 1306 Si
1605 1267 1707 1306 non
1734 1261 1868 1306 esset
1890 1260 2056 1307 testu-

481 1353 714 1398 mentum
745 1359 915 1398 meum
944 1343 1049 1397 diei
1081 1357 1144 1396 ac
1174 1341 1362 1407 noctis,
1391 1342 1640 1396 terminos
1663 1343 1780 1397 caeli
1807 1351 1861 1398 et
1901 1353 2057 1398 terra

483 1453 588 1490 non
631 1436 940 1505 posuissem.
985 1433 1245 1503 Equidem
1281 1443 1329 1487 et
1364 1449 1534 1488 semen
1567 1431 1766 1500 Jacob,
1791 1442 1840 1488 et
1889 1433 2056 1488 David

482 1527 615 1580 serui
648 1528 753 1580 mei
775 1525 1132 1596 proiecissent,
1162 1534 1216 1578 ut
1241 1539 1344 1578 non
1367 1539 1687 1580 assumersm
1708 1525 1968 1594 principes
1994 1525 2057 1580 de

481 1618 675 1672 semine
701 1615 839 1686 ejus.
1783 1632 1792 1642 ·

551 1708 758 1764 Sensus
783 1717 866 1762 est
894 1725 909 1761 :
942 1705 1410 1773 Quemadmodum
1434 1720 1557 1762 cum
1585 1705 1898 1764 hominibus
1926 1722 2055 1777 pro-

2153 522 2249 576 δύο
2281 521 2580 594 βασιλείας,
2617 526 2718 596 τήν
2745 541 2807 578 τι
2848 524 2946 578 τοῦ
2979 523 3180 590 Ἰούδα,
3207 524 3303 578 καί
3324 523 3426 577 τοῦ
3479 524 3747 592 Ἐφραὶμ,

2157 612 2332 685 μικρά
2361 613 2463 684 τῆς
2491 615 2690 669 ἑαυτοῦ
2714 615 3070 687 ὑποσχέσεως
3100 614 3751 687 φροντίσαςάπωσάμην

2153 704 2218 758 τδ
2250 705 2457 775 πλῆθος
2477 721 2492 736 ·
2541 705 2636 775 ἀφ’
2679 699 2758 762 ὧν
2789 707 2869 771 είς
2906 725 2970 760 τε
3011 707 3154 779 ἐμὴν
3184 706 3639 777 καταφρόνησιν,
3668 706 3752 757 καὶ

2156 798 2400 870 παντελῆ
2450 799 2551 870 τῆς
2578 799 2863 863 εύσεϐείας
2903 799 3213 871 μεταϐολὴν
3241 801 3456 871 ήγαγον
3482 798 3585 852 τὸν
3605 796 3750 850 λαόν·

2154 892 2296 948 ὥστε
2337 894 2550 948 δίκαιόν
2605 895 2783 961 ἐστιν,
2834 894 3036 958 αὐτοὺς
3065 895 3162 948 καὶ
3197 894 3339 964 ὑπὲρ
3393 891 3621 961 ταύτης
3660 893 3752 959 τῆς

2154 984 2412 1049 ἀσεϐείας
2444 984 2631 1038 δοῦναι
2661 984 2840 1056 δίκην,
2879 984 2958 1048 ὡς
2995 985 3064 1039 ἀν
3117 984 3568 1055 σωφρονέστεροι
3597 981 3751 1050 γενό-

2159 1093 2332 1147 μενοι,
2369 1076 2507 1148 μετὰ
2527 1075 2624 1130 τοῦ
2650 1079 3028 1149 προσήκοντος
3054 1078 3154 1150 τὴν
3184 1076 3291 1148 γῆν
3314 1073 3519 1147 οἱκῷεν
3549 1074 3625 1145 ἢν
3642 1076 3754 1136 τοίς

2157 1169 2428 1240 πατράσιν
2453 1169 2893 1242 ἐπηγγειλάμην.

2231 1260 2376 1316 Τάδε
2405 1260 2570 1330 λέγει
2601 1262 2818 1330 Κύριος
2845 1278 2861 1292 ·
2889 1263 2961 1316 Ei
2994 1261 3082 1332 μὴ
3119 1260 3236 1330 τὴν
3277 1259 3591 1328 διαθήκην
3630 1275 3752 1328 μου

2153 1351 2380 1422 ἡμέρας
2433 1353 2531 1405 καί
2568 1352 2812 1419 νυκτὸς,
2850 1352 3264 1423 ἀκριϐάσιιατα
3323 1349 3602 1419 οὐρανοῦ
3651 1351 3754 1403 και

2155 1441 2266 1514 γῆς
2297 1445 2410 1498 οὐκ
2463 1443 2673 1508 ἔταξα.
2721 1443 2904 1512 Καίτε
2946 1443 3015 1498 τὸ
3057 1444 3296 1512 σπέρμα
3346 1440 3589 1505 Ἰακὼϐ,
3649 1441 3752 1494 καὶ

2153 1533 2332 1588 Audio
2360 1533 2467 1588 τοῦ
2501 1534 2729 1588 δούλου
2755 1549 2897 1603 μου.
2926 1531 3270 1603 ἀποδοκιμῶ
3289 1532 3396 1588 τοῦ
3416 1532 3508 1603 μὴ
3536 1531 3756 1586 λαϐεῖν

2154 1621 2454 1689 ἄρχοντας
2475 1620 2543 1674 ἐκ
2569 1620 2677 1675 τοῦ
2705 1620 3051 1690 σπέρματος
3075 1619 3282 1675 αὑτοῦ.

2240 1711 2306 1765 Ἡ
2341 1710 2440 1780 μὲν
2469 1707 2565 1764 οὖν
2593 1709 2774 1764 ἔννοια
2807 1710 2974 1779 αὕτη,
2999 1710 3086 1764 ὃτι
3109 1710 3321 1780 Ὠσπερ
3343 1710 3373 1763 ὁ
3402 1707 3755 1777 ὲπαγγειὶάο

483 1800 724 1856 miserim
758 1800 1112 1855 constitutum
1147 1801 1200 1853 in
1228 1799 1508 1856 creatiom
1529 1801 1776 1855 ordinem
1809 1813 2049 1864 servare,

2162 1819 2322 1874 μενος
2353 1803 2466 1865 τοῖς
2493 1801 2838 1872 ἀνθρώποις,
2873 1801 2950 1872 μὴ
2967 1802 3271 1887 ϐιαλείπειν
3297 1800 3400 1872 τὴν
3428 1802 3493 1853 ὲν
3516 1802 3590 1870 τῇ
3630 1802 3755 1852 τιτῶ

479 1904 804 1961 semperque
861 1891 1092 1946 hiemem
1128 1900 1185 1946 et
1216 1901 1483 1956 aestatem,
1511 1906 1608 1946 ver
1651 1899 1707 1945 et
1738 1899 2054 1946 autumnum

481 1983 726 2038 vicissim
759 1983 1074 2048 succedere,
1105 1983 1174 2038 ad
1199 1982 1341 2038 hanc
1363 1984 1506 2039 diem
1531 1981 1844 2038 inviolatam
1877 1997 2055 2038 meam

480 2083 701 2130 servant
731 2072 1177 2144 promissionem;
1209 2074 1290 2128 sic
1326 2073 1603 2142 pollicitus
1636 2072 1824 2128 Davidi
1870 2085 2056 2130 semen

481 2165 600 2236 ejus
622 2179 836 2236 seitiper
860 2173 1238 2234 regnaturum,
1261 2179 1365 2220 non
1382 2165 1636 2220 mentiar.
1655 2163 1886 2231 Quidam
1906 2178 2056 2230 vero,

482 2256 591 2310 diei
619 2265 671 2310 et
701 2245 871 2308 noctis
899 2257 1151 2309 terminos
1182 2254 1299 2308 mli
1327 2265 1374 2308 et
1425 2264 1578 2308 terra
1609 2270 1713 2307 non
1763 2255 2058 2324 posuissem

481 2348 562 2404 sic
591 2347 932 2417 interpretati
963 2354 1091 2401 sunt
1118 2363 1132 2399 :
1169 2342 1286 2400 Non
1312 2345 1501 2416 utique
1530 2358 1805 2400 creassem
1850 2344 2044 2400 caelum

481 2451 535 2498 et
569 2450 794 2506 terram,
831 2439 884 2494 ni
919 2439 1059 2494 diem
1091 2448 1147 2493 et
1184 2447 1396 2494 noctem
1425 2454 1550 2494 esse
1596 2437 1924 2502 voluissem;
1960 2437 2058 2492 διιὰ

482 2532 972 2604 quemadmodum,
1023 2530 1092 2585 ab
1139 2530 1294 2584 initio
1339 2530 1613 2600 proposita
1667 2527 1803 2582 mihi
1851 2527 1955 2582 diei
1994 2542 2058 2582 ac

482 2624 660 2680 noctis
693 2623 1060 2688 successione,
1091 2631 1340 2676 naturam
1374 2621 1601 2690 produxi
1633 2619 1758 2675 coeli
1786 2627 1843 2674 et
1873 2626 2054 2684 terra},

485 2731 584 2772 nec
613 2715 749 2771 solvi
773 2728 1012 2784 unquam
1063 2720 1204 2783 quoa
1238 2712 1370 2767 mihi
1398 2712 1449 2766 in
1473 2706 1748 2766 creatione
1779 2709 2054 2782 proposui,

481 2809 562 2864 sic
587 2814 642 2861 et
669 2805 1086 2878 promissionem
1115 2803 1282 2858 David
1314 2801 1514 2858 iactam
1544 2817 1818 2872 nunquam
1849 2801 2058 2855 irritam

481 2901 700 2955 faciam.
757 2898 894 2953 Cum
955 2896 1098 2951 Deus
1152 2895 1304 2950 hisce
1352 2906 1676 2962 persuasqu
1727 2891 2060 2946 reddidisset

477 2993 834 3064 prophetam,
884 2987 1128 3058 praecipit
1168 2986 1247 3042 illi
1306 2997 1366 3040 ut
1417 2985 1570 3040 urbis
1617 2983 1890 3039 excidium
1938 2985 2050 3054 regi

2159 1909 2245 1946 σει
2280 1891 2458 1956 τάξιν,
2492 1891 2610 1945 ἀλλ’
2636 1893 2814 1946 είσαεὶ
2843 1891 3066 1947 ἔσεσθαι
3106 1892 3354 1964 χειμῶνα
3408 1892 3506 1946 καὶ
3558 1891 3754 1960 θέρος.

2157 1981 2257 2052 ἔαρ
2290 1982 2386 2034 καὶ⁵
2415 1980 2735 2052 μετόπωρον
2765 1981 2930 2054 μέχρι
2982 1981 3079 2036 τοῦ
3106 1981 3202 2037 νῦν
3223 1981 3502 2036 διετέλεσα
3536 1981 3758 2050 φυλάτ-

2156 2089 2267 2126 των
2306 2071 2408 2143 τήν
2454 2069 2696 2141 ἐμαυτοῦ
2745 2072 3046 2144 ὑπόσχεσιν
3067 2089 3083 2106 ο
3119 2073 3292 2138 οὕτως
3323 2072 3758 2144 ἐπαγγειλάμε-

2158 2180 2247 2227 νος
2281 2162 2360 2233 τῷ
2384 2161 2549 2216 Δαϐὶδ
2579 2165 2646 2218 ὲκ
2679 2161 2776 2216 τοῦ
2809 2161 3129 2233 σπέρματος
3167 2163 3333 2216 αὑτοῦ
3359 2163 3544 2216 εἰσαεὶ
3585 2161 3755 2231 βασι-

2157 2253 2369 2319 λεύειν,
2419 2255 2482 2308 ού
2518 2253 2905 2325 διαψεύσομαι.
2944 2252 3103 2317 Τινὲς
3142 2253 3324 2319 δὲτὸ,
3354 2252 3594 2322 ἡμέρας
3647 2256 3754 2307 καί

2158 2347 2382 2413 νυκτὸς
2410 2385 2427 2412 ,
2487 2345 2952 2416 ἀκριϐἀσμαστα
2991 2345 3249 2416 οὐρανοῦ
3307 2345 3408 2398 καί
3454 2344 3581 2414 τῆς
3630 2348 3754 2400 οὐχ

2160 2439 2346 2503 ἔταξα
2367 2476 2382 2503 ,
2408 2436 2582 2502 οὕτως
2621 2439 3001 2510 ἡρμήνευσαν,
3035 2439 3118 2492 ὅτι
3152 2437 3266 2492 Ούκ
3295 2438 3358 2492 ἂν
3385 2439 3631 2506 ἐποίησα
3662 2441 3759 2490 οὑ-

2160 2528 2322 2602 ρανὸν
2347 2529 2442 2582 καὶ
2467 2529 2595 2600 γῆν,
2627 2530 2676 2582 εί
2712 2529 2790 2600 μὴ
2827 2529 3045 2600 ἡμέραν
3074 2529 3170 2582 καὶ
3212 2528 3383 2582 νύκτα
3427 2529 3757 2599 ἐϐουλόμην

2159 2613 2320 2671 εἶναι’
2339 2617 2459 2671 ἀλλ’
2475 2616 2666 2688 ὥσπερ
2689 2617 2749 2683 ἐξ
2769 2617 2946 2688 ἀρχῆς
2966 2617 3303 2689 προθέμενος
3327 2617 3581 2688 διαδοχὴν
3603 2616 3755 2670 εἶναι

2157 2708 2375 2780 ἡμέρας
2421 2710 2516 2762 καὶ
2559 2708 2778 2776 νυκτδς,
2814 2709 2911 2762 τοῦ
2943 2707 3179 2780 ούρανοῦ
3231 2712 3327 2762 καὶ
3364 2712 3462 2780 τῆς
3485 2711 3600 2779 γῆς
3645 2711 3755 2780 τὴν

2160 2801 2324 2868 φυσιν
2353 2801 2700 2872 παρήγαγον,
2731 2798 2828 2853 καὶ
2861 2799 2924 2852 ού
2953 2798 3176 2852 διέλυσα
3200 2798 3301 2876 τὴν
3330 2799 3424 2851 ἐπὶ
3451 2801 3522 2870 τῇ
3559 2799 3753 2852 κτίσει

2159 2891 2445 2964 πρόθεσιν,
2473 2891 2646 2956 οὕτως
2671 2891 2798 2946 οὐδὲ
2827 2893 2926 2962 τὴν
2951 2890 3288 2960 ἐπαγγελίαν
3313 2890 3413 2960 τὴν
3452 2891 3602 2960 πρὸς
3633 2896 3753 2946 Aa-

2159 2983 2246 3037 ϐὶδ
2281 2982 2540 3040 διαλύσω.
2576 2980 2710 3038 Εἶτα
2744 2985 2802 3038 ὲν
2829 2982 3042 3046 τούτοις
3097 2982 3290 3046 πείσας
3319 2983 3411 3035 τὸν
3442 2985 3750 3054 προφήτην

478 3082 718 3138 Sedeciae
769 3079 1092 3144 annuntiet,
1153 3077 1423 3146 addatque
1479 3088 1699 3130 causam
1759 3075 1904 3144 quod
1959 3089 2049 3128 eos

2162 3079 2188 3130 ό
2209 3077 2364 3141 Θεὸς,
2400 3076 2841 3149 παρακελεύεται
2862 3077 3010 3149 αύτῷ
3038 3077 3136 3149 τὴν
3163 3077 3363 3132 ἅλωσιν
3394 3077 3495 3147 τῆς
3529 3079 3749 3142 πόλεως

475 3187 583 3228 non
634 3171 897 3242 paeniteat
943 3181 1124 3223 rerum
1169 3176 1479 3237 gestarum,
1533 3161 1844 3232 violentque
1890 3171 2047 3234 pacta

2162 3169 2400 3242 μηνῦσαι
2427 3170 2508 3238 τῷ
2543 3169 2753 3240 βασιλεῖ
2780 3169 3030 3241 Σεδεκίᾳ,
3053 3170 3149 3225 καὶ
3181 3171 3360 3224 αἰτίαν
3386 3170 3744 3242 προσθεῖναι,

475 3278 598 3318 cum
636 3261 746 3317 Deo
783 3259 916 3316 inita
954 3277 969 3315 :
1005 3258 1292 3328 arguitque
1321 3256 1472 3327 ipsos
1500 3269 1568 3310 ex
1602 3267 1666 3308 eo
1693 3254 1836 3324 quod
1869 3255 2052 3309 denuo

476 3350 748 3408 tevocarit
768 3363 865 3420 eos
911 3348 1002 3420 qui
1031 3363 1193 3404 causa
1220 3345 1524 3404 obtinendae
1548 3344 1836 3411 libertatis,
1859 3359 2054 3401 secun-

473 3448 601 3499 dum
635 3443 806 3514 legem
836 3441 1178 3512 iuraverant,
1215 3437 1420 3495 subdit.

1057 3646 1212 3704 CAP.
1251 3644 1495 3702 XXXIV.

543 3744 711 3800 Vens.
735 3744 790 3798 ι.
832 3739 956 3796 Νοη
981 3740 1248 3794 morieris.

543 3837 619 3892 Ut
645 3834 836 3890 saltem
857 3833 932 3886 ita
965 3831 1291 3900 respiraret;
1319 3829 1423 3884 hoc
1451 3828 1598 3884 enim
1624 3827 1824 3883 factum
1843 3837 1951 3894 est,
1981 3843 2049 3884 eo

473 3927 803 3998 Babylonem
825 3925 1100 3988 abducto;
1131 3936 1254 3975 natu
1280 3929 1336 3974 et
1363 3935 1576 3975 summa
1609 3919 1721 3974 illic
1747 3933 1882 3988 pace
1904 3921 2046 3989 poti-

471 4028 564 4073 tus
601 4025 706 4084 est,
741 4023 800 4070 ut
831 4013 929 4070 Dei
963 4013 1221 4084 pietatem
1267 4019 1609 4082 agnosceret,
1646 4018 1810 4078 utque
1843 4010 2046 4066 doloris

470 4109 689 4165 nuntios
723 4105 950 4177 atquiori
988 4104 1129 4160 ferat
1168 4105 1373 4169 animo,
1403 4101 1662 4173 plangent
1691 4110 1762 4156 te.

522 4201 687 4258 Vsus.
719 4199 774 4254 8.
813 4196 1037 4253 Verbum
1067 4195 1204 4267 quod
1227 4195 1426 4264 factum
1447 4203 1545 4250 est.

538 4294 650 4351 Lex
670 4301 789 4349 erat
821 4290 1063 4358 antiqua,
1095 4288 1392 4343 l‘lzehratum
1422 4302 1516 4342 sex
1552 4285 1712 4342 annis
1749 4284 1955 4341 servire
1973 4284 2041 4341 “.

466 4383 698 4440 Volebat
723 4380 868 4438 enim
897 4377 1115 4434 Judaeos
1137 4377 1258 4447 pios
1284 4391 1408 4433 esse
1435 4376 1490 4430 in
1530 4390 1740 4432 omnes.
1771 4375 1879 4432 Sed
1919 4390 2042 4430 cum

467 4478 694 4539 nollent,
734 4473 955 4530 interim
992 4470 1060 4526 ad
1087 4469 1193 4524 hoc
1217 4469 1497 4524 attrahere
1529 4467 1723 4533 voluit,
1751 4474 1811 4522 ut
1837 4466 2045 4522 contri-

2155 3259 2230 3323 ὡς
2251 3260 2646 3331 ἀμεταμέλητα
2668 3261 2946 3328 πταίουσι,
2977 3262 3074 3315 καὶ
3095 3261 3498 3332 παραϐαίνουσι
3525 3263 3629 3325 τὰς
3647 3265 3744 3316 ἐπὶ

2155 3350 2291 3404 Θεοῦ
2329 3350 2610 3422 συνθήκας
2655 3351 2958 3422 γενομένας
2988 3369 3003 3383 °
3035 3353 3130 3405 καὶ
3159 3352 3371 3424 ἐλέγχει
3405 3353 3631 3421 αὐτοὺς,
3683 3356 3744 3419 ἐξ

2152 3435 2228 3495 ὧν
2257 3441 2582 3513 ἀπήλαυσαν
2623 3441 2939 3512 ἐλευθερίας
2969 3443 3113 3497 κατά
3150 3442 3320 3514 νόμον
3345 3441 3740 3515 ὠμομόκοτας,

2153 3532 2378 3598 τούτους
2408 3532 2573 3589 πάλιν
2603 3533 3033 3599 ἀνεκαλέσαντο,
3068 3536 3166 3589 καὶ
3191 3535 3412 3606 ἐπάγει.

2739 3625 2996 3682 ΚΕΦΑΛ.
3033 3627 3157 3680 ΛΔ⁸.

2225 3717 2348 3772 Οὐκ
2374 3715 2670 3787 ἀποθανῇ.

2221 3806 2340 3861 Ἵνα
2387 3806 2492 3862 κᾶν
2533 3805 2710 3872 οὕτως
2761 3808 3081 3884 ἀναπνεύσῃ
3103 3826 3117 3841 ·
3167 3808 3326 3864 τοῦτο
3358 3810 3469 3881 γὰρ
3502 3811 3738 3880 γέγονεν

2148 3901 2540 3972 ἀπενεχθέντος
2602 3903 2684 3966 είς
2749 3901 3050 3958 Βαϐυλῶνα
3104 3900 3305 3955 αὐτοῦ’
3356 3902 3452 3954 καὶ
3501 3903 3738 3973 εἰρήνης

2147 3993 2306 4064 ἔτυχε
2338 3992 2566 4063 πολλῆς,
2595 3993 2683 4048 ἴνα
2710 3994 2860 4067 μάθῃ
2875 3993 2968 4047 τοῦ
3001 3991 3136 4047 Θεοῦ
3165 3993 3265 4065 τὴν
3290 3993 3734 4064 φιλανθρωπίαν,

2147 4086 2234 4140 ἵνα
2263 4084 2646 4158 εύπαράδεκτα
2675 4085 2902 4156 γένηται
2925 4086 2993 4141 τὰ
3013 4085 3260 4158 λυπηρὰ,
3281 4085 3617 4140 κλαύσονταί
3652 4105 3731 4142 σε.

2229 4178 2290 4233 '0
2321 4179 2500 4248 λόγος
2527 4181 2561 4233 ό
2598 4181 2938 4248 γενόμενος.

2216 4269 2402 4340 Νόμος
2429 4265 2498 4342 ἦν
2525 4270 2778 4335 παλαιὸς.
2808 4271 2899 4324 τὸν
2935 4269 3187 4341 Ἐϐραῐον
3211 4269 3272 4335 ἐξ
3308 4269 3402 4341 ἔτη
3428 4269 3729 4330 δουλεύειν.

2158 4359 2444 4414 Ἐϐούλετο
2485 4360 2598 4432 γὰρ
2640 4361 2780 4432 πρὸς
2811 4361 3023 4424 πάντας
3057 4360 3381 4432 ἀνθρώπους
3415 4360 3732 4434 φιλανθρώ-

2147 4467 2282 4515 πους
2310 4446 2452 4505 εἶναι
2478 4453 2608 4514 τοὺς
2649 4451 2964 4516 Ἰουδαίους.
3013 4450 3152 4506 Ἀλλ’
3181 4452 3368 4522 ἐπειδὴ
3399 4454 3479 4523 μὴ
3509 4452 3728 4523 ήθελον,

463 4535 1019 4636 ὺυΙῑῡυερειιεοτειιι.
1057 4561 1196 4628 Quid
1227 4575 1360 4631 ergo
1399 4560 1497 4615 lit?
1526 4558 1916 4616 convenientes
1947 4556 2039 4625 ju-

2162 4541 2282 4604 ςέως
2313 4542 2510 4606 αὐτοὺς
2549 4542 2659 4596 ἀπὸ
2704 4541 2815 4596 τῶν
2860 4541 3146 4611 συγγενῶν
3171 4541 3473 4611 ἀφέλκεται
3503 4543 3606 4594 καὶ
3638 4547 3732 4596 ἑπ-

462 4657 759 4728 rejurando
788 4671 849 4711 se
888 4669 1080 4711 omnes
1115 4651 1432 4722 alligarunt,
1467 4661 1521 4706 et
1554 4660 1772 4721 pactum
1798 4651 2038 4707 inierunt

459 4769 644 4808 coram
676 4749 1074 4813 sacerdotibus,
1113 4745 1468 4816 optimatibus
1512 4744 1833 4815 caeterisque
1860 4744 2040 4800 omni-

461 4847 561 4900 hus
595 4856 809 4906 omnes,
832 4841 951 4909 ipso
985 4839 1152 4894 etiam
1204 4837 1428 4892 Sedecia
1457 4846 1743 4907 prasente,
1792 4846 1852 4891 ut
1883 4835 2038 4892 lieret

463 4937 586 5000 hoc,
653 4933 963 5002 singulique
1025 4943 1245 4986 servum
1317 4937 1373 4983 et
1395 4942 1610 4983 servam
1673 4929 2034 4986 dimitterent.

463 5024 664 5079 Deinde
713 5022 1094 5094 penituiteos
1147 5019 1300 5084 iacti,
1352 5027 1410 5075 et
1465 5017 1754 5075 voluerunt
1791 5034 1887 5076 eos
1915 5035 2038 5077 esse

458 5131 646 5173 servos
672 5125 729 5172 et
754 5115 1000 5171 ancillas.

527 5278 700 5338 Vens.
738 5278 829 5336 ιε.
877 5276 946 5334 Et
969 5277 1170 5349 factum
1199 5286 1277 5333 est
1299 5277 1508 5334 uerbum
1544 5274 1762 5332 Domini
1789 5277 1858 5332 ad
1887 5276 2034 5333 lere-

457 5372 642 5427 miam.

527 5464 689 5518 Prius
713 5462 1052 5520 debitoribus
1099 5461 1440 5528 constitutis,
1473 5459 1648 5532 legem
1684 5458 1790 5516 illis
1851 5457 1972 5525 tuli,
2003 5473 2035 5513 c

457 5555 719 5615 servitute
783 5555 1030 5625 liberavi,
1084 5555 1244 5628 idque
1308 5565 1368 5612 ut
1417 5554 1495 5611 illi
1547 5569 1762 5626 quoque
1815 5561 2037 5623 agerent

526 5735 572 5766 ²¹
607 5731 776 5792 Exod.
812 5751 924 5807 XXI,
957 5736 1011 5792 2.

2148 4631 2367 4702 ἀγεται.
2403 4633 2470 4686 Τί
2514 4628 2609 4687 οὖν
2635 4633 2880 4701 γίνεται;
2916 4632 3267 4696 συνελθόντες
3292 4633 3489 4704 ὅρκους
3516 4632 3728 4698 ἔθεντο,

2147 4723 2242 4778 καί⁹
2275 4723 2507 4786 σπονδὰς
2542 4723 2874 4794 ἐποιήσαντο
2920 4722 3015 4774 ἐπὶ
3057 4721 3166 4774 τῶν
3218 4721 3437 4792 ἱερέων,
3495 4720 3594 4773 ἐπὶ
3625 4721 3731 4773 τῶν

2143 4816 2460 4888 ἀρχόντων,
2497 4816 2592 4868 ἐπὶ
2624 4815 2734 4869 τῶν
2784 4813 2963 4870 ἄλλων
2994 4815 3255 4868 ἁπάντων
3305 4812 3555 4875 ἀπαντες
3585 4853 3602 4878 ,
3634 4810 3730 4864 τοῦ

2143 4909 2397 4963 Σεδεκίου
2421 4907 2630 4980 μεταξὺ
2661 4906 2770 4961 τῶν
2801 4906 3146 4978 γιγνομένων
3181 4907 3358 4968 ὄντος,
3384 4903 3526 4957 ὥστε
3561 4906 3731 4972 γενή-

2145 5001 2336 5056 σεσθαι
2367 5000 2560 5064 τοῦτο,
2610 4999 2708 5054 καὶ
2738 4999 2995 5063 ἕκαστον,
3030 4999 3251 5067 ἀφεῖναι
3285 4996 3376 5050 τὸν
3403 4995 3599 5049 δοῦλον
3639 4997 3728 5048 καὶ

2143 5094 2241 5166 τήν
2277 5093 2496 5166 δούλην.
2523 5090 2657 5148 Εἶτα
2695 5092 3036 5164 μετενόησαν
3066 5091 3164 5144 ἐπὶ
3197 5093 3311 5154 τοῖς
3339 5089 3724 5159 γιγνομένοις.

2143 5183 2239 5238 καὶ
2278 5185 2471 5238 εἴασαν
2495 5182 2696 5247 αὐτοὺς
2715 5180 2809 5246 ἐίς
2839 5181 3036 5245 παῖδας
3063 5180 3162 5235 καὶ
3190 5180 3511 5241 παιδίσκας.

2215 5272 2328 5328 Kal
2352 5272 2609 5342 ἐγενήθη
2655 5273 2840 5342 λόγος
2881 5271 3107 5340 Κυρίου
3141 5263 3290 5340 πρὸς
3344 5267 3656 5337 Ἰερεμίαν.

2214 5455 2440 5530 Πρῶτον
2472 5456 2759 5526 ὀφειλέτας
2797 5456 3154 5526 καταστήσας
3180 5493 3196 5520 ,
3244 5452 3416 5516 οὕτως
3465 5450 3715 5522 ἑνομοθέο

2142 5569 2284 5623 τησα
2307 5569 2320 5584 ο
2356 5551 2601 5617 δουλείας
2632 5551 2949 5624 ἀπήλλαξα,
2987 5549 3084 5603 καὶ
3107 5547 3177 5603 τά
3215 5545 3356 5601 αὐτά
3385 5548 3563 5600 ποιεῖν
3597 5541 3709 5596 ἑκάς
