3854 6400
115 333 239 391 993

1243 327 1662 385 FRAGMENTA
1700 328 1764 384 IN
1802 329 2173 390 JEREMIAM.

3297 348 3402 404 99.5

115 451 323 504 λευον⁶
385 444 581 518 μισθὸν
625 443 874 516 ἀπῄτουν
921 444 1031 498 τῶν
1059 442 1415 515 εὐεργεσιῶν.
1467 444 1560 516 Μὴ
1610 443 1720 517 γὰρ

1841 450 2055 518 irascept
2087 465 2102 505 :
2131 449 2353 522 rependi
2377 450 2510 506 mihi
2541 465 2640 523 pro
2659 451 2875 511 collatis
2899 454 3181 514 beneﬂciis
3210 475 3403 530 posce-

115 537 344 610 δωρεὰν
377 535 538 590 τοῦτο
566 533 784 606 ἔπραξα
810 552 826 602 ;
860 534 996 588 Ὅτε
1026 533 1211 597 καλῶς
1237 533 1433 589 ἔλαϐον
1459 534 1562 604 τῆς
1590 533 1716 589 δου-

116 629 284 694 λείας
309 629 410 701 τὴν
442 631 665 700 πεῖραν,
691 627 813 681 τότε
846 626 1051 691 αὐτοὺς
1093 626 1232 698 πρὸς
1263 627 1362 698 τὴν
1382 627 1580 697 ἄφεσιν
1611 625 1719 698 ὦρ-

122 736 310 790 μησα.
350 720 414 772 Τί
444 715 540 773 οὖν
573 719 720 772 είποι
741 735 829 782 τις
872 716 938 771 ἄν
959 716 1437 789 ςφιλοσοφώτεροι
1469 703 1721 772 ’Ἰουδαῖοι

120 811 317 882 ἡμῶν.
351 811 463 866 Καὶ
503 811 633 880 μετ’
667 811 845 880 ὀλίγα
871 825 886 841 ο
929 811 1080 863 Ἐκεῖ
1138 810 1238 881 μὲν
1274 810 1388 882 γὰρ
1423 810 1566 865 ἑπτὰ
1597 828 1724 865 συν-

119 909 420 978 εχώρησεν
432 904 552 976 ετη,
578 902 818 957 ἐνταῦθα
835 903 894 956 δὲ
917 902 1152 956 καθόλου
1184 903 1284 973 τὴν
1301 903 1548 958 δουλείαν
1573 904 1724 958 ἀνεῖ-

119 995 246 1051 λεν.
270 997 396 1050 Οὐκ
424 994 559 1050 ἐστι
588 993 833 1060 δοῦλος,
867 995 980 1048 οὐκ
1009 993 1184 1048 ἐστιν
1198 994 1723 1064 ἐλεύθερος.-Και

115 1088 260 1159 μετ’
299 1088 508 1158 ὀλίγας
544 1087 666 1142 Ἵνα
715 1087 791 1160 μὴ
824 1086 1241 1158 ῥᾳθυμοτέρως
1267 1085 1427 1139 τοῦτο
1457 1086 1585 1149 τοὺς
1601 1086 1723 1140 δού-

121 1185 263 1246 λους
291 1179 620 1251 ἐργάσηται,
659 1179 753 1251 Μή
795 1180 1196 1250 καταφρονεῖτε
1221 1177 1425 1244 αὐτῶν,
1454 1179 1536 1232 ὅτι
1563 1177 1724 1233 ἀδελ-

122 1270 226 1341 φοί
247 1271 390 1324 είσιν
407 1271 457 1324 οἱ
474 1269 575 1340 τῆς
608 1270 932 1340 εὐεργεσίας
957 1268 1510 1340 ἀντιλαμϐανόμενοι,
1535 1268 1721 1340 φησίν.

204 1364 324 1418 Kal
361 1365 811 1433 ὑπεστρέψατε.

203 1458 346 1529 Οὐχὶ
389 1456 492 1527 τὴν
530 1457 612 1520 είς
643 1456 893 1519 ἐκείνους
922 1453 1144 1510 ἀδικίαν
1176 1453 1381 1508 ἔκδικῶ
1425 1451 1726 1525 γενομένην

124 1548 325 1619 μόνον,
351 1547 491 1602 ἀλλὰ
513 1546 608 1601 καὶ
641 1545 743 1616 τὴν
772 1545 871 1598 τοῦ
899 1545 1071 1616 νόμου
1102 1542 1442 1615 παράϐασιν.

215 1639 233 1661 ⁸
249 1639 426 1710 Υμεῖς
453 1640 568 1694 οὐκ
595 1635 904 1707 ἡκούσατέ
928 1652 1072 1705 μου.

203 1735 285 1788 Τὸ
317 1735 430 1788 πᾶν
467 1732 606 1804 ἡμῖν
628 1730 761 1802 περὶ
786 1729 888 1799 τῆς
920 1727 1211 1791 εὐσεϐείας
1242 1725 1634 1782 κινδυνεύεται.
1663 1716 1734 1778 Τί

1823 543 1967 596 ham.
1989 540 2127 596 Num
2157 544 2304 598 enim
2341 543 2394 599 id
2427 546 2598 615 gratis
2633 547 2760 618 egi?
2792 547 2896 605 Ubi
2927 551 3211 608 servitutis
3239 535 3428 624 expc--

1823 633 2112 688 rimentum
2137 636 2306 703 probe
2330 648 2633 709 ceperunt,
2667 649 2794 696 tunc
2814 654 2908 697 eos
2935 642 3002 697 ad
3022 643 3401 702 dimissionem

1825 725 2076 781 hortatus
2106 741 2250 781 sum.
2284 726 2424 792 Quid
2453 729 2622 798 igitur
2659 731 2925 802 quispiam
2947 735 3190 791 dixerit?
3225 735 3398 794 Judaei

1824 816 2184 886 sapientiores
2248 819 2424 874 nobis.
2475 819 2545 875 Et
2586 825 2770 892 paucis
2823 826 3066 885 annexis.
3107 828 3188 884 lbi
3256 830 3402 885 enim

1826 917 2034 979 septem
2065 925 2238 966 annos
2276 912 2528 982 permisit
2557 929 2572 968 :
2635 915 2724 970 hic
2749 925 2931 972 autem
2966 921 3188 974 omnino
3219 923 3398 978 servi—

1828 1009 1997 1057 tutem
2021 1001 2200 1072 exegit
2235 1018 2250 1056 :
2289 1002 2414 1057 Non
2439 1015 2514 1058 est
2553 1021 2752 1073 servus,
2779 1024 2881 1062 non
2913 1019 2990 1063 est
3009 1009 3220 1066 iiber".
3239 1039 3310 1053 -—
3333 1013 3406 1068 Et

1825 1104 1941 1162 post
1991 1112 2182 1165 pauca.
2226 1095 2519 1166 Segniores
2553 1101 2656 1156 hoc
2706 1100 2942 1159 ediceret
2979 1121 3199 1175 servos;
3238 1108 3407 1164 nolite

1830 1199 1924 1241 eos
1948 1196 2329 1257 contemnere,
2366 1189 2562 1261 inquit,
2611 1191 2810 1248 fratres
2836 1187 2993 1249 enim
3019 1207 3167 1263 sunt,
3191 1197 3282 1267 qui
3306 1199 3406 1254 be-

1831 1277 2029 1332 neficio
2061 1279 2390 1336 ailiciuntur.

1901 1367 2068 1425 Vens.
2104 1369 2195 1426 l6.
2226 1370 2293 1426 Et
2319 1374 2511 1428 reversi
2534 1375 2680 1429 estis.

1904 1459 2025 1516 an
2062 1461 2296 1519 ulciscor
2318 1475 2548 1531 tantum,
2568 1467 2715 1536 quod
2744 1466 2929 1538 inique
2948 1485 3068 1526 cum
3099 1471 3205 1528 illis
3225 1481 3404 1530 actum

1832 1560 1939 1615 est,
1972 1553 2067 1607 sed
2097 1562 2153 1608 et
2185 1553 2318 1624 legis
2347 1557 2859 1625 transgressionem.

1909 1641 2074 1699 Vens.
2101 1643 2187 1698 l7.
2229 1643 2332 1699 Vos
2372 1662 2476 1700 non
2508 1647 2738 1702 audistis
2764 1665 2864 1704 me.

1909 1731 1985 1786 De
2013 1747 2222 1787 summa
2277 1734 2498 1805 pietatis
2550 1737 2750 1807 agitur.
2799 1738 2940 1805 Quid
2971 1739 3173 1812 igitur?
3194 1746 3406 1815 gravis,

122 1825 256 1891 οὖν,
280 1823 449 1894 φησί;
473 1797 688 1894 χαλεπὴ
705 1797 751 1892 ii]
776 1797 1040 1891 τιμωρία,
1066 1817 1300 1882 θάνατος
1322 1819 1446 1871 ἀντὶ
1464 1816 1730 1879 δουλείας,

1841 1819 2034 1890 inquit,
2061 1823 2291 1891 punitio,
2326 1839 2478 1880 mors
2502 1840 2601 1894 pro
2633 1828 2916 1895 servitute,
2935 1797 3296 1900 elucujusti’am
3331 1797 3406 1890 rei

131 1916 241 1969 καὶ
272 1914 423 1977 τίνος
455 1913 646 1966 ἕνεκεν
670 1908 850 1972 οὕτως
879 1906 1213 1979 ἁμείϐεται;
1244 1907 1396 1978 ὅρκοι
1423 1906 1736 1980 παρεϐάθη-

127 2025 263 2073 σαν,
301 2004 531 2059 σπονδαὶ
580 1999 1076 2072 κατεπατήθησαν,
1123 1999 1259 2054 αὐτὸ
1301 2000 1365 2053 τὸ
1408 2000 1552 2070 μέγα
1594 1999 1733 2055 καθ-

126 2098 376 2170 υϐρίσθη
406 2097 582 2166 ϐνομα
601 2094 700 2149 τοῦ
729 2092 894 2161 Θεοῦ,
918 2092 1064 2147 ὥστε
1090 2092 1220 2147 ὅταν
1248 2092 1366 2165 ίδῃς
1392 2093 1590 2157 αὐτοὺς
1622 2092 1734 2146 δια-

127 2189 544 2262 σπειρομίνους
565 2226 582 2254 ,
621 2189 698 2258 μὴ
737 2187 840 2258 τὴν
870 2187 954 2250 εις
998 2187 1135 2249 τοὺς
1171 2185 1398 2248 δούλους
1432 2187 1734 2257 γενομένην

127 2281 360 2336 ἀδικίαν
392 2281 658 2354 ιννοήοῃς
724 2279 912 2350 μόνον,
971 2276 1112 2331 ἀλλὰ
1161 2276 1451 2350 προστίθει
1496 2277 1593 2332 καὶ
1641 2277 1734 2331 τὸν

127 2372 474 2444 ὑϐρισμένον
500 2371 634 2425 Θεὸν
664 2369 734 2424 δι’
761 2369 1024 2438 ἐκείνων,
1048 2368 1146 2422 καὶ
1168 2367 1290 2421 οὐδὲ
1309 2369 1410 2439 τὴν
1437 2367 1594 2436 ἀξίαν
1612 2368 1734 2438 ὕψει

87 2447 94 2454 ’
127 2464 300 2533 δίκην
337 2461 737 2533 ὑπομένοντας.

221 2554 372 2610 Ἰδοὺ
416 2555 532 2624 ἐγὼ
586 2551 756 2608 καλῶ
820 2552 966 2622 ὑμῖν
1009 2551 1268 2621 ἄφεσιν,
1310 2550 1468 2621 φησι
1493 2552 1730 2621 Κύριος.

129 2641 279 2698 Εἶτα
303 2641 444 2713 μετᾶ
462 2640 695 2712 βραχέα.
712 2640 825 2695 Kal
857 2639 1030 2693 δώσω
1060 2638 1206 2705 τοὺς
1217 2640 1570 2707 ἀνθρώπους
1591 2639 1736 2704 τσὺς

131 2723 642 2806 παρεληλυθότας
669 2734 786 2802 τὴν
808 2733 1110 2799 διαθήκην
1133 2749 1277 2801 μου,
1304 2730 1448 2798 τοὺς
1472 2730 1558 2800 μὴ
1583 2727 1734 2795 στή-

130 2844 377 2894 σαντας
404 2825 550 2892 τοὺς
581 2825 806 2896 λόγους
827 2841 948 2894 μου
1000 2821 1109 2891 τῆς
1137 2822 1436 2891 διαθήκης
1462 2839 1580 2891 μου
1599 2859 1618 2884 ,
1657 2815 1736 2892 ἧς

131 2921 448 2989 ἐποίησαν
502 2917 657 2973 κατὰ
699 2916 1033 2987 πρόσωπόν
1058 2931 1182 2984 μου
1218 2914 1325 2969 τὸν
1366 2916 1630 2984 μόσχον,
1653 2913 1737 2982 γόν

130 3011 445 3080 ἐποίησαν
492 3010 581 3074 εις
619 3006 730 3062 δύο
759 3048 775 3073 ,
811 3006 911 3060 καὶ
948 3003 1214 3074 διῆλθον
1246 3004 1345 3058 διὰ
1378 3005 1577 3074 μέσου
1613 3002 1734 3059 τῶν

1835 1913 2009 1981 gratia
2037 1915 2110 1969 ita
2137 1915 2452 1984 rependitur
2474 1918 2498 1970 ?
2521 1916 2904 1988 jusjurandum
2931 1923 3215 1992 violatum,
3249 1937 3406 1996 pacta

1831 2004 2147 2060 conculcata
2183 2017 2332 2072 sunt,
2372 2009 2547 2078 ipsum
2585 2009 2679 2066 Dei
2731 2027 2985 2082 magnum
3042 2030 3238 2071 nomen
3272 2017 3406 2074 affe-

1832 2107 1977 2152 ctum
2021 2097 2242 2168 injuria.
2274 2098 2408 2154 Cum
2445 2115 2577 2171 ergo
2614 2102 2818 2158 videris
2847 2119 2941 2160 eos
2977 2106 3271 2176 dispersos,
3300 2125 3407 2165 non

1834 2197 2042 2243 tantum
2077 2189 2276 2245 iactant
2324 2192 2378 2245 in
2424 2205 2614 2248 servos
2664 2195 3008 2265 iniquitatem
3054 2199 3281 2269 cogites,
3311 2203 3409 2257 sed

1831 2279 2018 2334 addito
2046 2290 2102 2335 et
2139 2280 2310 2335 Deum
2360 2297 2459 2353 per
2490 2284 2608 2338 illos
2660 2287 2993 2342 contumelia
3036 2288 3316 2358 affectum,
3349 2303 3406 2346 et

1833 2371 2043 2427 videbis
2067 2387 2162 2428 eos
2185 2374 2335 2429 luere
2363 2389 2552 2445 ptenas
2581 2377 2718 2432 citra
2750 2379 3029 2436 meritum.

1899 2560 1917 2580 ‘
1941 2556 2109 2611 Vens.
2146 2556 2234 2612 l7.
2271 2555 2406 2613 Ecce
2429 2575 2524 2628 ego
2569 2577 2694 2614 voco
2729 2563 2874 2616 vobis
2915 2565 3296 2634 dimissionem,
3333 2573 3411 2624 ait

1832 2648 2098 2703 dominus.
2121 2647 2185 2703 Et
2221 2662 2340 2722 post
2373 2666 2564 2722 pauca.
2597 2649 2785 2723 [Vens
2807 2653 2923 2726 18.]
2944 2653 3008 2708 Et
3025 2657 3160 2711 dabo
3176 2662 3410 2716 homines

1831 2740 1918 2807 qui
1941 2744 2253 2810 transgressi
2288 2755 2406 2798 sunt
2422 2752 2793 2798 testamentum
2821 2759 3014 2810 meum,
3033 2749 3124 2816 qui
3155 2765 3261 2804 non
3287 2761 3406 2804 stas

1834 2830 2083 2886 biliernnt
2111 2850 2378 2888 sermones
2413 2837 2712 2889 testamenti
2753 2835 2852 2889 mei
2891 2837 3032 2906 quod
3073 2837 3309 2907 fecerunt
3339 2843 3410 2895 ad

1835 2923 2022 2992 facient
2057 2941 2248 2990 meam,
2302 2926 2525 2980 vitulum
2567 2942 2721 2997 quem
2779 2929 3121 2984 conciderant
3177 2933 3234 2988 in
3274 2936 3410 2988 duas

1833 3026 2030 3084 partes,
2065 3027 2111 3070 et
2133 3017 2455 3072 transierunt
2495 3033 2588 3088 per
2624 3019 2855 3075 medium
2889 3021 3210 3078 divisionum
3228 3040 3410 3079 eorum

132 3099 632 3172 διχοτομημάτων
653 3097 878 3165 αὐτῶν,
909 3096 1053 3164 τοὺς
1074 3094 1374 3166 ἄρχοντας
1387 3094 1606 3162 Ἰούδα,
1633 3094 1730 3149 καὶ

1841 3109 2094 3178 principes
2123 3107 2269 3164 Iuda
2302 3119 2350 3165 et
2381 3111 2642 3180 principes
2669 3109 2970 3168 Jerusalem
3008 3130 3030 3169 :
3061 3124 3118 3170 et
3145 3130 3268 3186 qua:
3315 3131 3406 3173 se.

133 3193 291 3259 τοὺς
314 3193 612 3262 ἄρχοντας
659 3190 1086 3259 Ἰερουσαλὴμ,
1122 3188 1216 3243 καὶ
1241 3187 1312 3241 τὰ
1343 3186 1494 3258 ἑξῆς.

214 3285 334 3355 Τῆς
389 3283 675 3355 συνθήκης
738 3281 801 3336 τὸ
853 3278 995 3346 εἶδος
1044 3281 1292 3336 τέθεικεν
1333 3283 1363 3336 6
1411 3281 1733 3352 προφήτης,

135 3376 548 3449 ἐναργέστερον
575 3374 670 3429 τὸν
707 3373 936 3448 ἔλεγχον
992 3372 1320 3444 ποιούμενος
1351 3390 1365 3404 ·
1399 3373 1600 3443 μόσχον
1625 3373 1734 3444 γὰρ

140 3469 413 3532 θύσαντες
438 3466 520 3539 τῷ
552 3466 673 3538 Θεῷ
716 3467 811 3520 καὶ
857 3465 982 3536 διχῆ
1026 3465 1340 3531 διελόντες,
1386 3464 1602 3536 διῆλθον
1645 3465 1736 3520 διὰ

140 3561 347 3631 μέσου,
379 3559 474 3614 καὶ
501 3558 1016 3630 προσκεκομικότες
1045 3555 1114 3610 τὰ
1141 3555 1574 3627 διχοτομήματα,
1602 3571 1733 3609 συν-

140 3652 340 3706 έθεντο
359 3649 660 3706 ἀπολύσειν
682 3650 828 3705 κατὰ
842 3650 935 3702 τὸν
958 3648 1124 3720 νόμον
1145 3649 1276 3711 τοὺς
1299 3647 1496 3713 παῖδας
1521 3647 1734 3702 ἐλευθέ-

143 3761 280 3818 ρους
321 3744 404 3817 τῷ
436 3742 578 3816 Θεῷ,
632 3742 1010 3815 ὑποσχόμενος
1045 3740 1208 3795 τοῦτο
1239 3742 1518 3813 ποιήσειν,
1561 3740 1636 3805 ὡς
1666 3741 1732 3812 δὴ

143 3837 526 3909 ἐξιλευόμενοι
549 3836 611 3891 τὸ
640 3836 798 3890 Θεῖον
824 3834 921 3888 ὲπὶ
943 3835 1012 3905 τῇ
1041 3832 1380 3905 προκειμένῃ
1412 3833 1573 3903 ὀργῇ.
1600 3830 1732 3886 Εἶτα

142 3933 216 3984 ὲκ
237 3929 341 4001 τῆς
359 3928 470 3983 τῶν
488 3925 952 3999 ψευδοπροφητῶν
980 3926 1182 3989 αἰτίας,
1206 3924 1282 3989 ὡς
1309 3923 1731 3996 οὐκύργιζομέ-

142 4041 244 4080 νου
268 4021 404 4077 Θεοῦ
447 4020 898 4093 μεταγράφοντες
939 4016 1350 4074 ἀνεκαλέσαντο
1377 4016 1506 4081 τοὺς
1532 4017 1734 4071 ἀπολυ-

143 4119 366 4180 θέντας.
416 4113 734 4187 Ὀργισθεὶς
761 4113 946 4167 τοίνυν
974 4113 1002 4166 6
1031 4111 1166 4174 Θεὸς
1192 4110 1284 4164 τὸν
1312 4109 1536 4180 ἔλεγχον
1562 4127 1730 4180 ποιη-

141 4212 390 4282 σάμενος
408 4247 425 4274 ,
455 4207 678 4263 ἀπειλεῖ
699 4205 886 4268 αὐτοῖς
913 4202 1012 4276 τὴν
1047 4202 1274 4257 ἅλωσιν.
1305 4201 1450 4273 Εῐπῃ
1482 4202 1528 4256 δ’
1558 4201 1624 4256 ἄν
1645 4217 1730 4264 τις

140 4301 377 4364 δικαίως
402 4341 420 4368 ,
466 4297 544 4362 ὡς
587 4298 823 4352 κάκεῖνα
863 4293 935 4349 τὰ
966 4293 1068 4366 τῆς
1113 4292 1465 4364 ἀνακλήσεως
1506 4292 1731 4364 ῥήματα

141 4397 276 4452 καθ’
305 4395 366 4449 δν
403 4392 600 4464 καιρὸν
631 4389 896 4462 ἀμείνους
928 4387 1115 4455 ἔδοξαν
1140 4384 1395 4456 γενέσθαι
1420 4424 1436 4450 ,
1458 4383 1730 4453 ὑπέσχετο

138 4491 175 4544 6
209 4486 346 4552 Θεός
365 4502 380 4517 ’
399 4485 523 4541 ὅθεν
552 4484 649 4540 καὶ
677 4486 706 4538 6
736 4482 1029 4556 προφήτης
1061 4479 1137 4544 ὡς
1164 4478 1307 4550 ὀρῶν
1332 4476 1531 4540 αὐτοὺς
1561 4492 1730 4546 μετα·
1763 4472 1804 4526 D

142 4577 546 4650 ϐεϐλημένους,
577 4575 658 4638 είς
679 4573 916 4644 ἀπορίαν
957 4571 1220 4638 κατέστη,
1260 4565 1725 4638 πολιορκουμένης

142 4666 252 4736 τῆς
297 4663 528 4727 πόλεως.
569 4660 671 4715 Διὰ
701 4659 862 4715 τοῦτο
906 4661 935 4714 6
983 4657 1118 4722 Θεὸς
1151 4656 1356 4711 πείθων
1400 4654 1586 4721 αὐτὸν,
1630 4655 1727 4708 καὶ

140 4758 250 4829 τὴν
285 4756 490 4811 ἅλωσιν
539 4757 794 4827 προεῖπε,
839 4753 935 4807 καὶ
981 4750 1180 4823 ήλεγξε
1217 4749 1319 4821 τὴν
1359 4747 1588 4819 γνώμην
1618 4747 1727 4801 τῶν

143 4839 649 4920 σχηματιζομίνων
683 4845 782 4918 τὴν
821 4845 1126 4899 εὐσέϐειαν.

220 4939 338 5010 Τήν
383 4939 540 4994 πόλιν
585 4937 742 4992 οὐδὲν
786 4936 978 5007 ἕτερον
1026 4933 1284 5005 ἐποίησεν
1330 4932 1390 4986 ὲν
1440 4930 1731 5003 πολιορκίᾳ

143 5030 333 5101 εἶναι,
359 5031 479 5086 ἀλλ’
511 5031 546 5102 ἢ
580 5029 642 5084 τὸ
688 5029 766 5101 μὴ
795 5031 980 5100 μεῖναι
1027 5027 1129 5091 τὰς
1169 5024 1462 5097 συνθήκας,
1507 5023 1603 5077 καὶ
1630 5021 1731 5087 τὰς

144 5125 294 5198 πρὸς
327 5123 455 5189 τοὺς
491 5122 810 5195 Βαρϐἀρους
863 5121 944 5194 τῷ
989 5119 1215 5192 Σεδεκίᾳ
1240 5117 1635 5190 γεγενημένας.
1665 5116 1732 5170 Τί

141 5219 362 5274 τούτων
399 5217 598 5287 γένοιτ’
642 5216 710 5272 ἂν
757 5215 1248 5287 ἀναισθητότερονς
1303 5213 1588 5288 Ἐπιορκία
1630 5213 1731 5286 τὴν

143 5309 310 5368 πόλιν
329 5302 466 5376 εἷλε,
491 5309 590 5364 καλ⁸
613 5307 778 5365 πάλιν
804 5308 866 5363 τὸ
886 5308 1020 5364 αὐτὸ
1045 5307 1260 5380 νόσημα
1283 5307 1517 5377 γίνεται,
1539 5324 1732 5378 μονον-

144 5399 278 5472 ουχὶ
341 5398 784 5470 φιλονεικοῦντες
812 5398 892 5469 τῷ
934 5397 1054 5469 Θεῷ
1091 5397 1266 5451 ταῦτα
1303 5397 1546 5453 ἐποίουν.
1574 5397 1734 5451 Ὅσοι

143 5491 428 5565 κέχρησθε
440 5495 554 5556 τοῖς
577 5493 782 5564 ὅρκοις,
807 5492 900 5545 καὶ
916 5509 991 5544 πα
1000 5490 1288 5564 ραϐαίνετε
1306 5489 1551 5558 τούτους,
1569 5491 1732 5563 ὁρᾶτε

142 5586 254 5650 τὰς
285 5584 581 5657 τιμωρίας.

226 5766 276 5799 ⁸⁸
311 5761 488 5822 Galat.
521 5777 605 5831 ιιι,
636 5760 724 5818 18.
802 5761 849 5796 ’⁸
888 5759 1060 5817 Exod.
1091 5771 1206 5825 xxI,
1239 5755 1296 5814 2.

1835 3208 2100 3267 quuntur.

1909 3291 2154 3347 Fmderis
2180 3290 2408 3347 formam
2451 3293 3078 3365 proposuit,propheta,
3118 3297 3408 3355 clariorem

1836 3377 2077 3434 inferens
2118 3379 2555 3449 redargutionem
2592 3396 2609 3435 :
2663 3398 2788 3437 cum
2833 3385 2977 3438 enim
3014 3386 3243 3441 vitulum
3297 3388 3411 3444 Deo

1835 3471 2268 3537 sacriﬁcassent,
2331 3481 2383 3528 et
2441 3473 2495 3527 in
2565 3473 2702 3529 duas
2751 3485 2935 3544 partes
2995 3477 3408 3548 dissecuissent,

1837 3563 2174 3618 transierunt
2196 3578 2291 3634 per
2321 3563 2580 3630 medium.
2640 3574 2695 3621 et
2725 3566 2974 3624 adductis
2998 3571 3248 3639 partibus
3271 3573 3410 3628 divi-

1834 3655 1934 3720 sis,
1967 3665 2128 3725 pacto
2172 3666 2549 3712 convenerunt
2572 3673 2632 3714 se
2663 3673 2767 3729 pro
2809 3659 2922 3716 Deo
2949 3660 3200 3720 libertate
3235 3667 3408 3722 dona-

1837 3756 1987 3803 turos
2038 3757 2197 3818 prout
2219 3748 2303 3804 lex
2343 3748 2570 3818 iubebat
2593 3751 2662 3820 ³⁸,
2703 3767 2938 3810 servos:
2996 3756 3318 3825 pollicentes
3350 3776 3410 3817 se

1834 3839 1885 3894 id
1914 3840 2287 3909 prmstituros,
2320 3851 2379 3897 ut
2435 3843 2606 3898 Deum
2657 3859 2756 3915 pro
2790 3845 2868 3900 ira
2905 3849 3179 3917 proposita
3214 3853 3411 3907 redde-

1837 3941 1957 3987 rent
1986 3933 2303 4003 propitium.
2345 3934 2610 4004 Deinceps
2655 3937 3409 4009 pseudoprophetarumcau-

1833 4039 1915 4090 sa,
1950 4040 2016 4081 ac
2042 4027 2087 4081 si
2116 4025 2260 4082 Deus
2286 4041 2394 4081 non
2437 4016 2791 4096 irasceretur,
2831 4032 3198 4090 manumissos
3233 4037 3411 4104 poeni-

1835 4117 2005 4172 tentia
2036 4119 2182 4174 ducti
2217 4129 2564 4186 revocarunt,
2598 4119 2652 4175 in
2677 4123 3019 4180 servitutem.
3049 4123 3225 4181 Iratus
3247 4127 3413 4197 igitur

1834 4207 1976 4265 Deus
2008 4209 2113 4265 illis
2143 4211 2409 4266 convictis
2433 4213 2800 4268 comminatur
2834 4215 3216 4282 perditionem.
3241 4218 3412 4275 Porro

1833 4301 1959 4367 quia
2012 4301 2194 4356 dicere
2240 4303 2365 4370 quis
2412 4291 2565 4370 juste
2595 4303 2884 4372 potuisset,
2917 4305 3005 4360 illa
3043 4308 3411 4364 revocatiouis

1833 4393 1996 4447 verba
2026 4392 2210 4448 habita
2250 4402 2379 4448 tunc
2437 4395 2720 4462 temporis,
2771 4410 2893 4451 cum
2939 4397 3124 4453 animo
3158 4399 3412 4456 meliores

1836 4483 2180 4551 videbantur,
2210 4493 2262 4539 et
2317 4483 2484 4539 Deum
2513 4485 2853 4553 promisisse,
2885 4487 3114 4556 ideoque
3143 4490 3408 4559 propheta

1835 4575 1887 4629 in
1948 4573 2114 4628 animi
2183 4574 2375 4629 incidit
2429 4574 2842 4645 perplexitatem
2893 4578 3118 4634 obsessa
3166 4579 3409 4647 civitate,

1835 4682 1956 4722 cum
1988 4666 2106 4722 illos
2137 4667 2347 4722 videret
2383 4667 2717 4725 immutatos.
2746 4669 3044 4739 Propterea
3093 4669 3236 4726 Deus
3261 4672 3410 4726 illum

1811 4755 2066 4810 «reddens
2104 4769 2445 4825 persuasum,
2474 4764 2528 4810 et
2549 4756 2819 4812 excidium
2865 4759 3137 4828 prmdixit,
3173 4769 3226 4815 et
3262 4775 3414 4815 men-

1839 4853 1945 4898 tem
1983 4843 2354 4899 manifestavit
2381 4860 2570 4900 eorum
2606 4846 2699 4916 qui
2733 4846 2989 4917 pietatem
3017 4849 3373 4906 simulabant.

1907 4933 2054 4991 Nihil
2107 4934 2253 4990 aliud
2307 4937 2460 4992 urbis
2514 4936 2822 4993 obsidendas
2854 4952 3019 4994 causa
3074 4937 3198 5007 fuit,
3248 4957 3411 5011 quant

1837 5027 2145 5099 pactionum
2174 5028 2400 5084 violatio
2432 5029 2647 5085 illarum
2677 5030 2841 5086 etiam
2881 5046 3016 5101 quas
3048 5048 3168 5086 cum
3207 5032 3413 5089 Barba-

1838 5122 1914 5175 ris
1942 5118 2199 5176 Sedecias
2229 5121 2564 5178 coniecerat.
2608 5120 2747 5189 Quid
2777 5122 2865 5178 his
2899 5122 3015 5178 ﬁeri
3047 5125 3218 5192 possit
3243 5125 3413 5180 insul-

1838 5212 1997 5268 sius?
2055 5212 2364 5286 Perjurium
2415 5217 2562 5286 cepit
2611 5216 2846 5284 urbem;
2909 5227 2966 5272 et
2999 5218 3139 5274 idem
3195 5220 3414 5274 morbus

1839 5303 2037 5360 iterum
2068 5315 2352 5376 grassatur
2382 5325 2396 5362 :
2422 5315 2634 5361 tantum
2675 5324 2782 5363 non
2813 5317 3122 5379 pugnantes
3153 5324 3273 5364 cum
3303 5308 3416 5364 Deo

1840 5396 2032 5466 isthsec
2078 5399 2334 5469 agebant.
2387 5397 2491 5466 Qui
2535 5397 2851 5469 juramenta
2903 5399 3195 5472 adhibetis,
3241 5416 3414 5473 eaque

1841 5489 2309 5561 transgredimini,
2343 5490 2657 5561 punitiones
2676 5492 3041 5549 considerate.
