3810 6386
460 335 567 394 995

1054 455 1210 512 CAP.
1250 455 1470 511 XXXV.

541 596 562 616 '
592 593 760 649 Vens.
789 593 844 648 ι.
868 589 1047 656 Quam
1086 591 1362 646 introduxi
1394 591 1449 646 in
1470 591 1686 644 domum
1718 590 1958 657 Domini,
1989 593 2046 645 in

460 687 858 757 pastophorium
898 684 1134 752 filiorum
1167 683 1400 739 Annam.
1447 681 1565 738 Hoc
1589 692 1674 738 est
1697 684 1753 738 in
1785 682 2044 738 exedram

463 779 799 848 assignatam
839 777 1074 830 Annam.
1119 774 1243 845 Ipse
1284 786 1460 832 autern
1489 787 1605 832 erat
1653 793 1815 846 prope
1831 777 2046 832 domum

459 871 755 940 principum
798 885 963 936 super
1002 869 1411 936 pastophorium
1447 868 1659 924 Maasei
1691 869 1799 938 ﬁlii
1823 867 2046 924 Salmon

460 963 802 1018 custodientis
861 963 1080 1017 atrium.
1133 961 1418 1030 Hebraeus,
1463 961 1828 1019 Custodientis
1881 963 2044 1018 uesti-

461 1066 676 1111 mentum
721 1056 1023 1112 ministerii.

533 1237 702 1292 Vens.
753 1236 808 1292 5.
841 1235 914 1290 Et
940 1237 1062 1290 dedi
1095 1253 1272 1291 coram
1295 1239 1394 1295 eis.

537 1325 684 1382 Sane
707 1326 1071 1381 admiratione
1100 1327 1319 1397 dignum
1343 1330 1615 1399 quomodo
1655 1331 1710 1386 in
1747 1331 1842 1387 tali
1868 1346 2044 1402 popu-

464 1416 520 1472 lo
542 1417 711 1471 vitam
744 1417 1008 1472 ducentes
1055 1418 1330 1474 excellens
1368 1421 1494 1476 vitae
1551 1421 1860 1478 institutum
1891 1431 2044 1478 tene-

459 1511 614 1563 bant.
633 1506 838 1563 Levitte
859 1507 1078 1576 quidam
1103 1520 1296 1566 erant:
1320 1511 1372 1564 hi
1398 1512 1564 1566 multa
1595 1513 2046 1569 viderantexem-

461 1598 571 1668 pla,
607 1596 915 1662 Nazaraaos,
947 1599 1140 1664 Eliam,
1172 1608 1228 1654 et
1283 1599 1560 1668 Eliszeum,
1580 1613 1635 1658 et
1657 1604 1779 1660 illos
1798 1605 2041 1661 aemulati

460 1699 610 1746 sunt.
635 1691 820 1758 Vides,
857 1693 903 1744 si
945 1691 1185 1746 animum
1226 1696 1510 1750 attendere
1547 1695 1772 1762 vellent,
1804 1713 1911 1753 non
1943 1699 2042 1754 de-

460 1783 632 1838 fuisse
667 1786 916 1854 exetnpla
941 1786 964 1838 ‘l
1007 1785 1115 1838 Sed
1143 1796 1199 1842 et
1221 1787 1277 1841 hi
1305 1788 1506 1857 captivi
1535 1789 1684 1844 ducti
1714 1797 1842 1844 sunt
1870 1807 1886 1857 ;
1916 1799 2040 1846 nam

1209 337 1784 396 SUPPLEMENTUM
1821 337 1914 394 AD
1955 337 2014 394 S.
2053 336 2105 392 Ι.
2149 333 2640 392 CIIRYSOSTOMI
2681 333 2934 391 OPERA.

2073 462 2120 516 Δ

3649 329 3740 384 9ῧῦ

2793 451 2953 503 ΚΕΦ.
2989 448 3112 502 Λευ.

2218 595 2236 614 ‘
2271 594 2386 648 Ἦν
2417 589 2748 661 είσήγαγον
2796 591 2884 654 είς
2926 588 3043 642 τὸν
3066 582 3240 642 οἷκον
3269 583 3534 654 Κυρίου,
3558 585 3649 650 είς
3687 585 3742 637 τὸ

2146 685 2558 753 παστοφόριον
2589 680 2742 736 υίῶν
2779 679 3019 736 Ἄννάν.
3042 679 3358 742 Τουτὲστιν,
3393 679 3480 741 είς
3517 676 3624 748 τὴν
3667 677 3744 741 ἑξ-

2147 777 2311 848 έδραν
2369 775 2468 844 τὴν
2516 771 3013 843 ἀπονενεμημένην
3043 769 3124 839 τῷ
3185 770 3402 825 Ἀννάν.
3445 767 3653 832 Αὐτὸς
3688 768 3746 819 δὲ

2144 869 2318 924 ἐστιν
2364 868 2546 936 ἐγγυς
2608 867 2785 920 οἴκου
2837 861 2959 918 τῶν
3013 865 3326 934 ἀρχόντων
3376 861 3594 916 ἐπάνω
3650 861 3745 913 τεῦ

2144 960 2564 1030 παστοφορίου
2594 957 2918 1013 Μαασαίου
2945 957 3094 1012 υἱοῦ
3132 954 3398 1026 Σαλμὼν
3418 992 3436 1017 ,
3493 952 3611 1005 τοῦ
3645 969 3744 1019 gnr-

2143 1054 2495 1118 λάσσοντος
2510 1053 2620 1105 τὸν
2635 1049 2930 1120 σταθμόν.
2945 1050 3006 1103 '0
3045 1048 3328 1119 Ἐὁραῖος,
3365 1045 3480 1100 τοῦ
3505 1043 3740 1114 φυλάσ-

2145 1160 2369 1211 σοντος
2391 1142 2505 1212 τὴν
2531 1140 2765 1210 ἐσθῆτα
2792 1139 2902 1209 τῆς
2937 1139 3337 1210 λειτουργίας.

2220 1238 2330 1292 Καὶ
2363 1236 2557 1291 ἔδωκα
2583 1234 2735 1290 κατὰ
2772 1235 3101 1304 πρόσωπον
3129 1231 3354 1286 αὐτῶν.

2218 1329 2403 1396 Ἀξιον
2435 1326 2758 1397 θαυμάσαι,
2785 1325 2908 1388 πῶς
2936 1325 2996 1376 ὲν
3033 1321 3263 1392 τοιούτῳ
3300 1321 3469 1392 δήμῳ
3511 1319 3733 1384 ζῶντες,

2142 1421 2244 1492 τὴν
2266 1421 2445 1492 ἄκραν
2472 1420 2726 1492 ἤσκησαν
2744 1415 3090 1488 φιλοσοφίαν.
3111 1415 3338 1469 Λευῖται
3371 1429 3529 1476 τινες
3556 1407 3694 1483 ἦσαν
3719 1430 3730 1442 ο

2143 1507 2291 1568 οὗτοι
2323 1509 2466 1566 εἶδον
2495 1512 2670 1566 πολλά
2713 1508 3097 1579 ὑποδείγματα
3118 1547 3136 1573 ,
3181 1509 3310 1571 τοὺς
3337 1505 3732 1576 Ναζαραίους,

2142 1606 2268 1670 τοὺς
2301 1607 2430 1676 ’περὶ⁹
2474 1603 2665 1657 Ἠλίαν
2693 1603 2790 1656 καὶ
2832 1600 3163 1666 Ἐλισσαῖον,
3193 1600 3516 1668 ἐζήλωσαν.
3557 1597 3734 1669 Ὁρᾷς,

2141 1699 2226 1752 ὃτι
2282 1700 2334 1752 ei
2382 1696 2673 1750 ἐϐούλοντο
2723 1695 3041 1766 προσέχειν,
3099 1691 3246 1764 εἶχον
3301 1691 3733 1760 ύποδείγματας

2156 1789 2318 1842 Ἃ).λά
2350 1789 2446 1843 καὶ
2470 1784 2616 1843 οὗτοι
2642 1789 2937 1857 γεγόνασιν
2965 1786 3312 1856 αἰχμάλωτοι
3337 1802 3352 1815 °
3390 1785 3445 1837 ει
3481 1783 3601 1856 γὰρ
3653 1783 3737 1834 ἰε-

457 1878 502 1933 si
540 1876 829 1943 Jeremias,
862 1885 917 1931 et
953 1877 1228 1944 Ezechiel,
1253 1887 1309 1933 et
1332 1879 1541 1945 Daniel,
1578 1880 1750 1936 multo
1789 1882 1962 1954 magis
1985 1896 2024 1938 el

2212 1881 2362 1953 μίας,
2385 1880 2484 1935 καὶ
2515 1878 2796 1951 Ἰεζεκιὴλ,
2822 1879 2919 1932 καὶ
2945 1877 3168 1948 Δανιὴλ,
3197 1875 3382 1946 πολλῷ
3411 1874 3633 1946 μᾶλλον
3655 1877 3739 1926 καὶ

456 1968 559 2038 ipsi
597 1985 610 2022 :
643 1967 828 2039 probis
858 1967 1058 2039 quippe
1104 1971 1494 2040 generosisque
1527 1973 1664 2028 viris
1681 1973 1814 2029 nihil
1844 1974 2038 2032 borum

456 2059 763 2115 molestiam
807 2059 1011 2125 attulit,
1055 2059 1165 2115 imo
1185 2075 1282 2116 eos
1317 2061 1718 2132 splendidiores
1752 2065 2036 2131 reddebat,

453 2150 589 2204 etin
627 2150 889 2205 erumnis
923 2149 1238 2218 maximam,
1281 2151 1335 2207 id
1368 2165 1454 2207 est
1496 2154 1777 2209 solatium.
1807 2154 1877 2209 Et
1904 2173 2041 2226 pau-

454 2243 532 2297 cis
567 2243 881 2313 interjectis.
907 2242 974 2298 Et
1005 2243 1311 2299 introduxit
1331 2244 1452 2301 illos
1471 2247 1524 2301 in
1552 2247 1772 2302 domum
1801 2249 2035 2315 Domini,

455 2342 593 2386 utet
627 2333 729 2386 loci
763 2345 820 2387 et
872 2332 977 2387 viri
1008 2334 1336 2390 auctoritate
1381 2336 1732 2392 ﬂecterentur
1764 2354 1781 2393 :
1816 2345 1874 2392 at
1903 2337 2038 2394 nihil

452 2438 548 2478 eos
595 2423 832 2490 seduxit,
861 2424 932 2477 ita
981 2433 1041 2478 ut
1075 2425 1256 2481 nullus
1305 2428 1532 2483 omnino
1562 2428 1771 2485 Judzeis
1802 2445 2038 2487 excusa-

456 2515 808 2586 lionislucus
828 2515 1050 2572 relictus
1095 2517 1190 2573 sit.
1223 2517 1292 2571 Et
1325 2529 1442 2587 post
1493 2535 1687 2589 pauca.
1738 2521 2035 2577 Considera

450 2621 542 2662 res
571 2606 901 2675 aposwlicas
928 2609 1320 2678 praaliguratas.
2001 2629 2003 2632 ‘

507 2723 677 2780 Vens.
720 2723 773 2779 ϐ.
811 2724 880 2778 Et
911 2727 1158 2780 dixerunt
1186 2742 1206 2781 :
1240 2727 1363 2782 Non
1399 2729 1634 2786 bibemus
1659 2731 1838 2785 vinum
1859 2746 1878 2784 :
1907 2732 2035 2801 quia

447 2815 694 2870 Jonadab
728 2818 873 2885 ﬁlius
931 2817 1139 2872 Rechab
1182 2828 1337 2888 pater
1367 2830 1544 2876 noster
1564 2823 1836 2876 mandavit
1861 2823 2030 2876 nobis.

450 2908 574 2963 Non
595 2909 777 2962 bibetis
819 2911 1000 2964 vinum
1041 2927 1151 2976 vos,
1185 2924 1236 2966 et
1262 2912 1537 2980 ﬁliiuestri
1577 2931 1742 2984 usque
1767 2915 1826 2970 in
1867 2931 2034 2970 σαι-ιι-

448 3000 581 3054 lum.
614 3001 679 3054 Et
710 3016 830 3070 quae
854 3011 1178 3070 sequuntur.

520 3091 587 3145 lii
616 3092 687 3148 ab
716 3091 962 3148 Jonadab
994 3095 1099 3149 orti
1153 3103 1312 3150 erant
1336 3097 1404 3164 ¹⁸;
1441 3096 1536 3166 qui
1565 3113 1592 3152 a
1628 3097 1744 3153 zelo
1794 3115 1894 3170 pro
1924 3102 2032 3158 Deo

2139 1969 2308 2028 οὗτοι.
2339 1971 2480 2035 Τοὺς
2514 1974 2626 2043 γὰρ
2649 1971 2889 2040 ἀγαθοὺς
2919 1970 3016 2024 καὶ
3036 1969 3322 2039 γενναίους
3343 1966 3564 2039 ἄνδρας
3594 1966 3739 2018 οὐδὲν

2139 2063 2347 2119 τούτων
2391 2063 2586 2118 ἐλύπει
2611 2103 2628 2129 ,
2664 2063 2804 2118 ἀλλὰ
2851 2063 2948 2116 καὶ
2975 2061 3270 2133 λαμπροὺς
3298 2059 3488 2113 ἐποίει
3510 2097 3530 2124 ,
3565 2061 3665 2111 καὶ
3690 2060 3740 2111 ὲν

2137 2156 2354 2221 ὀδύναις
2381 2155 2708 2228 παραμυθία
2727 2155 2790 2209 τὸ
2811 2153 3049 2225 πρᾶγμά
3077 2156 3218 2208 εστι.
3246 2151 3357 2205 Kal
3373 2151 3515 2220 μετ’
3545 2151 3737 2218 ὀλίγα·

2139 2250 2252 2304 Καὶ
2285 2249 2496 2320 ἢγαγεν
2525 2248 2728 2312 αὐτοὺς
2773 2248 2857 2311 είς
2885 2243 3040 2302 οἷκον
3073 2245 3284 2318 Κυρίου
3311 2284 3327 2309 ,
3378 2245 3476 2298 ἵνα
3509 2244 3614 2298 καὶ
3643 2244 3741 2295 ἀπὸ

2137 2339 2234 2394 τοῦ
2259 2341 2451 2405 τόπου,
2492 2341 2589 2394 καὶ⁵
2617 2339 2730 2393 ἀπὸ
2763 2338 2858 2393 τοῦ
2885 2339 3081 2410 ἀνδρὸς
3107 2336 3526 2409 δυσωπηθῶσιν
3553 2352 3572 2370 ο
3610 2336 3742 2390 ἀλλὰ

2137 2429 2292 2484 οὐδὲν
2331 2429 2532 2495 αὐτοὺς
2563 2430 2874 2496 ὲδελέασεν,
2929 2428 3074 2483 ὥστε
3127 2429 3400 2484 πάντοθεν
3457 2427 3740 2499 ἀνῄρηται

2137 2523 2249 2582 τοῖς
2290 2521 2568 2586 Ἰουδαίοις
2601 2521 2895 2590 ἀπολογία.
2931 2521 3045 2575 Καὶ
3075 2537 3188 2591 μετ
3225 2521 3407 2592 ὀλίγα
3433 2537 3451 2554 ’
3488 2522 3648 2591 Ὅρα
3676 2523 3735 2572 τὰ

2136 2611 2476 2668 ἀποστολικά
2505 2614 2898 2686 προειληφότα.

2206 2724 2318 2780 Kal
2349 2724 2558 2780 εἷπονο
2601 2728 2685 2779 Οὺ
2713 2725 2800 2795 μὴ
2823 2727 3050 2791 πίωμεν
3073 2721 3275 2790 οἶνον,
3312 2725 3406 2778 ὅτι
3444 2723 3744 2778 Ἰωναδάσ

2134 2816 2267 2884 υίὸς
2310 2818 2512 2887 Ῥιχάσ
2538 2819 2573 2872 ὁ
2599 2817 2798 2886 πατὴρ
2847 2816 3021 2887 ἡμῶν
3057 2819 3403 2872 ἐνετείλατο
3439 2815 3628 2885 ἡμῖν.
3661 2819 3740 2869 οὐ

2128 2910 2217 2979 μὴ
2247 2910 2427 2978 πίητε
2461 2906 2632 2964 οἶνον
2669 2909 2871 2978 ὑμεῖς,
2902 2911 3004 2964 καὶ
3036 2914 3091 2964 ol
3123 2909 3245 2964 vlol
3271 2909 3451 2980 ὑμῶν
3489 2910 3612 2976 ἕως
3637 2909 3738 2962 τοῦ

2134 2995 2378 3064 αἰῶνος,
2409 2998 2506 3050 καὶ
2533 2997 2603 3049 τὰ
2629 2995 2778 3067 ἑξῆς.
3008 3013 3013 3019 '

2217 3090 2503 3158 Ἀπόγονοι
2529 3085 2673 3160 ἦσαν
2705 3082 2852 3144 οὗτοι
2881 3088 2978 3142 τοῦ
3012 3087 3275 3142 ἰωναδὰδ
3295 3128 3312 3154 ,
3346 3086 3413 3152 ὃς
3439 3087 3649 3159 ἡσθεὶς
3667 3087 3737 3156 τῷ

445 3193 778 3249 exaestuans,
815 3185 866 3239 in
897 3200 1186 3240 occursum
1239 3188 1391 3243 venit
1426 3189 1564 3258 regi.
1601 3191 1651 3244 Is
1699 3190 1866 3261 igitur
1895 3193 2023 3248 olim

2204 3181 2273 3251 πὲρ
2303 3181 2398 3234 τοῦ
2421 3180 2562 3233 Θεοῦ
2599 3179 2770 3253 ζήλῳ,
2799 3182 2880 3245 είς
2907 3179 3218 3251 ἀπάντησιν
3236 3175 3343 3250 ἧκε
3371 3179 3457 3250 τῷ
3494 3179 3732 3248 βασιλεῖ.

447 3276 668 3332 intuens
695 3277 835 3345 regis
855 3277 1045 3332 Achab
1081 3277 1452 3347 iniquitatem,
1480 3281 1772 3352 sciensque
1790 3287 2024 3356 prophe-

447 3379 624 3422 tarum
662 3383 947 3424 sermones
973 3383 1096 3424 esse
1129 3383 1313 3435 veros,
1343 3379 1399 3425 et
1434 3371 1808 3427 indubitanter
1836 3389 2027 3443 exspe-

441 3470 599 3515 ctans
644 3459 881 3523 civitatis
933 3461 1228 3528 excidium,
1265 3472 1323 3518 et
1373 3461 1587 3518 urbium
1640 3464 1876 3531 ruinam,
1909 3467 2026 3523 haec

446 3555 733 3608 mandarat
760 3554 886 3609 liliis
921 3555 1056 3620 suis,
1089 3565 1149 3609 ut
1190 3555 1388 3612 nedum
1418 3555 1522 3626 ipsi
1554 3571 1616 3612 ea
1643 3559 2023 3628 observarent,

442 3661 632 3699 verum
657 3655 714 3700 et
735 3662 867 3703 suos
891 3657 1175 3704 monerent
1197 3659 1444 3718 posteros
1469 3650 1536 3705 de
1561 3651 1836 3708 servando
1871 3667 2025 3706 man-

442 3738 570 3791 dato
603 3739 818 3793 eodem.
869 3739 1214 3810 Quapropter
1268 3741 1322 3794 hi
1369 3741 1436 3795 ad
1479 3741 1625 3797 hunc
1665 3756 1837 3813 usque
1881 3743 2022 3800 diem

445 3828 810 3899 progenitoris
841 3839 1170 3901 praeceptum
1199 3845 1424 3888 servare
1449 3832 1724 3889 videntur.

513 4011 680 4067 Vens.
705 4011 757 4065 8.
806 4010 944 4076 Nos,
971 4022 1020 4066 et
1054 4029 1243 4069 uxores
1274 4023 1489 4070 nostra.

515 4100 724 4158 Deinde
778 4118 846 4157 ne
897 4104 1020 4173 quis
1059 4104 1308 4162 diceret:
1345 4105 1628 4173 Quomodo
1661 4110 1830 4182 igitur
1878 4129 2022 4168 nunc

448 4193 726 4248 civitatem
759 4195 988 4264 ingressi
1018 4195 1176 4258 estis,
1232 4197 1531 4268 domosque
1558 4199 1854 4257 habitatis?
1881 4204 2022 4258 irru-

450 4284 650 4354 ptionis
675 4284 802 4340 belli
833 4301 1050 4340 causam
1087 4287 1382 4354 adducunt,
1435 4305 1662 4347 summa:
1691 4293 1894 4365 quippe
1919 4294 2018 4351 de-

441 4377 660 4432 mentia:
687 4386 859 4444 esset,
891 4387 1086 4449 sponte
1115 4395 1174 4434 se
1199 4380 1443 4437 hostibus
1469 4384 1705 4440 tradere.

506 4490 674 4547 Vsus.
712 4491 801 4546 15.
831 4489 957 4547 Non
993 4493 1261 4563 accipietis
1278 4492 1645 4562 disciplinam.

508 4581 630 4640 Filii
662 4581 912 4639 Ionadab
933 4584 1246 4639 mandatum
1277 4585 1377 4639 viri
1411 4585 2015 4652 mortuiobservaruut,

436 4690 535 4730 vos
574 4686 755 4730 autem
807 4690 950 4740 mea,
1007 4691 1092 4731 me
1127 4670 1557 4748 cbnlempsistis.
1602 4677 1778 4733 Vultis
1812 4690 2016 4748 quanto

433 4766 681 4823 faciliora
712 4768 1064 4838 prmeeperim
1094 4783 1256 4824 nosse
1297 4769 1321 4823 ’Ξ
1353 4785 1453 4840 ego
1505 4771 1722 4841 quidem
1761 4770 2014 4826 mandavi

438 4873 702 4928 perquam
759 4858 942 4914 facilia
973 4869 1030 4911 et
1074 4861 1407 4926 necessaria,
1439 4862 1543 4917 hoc
1572 4871 1656 4916 est
1685 4869 1744 4914 ut
1770 4861 2012 4917 abstine-

434 4949 565 5002 retis
586 4963 616 5002 a
648 4950 890 5013 nequitia
920 4959 976 5004 et
1035 4950 1231 5017 idolis;
1268 4951 1358 5006 ille
1399 4967 1527 5008 vero
1555 4952 1796 5008 maxime
1817 4956 2009 5007 ardua.

435 5041 500 5094 Et
539 5040 629 5095 ille
656 5043 876 5112 quidem
915 5045 1052 5098 dixit
1097 5055 1151 5099 et
1191 5045 1464 5110 excessit;
1490 5058 1590 5109 ego
1637 5051 1816 5098 autem
1856 5045 2010 5102 vobis

431 5135 672 5202 quotidie
699 5135 1007 5200 insusurro,
1044 5152 1145 5192 nec
1168 5137 1464 5208 quidquam
1497 5135 1744 5208 perficio.

501 5314 667 5372 Vens.
696 5317 782 5372 16.
820 5318 884 5373 Et
909 5321 1273 5375 stabiliverant
1292 5320 1394 5390 [ilii
1419 5319 1689 5374 Ionadab.

503 5409 613 5464 Nec
673 5410 809 5466 dicit
852 5414 1048 5482 quale;
1085 5415 1180 5471 sed
1237 5415 1428 5471 nolens
1480 5428 1576 5469 eos
1647 5411 2009 5468 vehementer

428 5500 739 5573 nhjurgare,
763 5504 886 5559 vide
911 5515 966 5559 ut
983 5521 1042 5562 se
1066 5509 1130 5561 ad
1156 5507 1334 5578 populi
1355 5521 1577 5563 sensum
1603 5508 2004 5571 accommodet,

2141 3273 2381 3336 Ἐκεῖνος
2409 3272 2590 3326 τοίνυν
2607 3273 2778 3326 πάλαι
2809 3273 2908 3344 την
2933 3271 3138 3343 ’Δχαάσ
3167 3273 3540 3344 παρανομίαν
3573 3273 3731 3342 ὀρῶν.

2128 3365 2228 3418 καὶ
2270 3364 2430 3430 εἰδὼς
2456 3365 2637 3437 ἀληθῆ
2684 3367 2753 3422 τά
2783 3367 2938 3438 παρά
2971 3367 3084 3420 τῶν
3116 3366 3422 3438 προφητῶν
3457 3367 3698 3438 ῥήματα
3720 3407 3732 3428 ,

2128 3459 2224 3513 καὶ
2250 3459 2456 3530 σφόδρα
2487 3460 2808 3531 προσδοκῶν
2834 3460 3039 3515 ἅλωσιν
3066 3462 3167 3531 τῆς
3191 3461 3403 3532 χώρας,
3433 3463 3542 3514 καὶ
3567 3477 3732 3513 κατι-

2129 3554 2370 3626 στροςρὴν
2417 3554 2526 3607 τῶν
2567 3552 2782 3606 πόλεων
2808 3593 2822 3620 ,
2863 3555 2979 3616 τοῖς
3016 3553 3186 3606 αὐτοῦ
3227 3555 3367 3616 υἱοῖς
3421 3552 3733 3605 ἐνετείλατο

2124 3644 2322 3709 ταῦτα,
2356 3646 2456 3716 οὐχ
2485 3645 2627 3698 ὥστε
2663 3646 2825 3716 μόνον
2860 3645 3122 3715 φυλάξαι,
3161 3645 3280 3699 ἀλλ’
3315 3643 3470 3696 ὥστε
3502 3645 3610 3697 καὶ
3634 3647 3731 3705 τοὶς

2125 3737 2347 3801 οίκείοις
2377 3739 2622 3806 ἐγγόνοις
2665 3738 3004 3810 παραδοῦναι
3035 3737 3098 3791 τὸ
3125 3735 3542 3809 παράγγελμα.
3563 3738 3731 3789 Ἐκεῖ-

2126 3826 2218 3880 θεν
2237 3827 2522 3895 φαίνονται
2540 3822 2690 3882 οὗτοι
2716 3830 2880 3898 μέχρι
2907 3827 3004 3881 τοῦ
3033 3827 3132 3883 νῦν
3159 3827 3517 3896 φυλάξαντες
3548 3829 3619 3880 τὸ
3645 3826 3728 3878 τοῦ

2125 3920 2473 3991 προπάτορος
2501 3921 2860 3992 πρόσταγμα.

2207 4009 2408 4081 Ἡμεῖς
2429 4012 2529 4066 καί
2561 4014 2620 4066 αἱ
2652 4012 2938 4083 γυναῖκες
2974 4011 3165 4081 ἡμῶν.

2195 4100 2329 4158 Εἶτα
2361 4105 2449 4158 ἵνα
2483 4105 2560 4176 μὴ
2584 4105 2722 4177 λέγῃ
2745 4123 2830 4168 τις
2859 4120 2874 4134 ο
2914 4104 3040 4167 Πῶς
3073 4101 3167 4157 οὖν
3197 4104 3296 4174 τὴν
3339 4103 3516 4157 πόλιν
3548 4122 3727 4159 κατει-

2122 4197 2332 4269 λήφατε
2366 4197 2484 4264 νῦν,
2523 4199 2620 4252 καὶ
2649 4198 2833 4263 οἰκίας
2871 4202 3098 4266 οίκεῖτε;
3125 4201 3218 4253 ἐπὶ
3245 4199 3310 4252 τὸ
3341 4201 3726 4270 στρατόπεδον

2123 4291 2538 4360 καταφεύγουσι
2557 4309 2572 4322 ·
2613 4291 2772 4344 τοῦτο
2805 4293 2916 4363 γὰρ
2946 4293 3186 4363 ἐσχάτης
3217 4292 3444 4357 ἀνοίας,
3494 4293 3724 4353 ἑκόντας

2125 4381 2353 4445 ἑαυτοὺς
2380 4381 2634 4436 ἐκδοῦναι
2662 4385 2779 4447 τοῖς
2810 4382 3112 4452 πολεμίοις.

2189 4489 2272 4542 οὐ
2297 4488 2383 4558 μὴ
2417 4489 2642 4558 λάϐητε
2673 4491 2974 4550 παιδείαν.

2195 4581 2259 4634 Οἱ
2292 4581 2401 4635 υἱοὶ
2429 4582 2690 4636 Ἰωναδάὁ
2718 4583 3010 4654 ἀνθρώπου
3049 4585 3382 4649 ἀπελθόντος
3412 4589 3722 4660 ἐστήσαντο

2121 4671 2363 4744 ἐντολὴν,
2383 4672 2542 4745 ὑμεῖς
2558 4673 2614 4727 δὲ
2633 4673 2912 4746 παρέϐητε
2933 4675 3035 4740 τὰς
3057 4677 3220 4748 ἐμὰς,
3239 4678 3328 4730 τὸν
3347 4680 3717 4746 ἐπιτάξαντα.

2122 4761 2393 4816 Βούλεσθε
2449 4763 2579 4818 ἰδεῖν
2614 4764 2724 4818 τῶν
2768 4767 3166 4838 ἐπιταγμάτων
3199 4768 3261 4820 τὸ
3303 4770 3564 4840 ρᾷστον;
3619 4771 3721 4839 ἐγὼ

2123 4855 2222 4926 μὲν
2268 4855 2510 4921 ὲπέταξα
2545 4855 2746 4913 εὔκολα
2769 4899 2785 4925 ,
2823 4861 2917 4913 καὶ
2948 4861 3228 4929 ἀναγκαῖα
3277 4862 3522 4933 σφόδρα,
3582 4865 3721 4919 ὥστε

2119 4948 2386 5018 πονηρίας
2431 4949 2738 5021 ἀπέχεσθαι
2770 4951 2868 5003 καὶ
2910 4951 3183 5006 εἰδώλων⁸
3217 4953 3430 5017 ἐκεῖνος
3459 4955 3532 5008 δὲ
3585 4957 3718 5008 πολὺ

2119 5038 2374 5097 δύσκολα.
2421 5042 2563 5096 Ἀλλ’
2594 5043 2800 5110 ἐκεῖνος
2829 5045 2930 5117 μὲν
2961 5041 3106 5109 εἷπε,
3134 5047 3232 5098 καὶ
3259 5046 3522 5116 ἀπῆλθεν
3559 5065 3576 5078 ο
3616 5049 3720 5115 ἐγὼ

2117 5135 2172 5189 δὲ
2201 5139 2330 5208 ύμῖν
2365 5138 2489 5192 καθ’
2523 5139 2764 5212 ἑκάστην
2797 5141 2979 5214 ἑνηχῶ
3004 5141 3102 5213 τὴν
3140 5142 3378 5213 ἡμέραν,
3428 5144 3536 5198 καὶ
3569 5147 3718 5198 οὐδὲν

2117 5231 2324 5298 γίνεται
2351 5232 2534 5289 πλέον.

2186 5325 2293 5378 Καὶ
2334 5326 2611 5395 ἔστησαν
2638 5327 2758 5382 vlol
2807 5327 3101 5384 Ἰωναδάϐ.

2184 5417 2296 5469 Καὶ
2326 5415 2389 5469 ού
2419 5416 2570 5485 λέγει
2613 5418 2806 5473 ποίαν·
2850 5419 2988 5473 ἀλλὰ
3021 5421 3099 5492 μὴ
3141 5419 3477 5494 βουλόμενος
3527 5426 3717 5489 αὐτοῖς

2117 5507 2384 5578 φορτικὴν
2425 5509 2652 5580 ποιῆσαι
2691 5511 2795 5581 τὴν
2844 5513 3211 5584 κατηγορίαν,
3265 5517 3368 5588 ὅρα
3421 5518 3552 5583 πῶς
3599 5522 3713 5574 ἐστι

427 5593 561 5648 nihil
593 5595 876 5663 tyrannica
906 5599 1042 5668 agit,
1081 5599 1354 5670 quomodo
1385 5613 1602 5657 omnem
1652 5597 1760 5656 illis
1791 5598 2002 5654 veniam

2204 5600 2428 5668 ιοτικὸς,
2455 5601 2607 5659 οὐδὲν
2639 5601 2771 5676 παρ’
2798 5603 2948 5676 αύτῷ
2966 5609 3320 5679 τυραννικὸνο
3349 5609 3472 5676 πῶς
3507 5613 3712 5668 πάντο-

516 5777 562 5809 ⁸¹
600 5775 668 5834 IV
700 5777 835 5848 lleg.
869 5796 922 5847 Χ,
959 5779 1046 5836 i5.
