3810 6426
71 349 190 406 997

1185 343 1604 402 FRAGMENTA
1646 348 1712 404 IN
1749 342 2116 403 JEREMIAM.

3234 341 3338 396 998

72 461 178 516 θεν
230 459 426 524 αὐτοὺς
475 460 796 529 ἀφαιρεῖται
845 457 1220 530 συγγνώμης,
1268 461 1466 531 λέγων’
1510 465 1564 516 '0
1595 462 1663 517 δὲ

1812 461 2034 522 :clndat,
2071 459 2257 513 dicens
2292 475 2305 511 :
2354 457 2590 527 Populus
2619 466 2792 513 autent
2838 455 2926 510 llic
2971 471 3050 510 me
3105 472 3209 511 non
3242 475 3339 510 au-

75 549 242 616 λαὸς
266 545 447 615 οὗτος
474 551 586 605 οὐκ
616 548 851 618 ἢκουσέ
874 567 1003 618 μου,

157 645 262 696 Διὰ
289 641 488 706 τοῦτο,
515 641 706 706 οὕτως
735 641 866 694 εἷπε
896 642 1134 709 Κύριος.

160 732 302 796 Τοὺς
334 730 390 784 δὲ
431 730 584 793 υίοὺς
626 728 880 784 Ἰωναδὰὸ
913 731 1182 803 ἱερωσύνῃ
1225 732 1469 802 διηνεκεῖ
1497 735 1658 804 τιμᾷ,

1765 553 1908 604 divit.

1840 637 2001 691 Vens.
2031 637 2123 690 17.
2154 633 2441 703 Propterea
2464 636 2539 690 sic
2565 636 2704 690 dixit
2735 635 3010 690 Dominus.

1837 729 2008 784 Filios
2050 728 2298 784 Jonadab
2341 738 2603 798 perpetuo
2627 728 2934 783 sacerdotio
2957 728 3185 782 honorat
3217 742 3338 782 cum

73 824 284 893 λέγων’
311 824 394 878 Οὐ
412 821 502 892 μὴ
544 822 798 890 ἐκλείπῃ
833 821 990 889 ἀνὴρ
1035 822 1153 876 τῶν
1176 823 1322 878 υἱῶν
1378 823 1668 879 Ἰωναδὰϐ

1812 820 1937 873 icit:
1977 815 2103 873 Non
2134 818 2338 887 deﬁciet
2367 818 2446 871 uir
2476 818 2714 887 ﬁliorum
2751 817 2998 872 Jonadab
3039 829 3184 874 stans
3219 835 3344 874 ante

73 914 482 984 παρεστηκὼς
512 914 840 984 πρόσωπόν
863 931 982 983 μου
1012 915 1218 982 πάσας
1258 916 1367 981 τὰς
1413 915 1664 986 ἡμέρας.

1767 910 1958 980 faciem
1988 925 2159 965 meam
2201 910 2443 965 omnibus
2490 911 2698 965 diebus.
2747 908 2926 971 Nolite
2967 911 3117 968 enim
3151 923 3344 982 putare

74 1011 180 1081 Μὴ
212 1010 323 1081 γὰρ
353 1008 610 1079 νομίσητε
654 1005 975 1061 διαπίπτειν
1001 1005 1103 1078 τὴν
1137 1007 1392 1077 εὐλογίαν
1434 1007 1532 1064 τοῦ
1559 1025 1668 1064 m-

1812 1002 1942 1058 atris
1964 1001 2405 1059 benedictionem
2435 1001 2648 1055 irritam
2682 1015 2824 1059 esse.

73 1104 238 1173 τμπ.

665 1233 1096 1303 ΚΕΦΑΛ.Λςκ

155 1375 266 1427 Kal
299 1373 637 1427 ἐνετείλατο
680 1371 988 1442 Ἱερεμίας.

159 1465 305 1532 Ὅρα
336 1461 474 1516 Θεοῦ
500 1461 779 1532 πρόνοιαν.
817 1463 1050 1516 Ἐκεῖνοι
1082 1463 1182 1533 μὲν
1214 1462 1306 1515 τὸν
1338 1461 1522 1535 ἰατρὸν
1547 1460 1671 1532 ἕδη-

80 1570 210 1616 σαν,
237 1553 266 1604 ὁ
303 1552 359 1605 δὲ
401 1551 535 1615 Θεὸς
563 1552 655 1605 καὶ
684 1551 857 1615 οὕτως
898 1552 1114 1616 δεικνὺς
1141 1551 1307 1606 αὑτοῦ
1343 1551 1443 1624 τὴν
1484 1553 1672 1622 φιλαν-

82 1642 364 1713 Θρωπίαν,
409 1643 510 1695 οὐκ
548 1643 804 1709 ἐξέϐαλεν
854 1642 1039 1708 αὑτὸν,
1090 1643 1206 1696 ἀλλ’
1259 1642 1442 1697 εἴασεν
1491 1645 1549 1696 ὲν
1595 1640 1674 1712 τῷ

81 1734 481 1806 δεσμωτηρίῳ,
517 1734 714 1788 ἴνατὸν
738 1733 942 1787 τούτων
974 1735 1146 1805 θυμὸν
1178 1735 1671 1806 παραμυθήσηται,

2347 1227 2502 1285 CAP.
2541 1228 2786 1284 XXXVI.

1844 1368 2010 1424 Vens.
2043 1368 2096 1423 5.
2133 1365 2203 1420 Et
2234 1366 2481 1436 prwcepit
2510 1365 2796 1421 Jeremias.

1797 1471 1800 1474 ‘
1845 1458 2058 1530 Inspice
2087 1458 2180 1512 Dei
2229 1458 2649 1529 providentiam.
2682 1457 2763 1512 Illi
2809 1459 3030 1529 quidem
3077 1457 3348 1513 medicum

1777 1551 2094 1622 alligarunt,
2124 1551 2268 1606 Deus
2303 1560 2486 1606 autem
2512 1549 2595 1606 vel
2623 1549 2704 1605 sic
2719 1563 2872 1606 suam
2890 1549 3146 1619 pietatem
3165 1559 3352 1605 osten-

1779 1644 1913 1698 dens
1947 1659 2050 1697 non
2075 1657 2200 1697 eum
2236 1642 2508 1706 liberavit,
2543 1641 2640 1696 sed
2683 1642 2903 1712 reliquit
2935 1642 2988 1696 in
3021 1656 3263 1708 carcere,
3293 1653 3353 1696 nt

1778 1748 1967 1790 eorum
1998 1734 2136 1787 iram
2179 1734 2428 1800 sedaret,
2456 1748 2558 1788 nec
2586 1733 3038 1788 coutentiosiores
3091 1731 3350 1797 ediceret,

82 1827 187 1880 καὶ
231 1826 307 1898 μὴ
336 1827 805 1896 φιλονεικοτέρους
831 1825 1138 1896 ἐργάσηται
1165 1867 1180 1894 ,
1212 1829 1270 1880 οὐ
1309 1827 1418 1898 μὴν
1444 1825 1546 1898 τῆς
1583 1825 1674 1880 θε-

1815 1839 1953 1895 eqne
1985 1834 2164 1880 tamen
2191 1840 2285 1880 eos
2310 1825 2578 1880 medicina
2609 1824 2865 1894 privavit,
2899 1825 2998 1882 sed
3030 1841 3124 1895 per
3140 1825 3342 1895 scripta

87 1919 328 1988 ραπείας
354 1916 558 1979 αὐτοὺς
581 1915 977 1986 ἀπεστέρησεν,
1010 1916 1146 1970 ἀλλὰ
1181 1921 1327 1970 ποιεῖ
1357 1917 1448 1970 διὰ
1487 1933 1677 1989 γραμ-

86 2012 285 2080 μάτων
327 2010 526 2072 αὑτοὺς
573 2008 996 2078 ἀναμνησθῆναι
1029 2010 1091 2062 τὸ
1119 2011 1248 2076 πᾶν,
1283 2011 1378 2064 καὶ
1409 2011 1468 2063 ὲν
1498 2008 1678 2080 καιρῷ

83 2103 371 2171 νηστείας.

164 2194 276 2248 Καὶ
304 2194 558 2262 ἐγενήθη
597 2193 669 2246 ἐν
695 2190 776 2257 τῷ
801 2191 1028 2258 ἔτει-τῷ
1057 2193 1266 2261 ὀγδόῳ.

162 2286 323 2348 Τίνος
358 2284 415 2336 δὲ
443 2285 630 2337 ἕνεκεν
663 2286 722 2336 ὲν
780 2284 955 2356 καιρῷ
987 2285 1276 2355 νηστείας;
1322 2285 1408 2338 ἵνα
1448 2285 1542 2338 καὶ
1589 2285 1680 2338 τὸν

85 2379 288 2449 καιρὸν
352 2377 453 2450 ἔχῃ
504 2377 963 2446 συμπράττοντα,
1012 2377 1108 2430 καὶ
1166 2379 1368 2439 πάντες
1427 2376 1680 2448 παρῶσιν

84 2471 407 2535 ἀκούοντες.
443 2473 622 2525 Λυπεῖ
649 2470 747 2534 τὰς
768 2471 921 2539 ὄψεις
945 2471 1043 2535 τὰς
1071 2471 1344 2541 ὑμετέρας
1375 2471 1408 2540 ἡ
1437 2470 1561 2540 ὄψις
1583 2469 1680 2522 τοῦ

88 2563 380 2632 προφήτου
411 2561 736 2631 φαινομένη.
782 2559 911 2612 Ἰδοὺ
938 2559 1008 2612 δι’
1061 2561 1251 2631 ἐτέρου
1293 2559 1523 2622 σκεύους
1551 2559 1681 2630 ὑμῖν

85 2656 154 2707 τὸ
194 2657 484 2725 φάρμακον
525 2653 872 2722 παραδίδωμι
904 2649 1256 2723 [ἐπιτίθησι].

167 2748 279 2801 Kal
313 2745 569 2816 ἐγενήθη
610 2746 1132 2814 ἀναγινώσκοντος
1183 2743 1422 2798 Ἰουδίν.

168 2839 359 2894 Ταῦτα
403 2837 646 2900 ἀκούσας
678 2838 707 2890 ὁ
751 2837 1027 2907 βασιλεὺς,
1067 2836 1164 2888 καὶ
1200 2835 1444 2897 ἀκούσας
1471 2838 1541 2888 τὰ
1585 2835 1676 2888 8o-

89 2933 312 3004 νάμενα
364 2931 461 2984 καὶ
496 2929 643 2983 λίθον
690 2929 947 3000 μαλάξαι,
994 2925 1261 2997 συνέκοψε
1315 2928 1376 2980 τὸ
1431 2927 1636 2998 βιόλίον
1664 2944 1678 2959 ο

90 3023 294 3092 ὥσπερ
325 3023 390 3075 ἂν
416 3021 471 3074 εἴ
496 3039 583 3083 τις
609 3021 703 3074 τὸν
737 3020 918 3090 ἰατρὸν
947 3021 1044 3090 οὐχ
1072 3017 1271 3090 εὑρὼν,
1300 3019 1362 3072 τὸ
1389 3020 1684 3091 φάρμακον

90 3115 303 3180 λαῦὼν,
329 3116 410 3177 είς
439 3114 501 3168 τὸ
537 3113 650 3181 πῦρ
687 3112 928 3185 ἔρριψεν.
954 3110 1109 3175 Εἶδες
1150 3111 1348 3182 μανίαν
1372 3112 1466 3165 καὶ
1493 3112 1684 3183 ἀγριό-

1780 1917 1910 1973 facit
1967 1927 2024 1971 ut
2078 1916 2187 1972 illis
2229 1917 2410 1970 omnia
2465 1918 2516 1970 in
2553 1917 2880 1972 memoriam
2931 1917 3347 1981 reducerentur,

1780 2010 1942 2079 idque
1966 2007 2162 2079 jejunii
2206 2017 2474 2080 tempore.

1849 2191 2016 2249 Vens.
2040 2193 2093 2248 9.
2139 2191 2204 2246 Et
2240 2194 2436 2263 factum
2465 2204 2540 2247 est
2569 2194 2623 2247 in
2655 2211 2794 2248 anno
2822 2203 3028 2252 octavo.

1851 2285 1964 2340 Cur
2012 2294 2194 2340 autem
2233 2295 2475 2354 tempore
2499 2283 2728 2356 jejunii?
2758 2295 2902 2344 utet
2936 2297 3144 2358 tempus
3193 2289 3359 2344 liabe-

1782 2385 1866 2431 ret
1894 2377 2383 2442 accommodatum,
2421 2391 2720 2448 omnesque
2769 2379 3024 2435 adessent
3054 2380 3360 2436 audientes.

1786 2467 2048 2537 Displicet
2080 2469 2237 2524 vobis
2272 2478 2526 2539 aspectus
2553 2471 2865 2539 prophetae?
2892 2470 2972 2526 En
3001 2487 3098 2543 per
3129 2475 3359 2530 alterum

1783 2573 1877 2612 vas
1904 2560 2257 2627 pharmacum
2283 2558 2437 2614 vobis
2465 2559 2707 2631 porrigo.

1853 2738 2018 2795 Vens.
2055 2741 2146 2796 25.
2185 2742 2253 2796 Et
2285 2746 2484 2812 factum
2521 2752 2598 2797 est
2629 2743 2827 2814 legente
2850 2743 3043 2799 Judin.

1856 2830 1983 2887 Haec
2020 2848 2142 2889 cum
2175 2834 2418 2888 audisset
2445 2849 2561 2900 rex,
2598 2848 2719 2902 qua:
2760 2843 2988 2904 possent
3039 2835 3285 2891 emollire
3310 2847 3367 2892 et

1787 2924 2011 2994 lapides,
2048 2927 2316 2981 conscidit
2339 2925 2574 2993 librum;
2603 2927 2826 2995 perinde
2855 2941 2921 2981 ac
2941 2927 2987 2982 si
3008 2928 3130 2998 quis
3155 2929 3370 2984 medico

1791 3029 1896 3067 non
1935 3016 2175 3081 invento,
2225 3024 2501 3086 arreptum
2532 3017 2885 3086 pharmacum
2918 3017 2971 3072 in
3012 3019 3188 3089 ignem
3233 3037 3370 3076 con--

1783 3105 1996 3175 jiceret.
2036 3105 2268 3160 Vidistin
2308 3106 2548 3162 furorem
2589 3117 2647 3162 et
2677 3107 2992 3164 feritatem?
3018 3110 3132 3166 Non
3159 3123 3368 3167 tantum

89 3177 298 3276 τηταξ
321 3207 432 3276 Οὐχ
471 3177 659 3269 ἁπλιῖίς
695 3177 910 3274 ἔκοψεν,
955 3205 1071 3258 ἀλλ’
1107 3177 1186 3267 είς
1215 3204 1277 3257 τὸ
1324 3204 1436 3274 πῦρ
1471 3177 1677 3276 ῥίπτειο

1812 3199 1972 3266 cidit,
2003 3201 2096 3253 sed
2131 3201 2183 3253 in
2218 3200 2398 3271 ignem
2440 3199 2676 3270 conjecit
2711 3217 2726 3256 :
2763 3217 2957 3272 magna
3003 3203 3105 3258 fuit
3132 3206 3373 3261 circum-

96 3301 277 3371 πολλὴ
320 3300 430 3353 τῶν
463 3299 888 3370 παρεστηκότων
924 3297 1143 3350 νωθεία.
1199 3296 1684 3364 Ὴναντιώθησαν

91 3394 161 3448 δέ
190 3408 358 3456 τινες,
396 3391 551 3461 φησί.
608 3389 716 3443 Kal
761 3389 889 3457 μετ’
945 3389 1142 3455 ὀλίγα·
1181 3388 1327 3457 Ὅρα
1363 3387 1687 3459 δαιμονικὴν

98 3485 310 3556 μανίαν
334 3503 350 3517 ο
373 3486 493 3555 οὐχὶ
525 3483 663 3555 πρὸς
684 3481 774 3535 τὸν
807 3482 1118 3553 προφήτην,
1161 3480 1296 3534 ἀλλὰ
1325 3483 1420 3534 καὶ
1451 3482 1590 3550 πρὸς
1619 3483 1689 3536 τὰ

96 3578 334 3647 ῥήματα
362 3574 557 3638 ταῦτα,
591 3573 686 3626 καὶ
722 3571 862 3643 πρὸς
885 3573 956 3624 τὰ
998 3572 1302 3642 πράγματα
1333 3569 1688 3642 [γράμματα]

95 3663 363 3734 ἀπεχθῶς
397 3659 565 3734 εἶχεν.

178 3757 195 3774 ¹
226 3753 339 3808 Καὶ
378 3754 722 3807 ἐνετείλατο
755 3754 789 3805 ὁ
813 3749 1114 3816 βασιλεὺς
1142 3751 1222 3816 τῷ
1265 3750 1556 3820 Ἰερεμιὴλ
1586 3751 1695 3816 υἱῷ

97 3849 219 3905 τοῦ
244 3848 556 3914 ,βασιλέως
578 3845 920 3902 συλλαϐεῖν
951 3845 1060 3897 τὸν
1093 3842 1336 3912 Βαροὺχ
1371 3845 1482 3896 τὸν
1509 3859 1694 3912 γραμ-

92 3941 319 4014 ματέα,
341 3941 630 4012 (τουτέστι,
653 3941 745 3993 τὸν
778 3937 1112 4009 ὀξυγράφον)
1142 3936 1369 3990 καὶτὸν
1407 3937 1698 4005 Ἰερεμίαν

99 4035 222 4090 τὸν
243 4033 586 4102 προφήτην,
619 4032 719 4085 καὶ
749 4031 1212 4098 κατεκρύϐησαν
1241 4029 1358 4082 ὑπὸ
1382 4027 1624 4097 Κυρίου.

186 4128 298 4179 Καὶ
331 4125 420 4177 τὸν
435 4124 694 4194 ἀνωτέρω
727 4123 895 4192 λέγει,
931 4122 1014 4174 ὃτι
1048 4119 1142 4174 τοῦ
1185 4120 1323 4174 Θεοῦ
1354 4118 1698 4191 προστάξαν-

101 4236 205 4282 τος
227 4216 433 4288 γράψαι
469 4215 717 4278 ἅπαντας
756 4217 881 4276 τοὺς
924 4215 1136 4284 λόγους,
1161 4213 1256 4277 οὓς
1289 4214 1426 4285 πρὸς
1450 4213 1543 4266 τὸν
1574 4212 1700 4266 λαὸν

103 4315 222 4384 ἔφη
282 4312 390 4366 ἀπὸ
433 4310 544 4364 τῶν
599 4307 694 4361 τοῦ
740 4308 946 4360 Ἰωσίου
997 4307 1208 4378 καιρῶν
1244 4307 1403 4377 μέχρι
1434 4305 1698 4375 τετάρτου

104 4407 276 4468 ἔτους
304 4409 402 4477 τῆς
438 4390 715 4474 βασιλείας
757 4402 1036 4470 Ἰωακεὶμ,
1069 4403 1127 4453 ὲν
1151 4393 1196 4467 ᾧ
1221 4399 1396 4451 ταῦτα
1436 4397 1697 4468 ἔγραψεν,

105 4502 200 4554 ὃτι
231 4497 730 4568 μεταπεμψάμενος
753 4494 846 4547 τὸν
871 4493 1087 4565 Βαροὺχ
1122 4491 1245 4561 ἔφη’

191 4595 212 4615 ¹
251 4591 400 4660 Ἐγὼ
428 4589 845 4659 φυλάσσομαι,
880 4585 979 4638 καὶ
1008 4586 1080 4638 οὺ
1111 4582 1370 4651 δύναμαι
1398 4580 1701 4636 εἰσελθεῖν

108 4689 209 4751 εις
248 4681 418 4738 οἷκον
454 4681 699 4749 Κυρίου,
753 4678 852 4732 καὶ
899 4676 1230 4743 εὶσελεύσῃ
1271 4672 1376 4737 σὺ,
1420 4673 1516 4725 καὶ
1559 4673 1704 4725 ἀνα-

112 4778 326 4851 γνώσῃ
348 4777 420 4830 ἐν
451 4774 524 4844 τῇ
570 4771 845 4842 κεφαλίδι
889 4771 1098 4838 ταύτῃ,
1136 4769 1205 4821 ἐν
1235 4762 1283 4835 ᾧ
1336 4767 1606 4836 ἔγραψας
1637 4766 1706 4819 ἐκ

111 4872 421 4939 στόματός
443 4885 563 4937 μου
585 4865 728 4931 τοὺς
754 4865 983 4933 λόγους
1009 4862 1228 4930 Κυρίου
1256 4864 1342 4925 εἰς
1370 4861 1440 4913 τὰ
1455 4855 1574 4913 ὦτα
1597 4858 1705 4912 τοῦ

60 4960 62 4962 ’
110 4964 278 5020 λαοῦ
304 4964 365 5016 ἐν
401 4963 589 5032 ἡμέρᾳ
611 4959 914 5027 νηστείας.

193 5058 258 5110 Ei
289 5056 470 5110 τοίνυν
501 5055 851 5124 ἐφυλάττετο,
887 5048 1006 5112 πῶς
1038 5046 1284 5118 ἐκρῦ6η;
1313 5045 1550 5117 Εὔδηλον
1590 5049 1706 5104 τοί-

112 5167 241 5214 νυν,
272 5149 348 5212 ὼς
397 5147 490 5200 ἐπὶ
537 5145 632 5200 τοῦ
680 5143 994 5198 Ἐλισσαίου
1029 5140 1263 5210 ἀορασίᾳ
1293 5140 1616 5212 ἐπλήγησαν
1655 5143 1706 5195 οἱ

115 5241 376 5303 ἐλθόντες
409 5239 572 5292 αὑτὸν
605 5239 903 5308 κατασχεῖν
930 5234 1040 5288 τῶν
1069 5232 1282 5303 Σύρων.
1305 5231 1479 5287 Τοῦτο
1511 5234 1706 5304 γέγονε
1747 5251 1750 5256 ·

116 5335 222 5390 καὶ
247 5335 342 5388 νῦν
368 5333 464 5386 τοῦ
491 5329 626 5386 Θεοῦ
657 5331 886 5400 ἀφανεῖς
913 5327 1114 5391 αὐτοὺς
1149 5325 1293 5379 κατά
1323 5343 1446 5380 τινα
1470 5326 1704 5398 ἀόρατον

115 5428 352 5496 δύναμιν
382 5421 780 5491 πεποιηκότος,
827 5419 903 5482 ὡς
947 5419 1174 5472 ἐστᾶνοιι
1218 5416 1316 5487 μὲν
1364 5417 1564 5482 αὐτοὺς
1598 5418 1706 5490 πρὸ

119 5519 366 5582 πάντων,
398 5515 473 5587 μὴ
503 5513 789 5583 φαίνεσθαι
813 5511 890 5564 δέ.

196 5795 244 5829 ³⁸
286 5791 485 5850 Jerem.
514 5807 702 5856 xxxvr,
735 5791 788 5853 5,
823 5787 876 5843 6.
951 5787 995 5818 "
1035 5786 1104 5842 IV
1140 5788 1272 5860 Reg.
1309 5803 1383 5856 vr,
1417 5788 1502 5844 18.

433 5886 720 5959 ,Ριτιιοικ
765 5886 882 5948 GR.
925 5882 1146 5946 LXIV.

1789 3291 2048 3346 stantium
2076 3291 2353 3346 vecordia.
2384 3291 2615 3358 Quidam
2640 3306 2769 3347 vero
2802 3294 2878 3347 ait
2900 3310 2954 3348 se
2981 3311 3374 3364 apparuere.—

1792 3383 1860 3438 El
1881 3385 2066 3452 paucis
2094 3385 2402 3455 interjeclis.
2427 3385 2724 3441 Considera
2757 3389 3056 3442 satanicnm
3090 3388 3371 3452 furorem;

1794 3488 1901 3529 non
1944 3483 2153 3528 tantum
2187 3478 2484 3545 prophetae,
2521 3491 2709 3532 verum
2741 3486 2792 3532 et
2830 3478 3118 3533 verborum
3146 3488 3202 3534 et
3240 3482 3377 3535 scri-

1795 3575 1968 3634 ptura:
1997 3566 2120 3620 odio
2147 3564 2431 3637 ﬂagrabat.

1869 3756 1886 3772 '
1917 3750 2081 3809 Vens.
2113 3751 2205 3807 26.
2245 3751 2313 3806 Et
2350 3755 2623 3809 mandavit
2656 3771 2749 3810 rex
2786 3753 3039 3812 Ieremia!
3067 3759 3182 3828 ﬁlio
3215 3759 3372 3829 regis.

1800 3856 1856 3898 ut
1888 3846 2344 3913 comprehenderet
2393 3843 2605 3899 Baruclt
2645 3847 2872 3902 scribam
2909 3850 3054 3921 (hoc
3100 3861 3178 3904 est
3225 3850 3378 3905 velo-

1800 3939 1941 3992 citer
1970 3937 2349 4008 scribentem),
2387 3949 2438 3992 et
2470 3938 2762 3994 Jeremiam
2789 3942 3116 4011 prophetam,
3141 3951 3188 3995 et
3212 3945 3385 3996 occul-

1800 4031 1902 4083 tati
1931 4039 2053 4084 sunt
2077 4047 2107 4083 a
2141 4029 2389 4088 Domino.
2483 4029 2486 4031 Α

1879 4120 1945 4174 Ει
1973 4131 2152 4176 tamen
2181 4123 2435 4193 superius
2479 4123 2715 4194 dixerat,
2746 4139 2869 4181 cum
2906 4126 3045 4180 Deus
3077 4125 3151 4181 illi
3181 4142 3382 4196 praece—

1804 4212 1971 4282 pisset
2000 4223 2059 4268 ut
2089 4213 2355 4268 scriberet
2398 4228 2593 4270 omnes
2627 4229 2911 4270 sermones
2959 4231 3095 4285 quos
3123 4219 3186 4269 ad
3215 4233 3383 4287 popu-

1805 4307 1913 4360 lum
1967 4306 2232 4364 habuerat
2285 4320 2315 4358 a
2361 4307 2552 4362 diebus
2607 4305 2771 4362 Josiaa
2809 4323 2982 4377 usque
3031 4308 3098 4361 ad
3130 4319 3381 4377 quartum

1804 4413 2001 4452 annum
2051 4399 2200 4469 regni
2254 4397 2526 4465 Joacbim,
2559 4413 2666 4468 quo
2698 4400 2812 4454 haec
2857 4401 3153 4467 scribebat,
3207 4403 3382 4455 accito

1733 4531 1777 4584 Β
1806 4490 2048 4584 Barncli:

1875 4581 2021 4653 ‘Ego
2061 4582 2355 4648 custodior,
2389 4593 2436 4638 et
2469 4601 2572 4638 non
2604 4599 2817 4640 nassum
2847 4583 3050 4654 ingredi
3092 4584 3144 4638 in
3174 4585 3382 4638 domum

1804 4675 2039 4733 Domini;
2074 4676 2138 4732 Et
2171 4679 2481 4748 ingredieris
2515 4689 2595 4743 tu.
2626 4689 2676 4733 ει
2725 4678 2832 4748 lege
2862 4680 2915 4732 in
2959 4677 3220 4732 volumine
3261 4683 3380 4732 ista.

1804 4769 1858 4823 in
1886 4787 1988 4834 quo
2018 4771 2276 4840 scripsisti
2309 4787 2328 4827 .'
2357 4788 2421 4825 ea;
2455 4789 2544 4826 ore
2580 4789 2692 4826 meo
2725 4773 2880 4826 verba
2919 4769 3130 4824 Domini
3159 4773 3212 4824 in
3240 4777 3383 4823 auit-

1808 4862 1923 4931 bus,
1957 4865 2010 4917 in
2037 4864 2122 4918 die
2148 4864 2350 4933 jejunii
2372 4865 2450 4921 .¹⁸.

1880 5053 1938 5108 Si
1970 5051 2134 5124 igitur
2161 5052 2590 5126 custodiebatur,
2620 5048 2895 5120 quomodo
2922 5046 3231 5106 occultatus
3264 5045 3388 5102 est?

1810 5143 1949 5201 Ilinc
1986 5144 2330 5200 manifestum
2380 5145 2520 5210 erit;
2572 5143 3026 5214 quemadmodum
3071 5140 3216 5194 enim
3248 5148 3386 5196 tem-

1810 5253 1942 5308 pore
1970 5238 2148 5294 Elisaai
2171 5239 2238 5304 "',
2265 5237 2387 5307 Syri
2416 5237 2508 5306 qui
2547 5236 2614 5290 ad
2656 5250 2780 5290 eum
2813 5231 3386 5302 comprehendendum

1812 5340 2179 5394 accesserant,
2241 5331 2486 5386 caecitate
2541 5326 2784 5398 percussi
2835 5333 2983 5389 sunt,
3031 5323 3110 5378 sic
3151 5330 3207 5392 et
3247 5339 3390 5378 nunc

1813 5421 2015 5478 factum
2071 5432 2183 5488 est,
2252 5439 2374 5477 cum
2430 5421 2552 5476 illos
2591 5420 2734 5475 Deus
2784 5418 2834 5472 vi
2885 5416 3116 5485 quadam
3171 5415 3381 5470 occulta

1816 5515 2214 5582 abscondisset,
2249 5515 2319 5569 ita
2352 5523 2406 5568 ut
2438 5514 2473 5568 ii
2504 5527 2611 5570 non
2646 5512 2978 5593 viderentur,
3011 5507 3137 5564 licet
3154 5520 3390 5578 praesen-

1816 5616 1895 5662 ιεε
1925 5617 2127 5663 essent.
