3810 6542
194 327 344 383 ίοθι

1300 325 1719 382 FRAGMENTA
1759 323 1824 378 ιΝ
1861 325 2226 383 JEREMIAM.

3327 334 3466 391 £002

185 445 272 498 τὸ
325 440 770 511 δεσμωτήριον,
829 441 916 505 είς
975 440 1083 493 tor
1122 435 1291 493 οἶκον
1350 440 1636 494 Ἰωνάθαν
1674 439 1759 494 toi

1887 443 1935 494 in
1957 458 2242 506 carcerem,
2264 446 2320 497 in
2341 443 2550 499 domum
2575 445 2858 503 Ionatham
2878 450 3086 518 scribw,
3112 454 3234 524 quia
3249 456 3462 515 domum

188 534 618 607 γραμματέως,
647 532 738 587 ὅτι
777 533 895 601 τὴν
915 533 1116 587 οὶκίαν
1137 531 1324 586 αὐτοῦ
1348 533 1648 600 ἐποίησαν
1673 549 1788 600 φυ-

181 625 430 694 λακὴν,
455 626 546 679 ὅτι
573 621 763 696 ἦλθεν
791 625 977 694 ὄχλος
1007 628 1094 692 εὶς
1138 622 1255 694 τὴν
1275 625 1472 680 οὶκίαν
1497 625 1605 680 τοῦ
1644 623 1786 679 λάκε

185 737 337 785 κου,
364 719 458 773 καί
485 721 573 785 εὶς
605 718 720 786 τὴν
740 718 939 787 Χερέθ.

274 811 591 876 Τουτέστιν,
615 811 714 883 τὴν
745 813 925 865 οίκίαν
966 811 1223 866 Ἰωνάθαν
1251 811 1474 883 εἱρκτὴν
1495 810 1780 882 ἐποίησαν,

190 903 298 954 καὶ
337 901 493 971 δχλος
542 901 896 970 ἐγκέκλειστο
937 903 1088 955 ἐκείο
1124 902 1186 955 τὸ
1218 901 1278 955 δὲ
1309 904 1389 966 είς
1438 902 1539 971 τὴν
1573 902 1781 971 Χερὲθ,

187 994 506 1057 τουτέστιν,
551 995 632 1057 εἰς
653 994 763 1063 ⁸τὸν
810 994 908 1064 τῆς
949 994 1154 1065 ἐποχῆς
1193 991 1360 1049 οἷκον.
1424 993 1580 1048 Οὕτω
1609 995 1718 1066 γὰρ
1753 996 1783 1048 ὁ

202 1084 469 1156 Ἐϐραῖος
523 1085 788 1154 Φεθχλὼ,
821 1085 958 1157 ὅπερ
986 1085 1303 1157 ἐρμηνεύει,
1329 1081 1498 1140 οἷκον
1517 1082 1744 1155 ἐποχῆς
1765 1098 1777 1113 °

187 1178 326 1230 ἀντὶ
347 1177 456 1246 γὰρ
485 1177 584 1245 τῆς
611 1177 882 1247 φυλακῆς,
935 1178 1142 1248 ἐποχὴν
1172 1178 1292 1242 ἐθος
1326 1177 1440 1248 ἔχει
1469 1179 1671 1247 λέγειν.

271 1269 380 1319 Kal
419 1265 892 1334 ἐπικράνθησαν.

272 1358 542 1427 Καθάπερ
577 1357 648 1410 τὰ
669 1357 1006 1412 θανατοῦντα
1035 1357 1217 1430 θηρία,
1249 1357 1392 1412 οὕτω
1421 1358 1608 1412 λοιπὸν
1629 1359 1781 1430 ὕϐρι·-

187 1448 294 1515 ζον
333 1450 426 1503 καὶ
455 1451 536 1512 είς
591 1451 718 1512 τοὺς
751 1450 1060 1521 προφήτας.
1103 1448 1165 1502 Εἰ
1197 1449 1306 1520 γὰρ
1328 1449 1548 1518 ἔφευγε,
1587 1449 1642 1502 τί
1678 1445 1777 1520 ἦν;

185 1543 299 1611 οὐχ
324 1543 480 1611 ὑμεῖς
509 1541 670 1594 αὑτὸν
709 1541 1087 1610 ἐπιστομίζετε
1117 1559 1130 1608 ;
1161 1542 1258 1611 οὐχ
1299 1542 1457 1611 ὑμεῖς
1485 1541 1648 1594 αὑτὸν
1671 1559 1780 1594 κω-

184 1634 358 1687 λύετε
392 1634 486 1687 τοῦ
525 1633 898 1702 φθέγγεσθαι;
932 1633 997 1686 Τί
1030 1629 1120 1704 ἦν,
1153 1635 1202 1685 εί
1226 1633 1432 1702 ἐφυγε;
1467 1634 1576 1688 Καὶ
1603 1633 1708 1704 μὴν
1729 1635 1778 1687 εί

183 1726 423 1795 ἔφυγεν,
449 1727 580 1796 ὑμῖν
611 1726 814 1794 κοῦφον
834 1723 902 1796 ἦν
921 1741 935 1757 ο
952 1726 1358 1796 ἁπηλλάττεσθε
1379 1726 1487 1778 τῶν
1515 1725 1774 1796 ἐλέγχων,

1886 530 2031 585 illius
2078 531 2307 601 fecerant
2351 551 2652 603 carcerem;
2689 543 2944 610 quoniam
2990 546 3142 600 venit
3165 530 3462 606 rtuuttitudo

1884 622 1939 674 in
1973 622 2190 677 domum
2229 624 2396 694 lacus,
2430 639 2478 682 et
2514 631 2568 682 in
2597 629 2842 688 Cltereth.

1956 804 2013 862 ld
2042 818 2146 873 est,
2179 809 2397 865 domum
2429 810 2716 870 Jonatham
2766 833 3068 889 carcerem,
3090 831 3147 879 et
3173 825 3248 880 tbi
3273 827 3462 882 multi-

1886 900 2013 956 tudo
2058 900 2436 958 includebatur
2469 907 2523 959 in
2559 907 2809 977 Cheretlt,
2864 913 2916 967 in
2961 915 3176 971 domum
3231 918 3462 989 impedi-

1883 991 2048 1080 menti
2078 1007 2290 1062 nempe,
2344 993 2600 1051 Hebraaus
2642 1001 2841 1054 etenim
2886 1002 3016 1072 legit
3042 1005 3288 1076 Phethlo,
3316 1014 3460 1080 quod

1885 1079 2102 1134 domum
2149 1081 2522 1152 impedimenti
2553 1087 2860 1158 signiﬁcat;
2892 1092 3012 1149 loco
3041 1101 3186 1153 enim
3219 1079 3460 1159 carceris

1883 1170 2328 1239 impedimentum
2365 1175 2548 1231 dicere
2581 1178 2654 1233 illi
2691 1180 2746 1235 in
2781 1197 2877 1238 usu
2903 1194 3008 1240 est.

1953 1258 2020 1312 Et
2047 1263 2346 1317 exacerbati
2377 1275 2520 1320 sunt.

1952 1353 2117 1418 Quasi
2147 1359 2441 1414 mortifera:
2477 1361 2691 1428 bellum,
2729 1364 2801 1419 ita
2829 1371 3173 1427 contumeliis
3221 1371 3457 1430 incessa-

1881 1440 2013 1531 bant
2055 1445 2368 1513 prophetas.
2432 1447 2567 1504 Nam
2620 1453 2669 1506 si
2721 1457 3064 1526 aul'ugiebat,
3116 1463 3244 1531 quid
3294 1465 3457 1520 inde?

1881 1527 2071 1587 Nonne
2099 1549 2193 1591 vos
2219 1537 2293 1592 illi
2333 1552 2396 1594 os
2423 1540 2786 1600 obstruistis?
2818 1563 2997 1604 nonne
3026 1527 3456 1622 vos-prohibetis

1879 1636 1948 1676 ne
1981 1623 2270 1694 loquatur?
2291 1630 2430 1697 Quid
2447 1647 2575 1704 ergo
2598 1636 2642 1689 si
2673 1635 2940 1707 fugisset?
2963 1641 3098 1699 Nam
3127 1647 3173 1700 si
3204 1646 3450 1719 fugisset,

1880 1724 2222 1808 commodum
2250 1719 2302 1775 id
2348 1723 2504 1779 vobis
2532 1726 2747 1794 fuisset,
2782 1730 2934 1786 liberi
2979 1737 3174 1791 essetis
3205 1753 3233 1792 a
3272 1756 3455 1808 repre-

183 1784 500 1885 éieﬁ'eepoa
523 1815 625 1884 τῆς
659 1784 998 1883 κατηγορίας
1032 1784 1152 1886 ἤτε.
1192 1815 1334 1868 Ἀλλ’
1362 1816 1464 1886 ὅρα
1497 1784 1759 1884 πανταχοῖ

1887 1801 2252 1876 hensionibus,
2295 1815 2484 1880 procul
2519 1817 2588 1871 ab
2615 1822 2985 1878 accusatione.
3022 1823 3127 1880 Sed
3162 1784 3451 1886 considera

180 1909 295 1978 τὴν
321 1909 654 1978 κατηγορίαν
679 1910 772 1961 καὶ
793 1908 987 1960 κακίαν
1008 1907 1466 1979 διεστραμμένηνο
1499 1908 1642 1971 τίνος
1662 1908 1776 1961 ’ἐνε-

184 2016 296 2053 κεν
329 2001 422 2054 καὶ
448 1999 748 2070 ἐμάστιξαν
779 1999 940 2055 αὐτόν
967 2017 982 2067 ;
1015 1999 1319 2070 ἀμύνεσθαι
1344 1998 1487 2071 ὑπὲρ
1521 2000 1619 2069 τῆς
1641 1999 1775 2070 παῤ·

185 2093 411 2163 ῤηίας.

267 2185 379 2238 Καὶ
410 2183 737 2238 ἀπέστειλέ
774 2201 850 2239 σε
881 2183 1184 2252 Σεδεκίας.

263 2276 423 2339 Τίνος
457 2277 643 2330 ἕνεκεν
667 2277 928 2333 ἐκάλεσεν
965 2277 1164 2344 αὑτόν;
1194 2277 1448 2348 ἐνόμισεν
1480 2275 1647 2331 αὐτοῦ
1671 2276 1771 2348 τὴν

181 2366 510 2437 ’παρρησίαν
560 2367 665 2420 ὑπὸ
708 2369 808 2437 τῆς
875 2367 1107 2438 θλίψεως
1168 2368 1561 2438 ταπεινοτέραν
1613 2367 1769 2436 γενέ-

184 2457 341 2522 σθαι,
407 2457 502 2510 καὶ
559 2459 761 2530 ἐτέρων
815 2460 1141 2520 ἀκούσεσθαι
1193 2461 1473 2531 ῥημάτων.
1515 2454 1651 2512 Εἶτα
1683 2459 1772 2512 ἵνα

180 2549 503 2614 ἀνύποπτος
552 2550 800 2621 γένηται,
831 2552 932 2604 οὐκ
955 2553 1136 2623 ἐρωτᾷ
1180 2552 1343 2605 αὐτὸν
1381 2550 1586 2614 ἁπλῶς,
1632 2550 1770 2604 ἀλλά

184 2655 361 2710 φησιν
386 2655 401 2669 °
442 2639 505 2692 Εί
540 2639 654 2693 ἐστι
693 2639 852 2709 λόγος
878 2641 1123 2711 Κυρίου;
1168 2641 1354 2705 Διδοῦς
1386 2640 1535 2711 αὑτῷ
1561 2641 1654 2692 καὶ
1681 2641 1769 2692 εὑ-

183 2732 488 2803 πρόσωπον
537 2733 906 2806 ἀναχώρησιν.
963 2733 1126 2786 Ἀλλὰ
1180 2733 1360 2804 πολλῷ
1413 2732 1766 2805 φοϐερωτέρα

179 2819 256 2896 ἦν
286 2825 379 2878 τοῦ
407 2827 786 2898 δεσμωτηρίου
810 2829 844 2896 ἡ
876 2827 1025 2897 σιγή.

259 2917 371 2972 Καὶ
397 2913 588 2972 aliter
621 2920 848 2972 Ἔστιν.

275 3010 439 3082 Ὁρᾷς
497 3010 568 3064 τὰ
623 3010 958 3065 ἀποστολικὰ
1014 3009 1422 3081 κατορθώματα
1462 3027 1768 3082 προανατυ-

179 3103 474 3173 πούμενα;
523 3103 666 3157 οὕτω
717 3104 812 3157 καὶ
845 3105 932 3157 ἐπ’
966 3103 1193 3157 ἐκείνων
1244 3103 1462 3172 ἐγένετο
1489 3119 1502 3133 ·
1560 3121 1765 3157 παντα-
1794 3137 1836 3194 c

179 3195 290 3267 χοῦ
333 3193 471 3271 ἦσαν
500 3198 549 3249 οἱ
578 3195 733 3250 αὐτοί
753 3211 768 3227 ο
801 3197 955 3250 οὐδὲν
979 3197 1158 3252 αὐτῶν
1192 3197 1292 3269 τὴν
1326 3197 1642 3269 παρρησίαν
1671 3199 1764 3251 ἀει-

181 3292 444 3344 ἔκοπτεν.

267 3405 370 3460 Καὶ
403 3405 524 3460 ποῦ
547 3408 706 3460 εἰσιν
725 3409 778 3461 ot
804 3406 1105 3476 προφῆται
1132 3404 1300 3475 ὑμῶν
1322 3422 1342 3470 ;

263 3497 445 3551 Ταῦτα
507 3500 714 3561 ἐκεῖνος
762 3499 956 3552 παθεῖν
998 3501 1188 3570 ἐχρῆν,
1240 3485 1341 3552 ούκ
1367 3497 1466 3568 ἐμὲ
1513 3497 1606 3551 τὸν
1639 3497 1769 3568 ἀλη-

182 3591 440 3645 θεύοντα.
462 3591 554 3662 Μὴ
594 3596 703 3662 γὰρ
735 3591 846 3660 ἐγὼ
868 3592 1149 3663 ἐπήγαγον
1173 3607 1187 3657 ;
1211 3591 1258 3643 εί
1281 3591 1390 3662 γὰρ
1409 3591 1484 3662 μὴ
1511 3590 1672 3663 ἐξέϐη
1699 3591 1768 3644 τὰ

182 3682 518 3753 πράγματα,
565 3682 748 3746 καλῶς
795 3683 1002 3752 ἔλεγον,
1052 3684 1136 3736 ὅτι
1171 3683 1450 3753 περισσῶς
1495 3683 1767 3754 ἐλύπησεν

183 3778 338 3848 ἡμᾶς
362 3793 377 3806 ο
412 3776 509 3830 νῦν
539 3777 596 3830 δὲ
634 3776 934 3842 ἐκϐάντων,
963 3794 1081 3841 πως
1099 3778 1220 3848 οὐχὶ
1249 3777 1346 3830 καὶ
1369 3776 1766 3848 στεφανοῦσθαι

185 3887 262 3940 με
290 3869 536 3937 δίκαιον;
574 3870 684 3924 Καὶ⁸
724 3872 784 3923 οὺ
831 3871 974 3940 λέγω
1009 3871 1092 3925 ὅτι
1131 3871 1506 3942 εὐηργέτησα,
1546 3871 1685 3924 ἀλλὰ
1711 3871 1766 3923 τί

180 3961 459 4032 ὴδίκησα;
511 3963 610 4014 καὶ
649 3961 793 4027 ἀξιοῖ
835 3961 1176 4032 ἀπολυθῆναι
1214 3961 1311 4015 τοῦ
1360 3960 1761 4032 δεσμωτηρίου.

181 4056 286 4118 Τίς
311 4056 420 4126 γὰρ
440 4055 542 4108 οὐκ
569 4055 636 4109 ἂν
660 4054 840 4108 ἐθέλοι
867 4056 1095 4124 πάσχων
1120 4054 1307 4118 κακῶς
1341 4055 1722 4126 ἀπαλλαγῆναι
1745 4071 1762 4122 ;

164 4147 310 4210 ,Ἵνα
333 4147 500 4219 εἰδῇς,
541 4147 623 4200 ὅτι
649 4147 750 4218 τῆς
783 4147 954 4218 αὐτῆς
987 4147 1200 4219 ὑπῆρχε
1231 4146 1472 4216 φύσεως.

258 4238 368 4292 Καὶ
400 4238 757 4303 συνέταξεν.

259 4330 371 4382 υὺκ
402 4331 483 4392 είς
503 4329 605 4400 τὴν
651 4329 952 4403 προτέραν,
1005 4331 1102 4384 καὶ
1149 4329 1367 4384 κελεύει
1400 4331 1597 4402 ἄρτους
1623 4331 1763 4388 δίδο-

188 4418 316 4473 σθαι
354 4419 524 4490 αὐτῷ.
562 4419 628 4474 Τί
692 4421 804 4491 γὰρ
839 4421 948 4474 ἔδει
1001 4421 1188 4475 λοιπὸν
1247 4420 1588 4493 ὀργίζεσθαι,
1643 4423 1756 4477 τῶν

1879 1895 2078 1965 ubique
2134 1904 2532 1960 accusationem
2582 1918 2636 1962 et
2683 1915 2978 1981 nequitiam
3033 1933 3343 1988 perversam
3397 1925 3450 1980 in

1875 2001 2040 2042 unum
2073 1995 2435 2050 commistam.
2469 1997 2579 2053 Cur
2617 2003 2780 2057 etiam
2814 2008 3127 2064 ceciderunt
3163 2012 3360 2070 illum?
3395 2027 3454 2071 ut

1875 2078 2022 2136 illius
2057 2082 2363 2141 libertatem
2401 2089 2454 2143 in
2487 2092 2722 2148 dicendo
2751 2096 3164 2159 ulciscerentur.

1951 2171 2116 2230 Vens.
2154 2175 2238 2230 l6.
2280 2177 2350 2232 Et
2385 2181 2527 2235 misit
2571 2194 2618 2238 te
2655 2183 2924 2244 Sedecias.

1945 2266 2056 2320 Cur
2088 2268 2238 2324 illum
2268 2273 2334 2326 ad
2359 2288 2418 2328 se
2447 2278 2696 2331 vocavit?
2722 2284 2931 2350 putavit
2958 2284 3104 2341 illius
3139 2287 3446 2347 libertatem

1874 2357 1927 2452 in
1958 2359 2207 2427 dicendo,
2237 2361 2281 2417 si
2309 2362 2658 2434 allligeretur,
2676 2369 2792 2426 fore
2821 2376 3264 2446 contrahendam,
3282 2397 3450 2452 seque

1872 2446 2008 2502 alios
2051 2463 2336 2508 sermones
2381 2457 2715 2516 auditurum.
2747 2460 2950 2521 Deinde
2984 2477 3044 2520 ut
3081 2446 3446 2539 suSpicionem

1875 2539 2046 2608 tollat,
2073 2558 2178 2598 non
2205 2557 2328 2600 eum
2361 2547 2683 2616 simpliciter
2712 2553 3049 2626 interrogat;
3075 2563 3170 2616 sed
3202 2563 3311 2618 ait:
3342 2563 3450 2619 Pu-

1873 2639 2025 2688 tasne
2048 2641 2131 2688 est
2152 2649 2332 2692 sermo
2360 2654 2390 2693 a
2415 2640 2686 2699 Domino?
2707 2646 2851 2703 Dans
2875 2649 2948 2704 illi
2967 2651 3129 2708 etiam
3158 2654 3445 2712 honestam

1871 2725 2187 2782 retrahendi
2217 2743 2277 2784 se
2310 2735 2678 2791 occasionem.
2710 2739 2816 2796 Sed
2866 2757 3090 2802 carcere
3117 2747 3236 2818 ipso
3275 2750 3447 2808 silen-

1872 2814 2004 2868 tium
2040 2818 2210 2872 multo
2239 2831 2356 2874 erat
2381 2823 2718 2882 horribilius.

1941 2908 2102 2964 Vens.
2127 2911 2214 2966 16.
2242 2911 2312 2966 Et
2337 2915 2470 2970 dixit
2494 2933 2513 2971 :
2541 2917 2659 2974 Est.

1931 2999 2094 3056 Vides
2138 3019 2263 3073 qua:
2294 3007 2363 3062 ab
2392 3011 2653 3078 apostolis
2683 3014 3087 3083 perfectissime
3119 3035 3271 3094 gesta
3317 3037 3446 3082 sunt

1871 3094 2248 3164 praeﬁgurata?
2283 3097 2424 3154 idem
2452 3117 2664 3172 quoque
2693 3106 2798 3162 illis
2823 3112 3026 3177 evenit,
3057 3114 3258 3186 ubique
3282 3119 3443 3176 iidem

1873 3194 2030 3239 erant
2057 3204 2072 3241 :
2103 3187 2241 3243 nihil
2276 3205 2465 3247 eorum
2493 3193 2800 3254 libertatem
2833 3200 3136 3260 auferebat.

1939 3392 2104 3451 Vens.
2139 3396 2228 3454 18.
2266 3397 2330 3455 Ει
2367 3402 2456 3455 ubi
2478 3416 2598 3459 sunt
2623 3408 2888 3476 propheta:
2920 3414 3076 3468 vestri
3104 3415 3132 3469 ?

1932 3485 2057 3545 Hinc
2080 3488 2198 3547 illos
2213 3493 2323 3562 peti
2345 3498 2647 3565 oportebat,
2673 3515 2780 3556 non
2805 3518 2910 3570 me,
2933 3505 3024 3575 qui
3051 3522 3175 3564 vera
3198 3513 3443 3580 praedixi.

1867 3577 2120 3652 Nunquid
2149 3598 2250 3654 ego
2288 3588 2428 3641 mala
2457 3589 2652 3644 intuli?
2681 3608 2804 3647 nam
2829 3595 2874 3649 si
2907 3597 3049 3652 dicta
3076 3577 3303 3660 eventus
3334 3620 3444 3660 non

1867 3675 2295 3742 comprobasset,
2355 3678 2489 3735 bene
2518 3682 2591 3736 illi
2623 3683 2908 3754 dixissent,
2959 3694 3103 3759 quod
3156 3665 3312 3751 valde
3339 3712 3444 3754 nos

1866 3767 2241 3836 contristavit;
2267 3781 2324 3834 at
2349 3788 2470 3828 cum
2491 3776 2796 3843 evenerint,
2823 3795 3004 3837 nonne
3029 3784 3194 3839 etiam
3219 3787 3440 3858 dignum

1864 3867 1973 3940 εει.
1993 3875 2081 3916 me
2107 3876 2310 3919 corona
2359 3866 2581 3921 ornari?
2613 3867 2726 3924 Nec
2753 3871 2876 3927 dico
2905 3889 2990 3928 mc
3018 3876 3283 3934 beneﬁcia
3309 3895 3444 3935 con-

1867 3952 2076 4020 tulisse,
2123 3958 2219 4011 sed
2270 3959 2402 4028 quid
2459 3963 2714 4030 peccavi?
2763 3975 2820 4020 et
2865 3969 3002 4036 petit
3047 3985 3108 4025 se
3148 3985 3179 4026 e
3220 3989 3443 4031 carcere

1863 4045 2086 4101 dimitti.
2119 4046 2254 4114 Quis
2278 4052 2423 4106 enim
2447 4054 2588 4110 mala
2617 4057 2834 4124 patiens
2874 4059 3013 4114 nolit
3045 4063 3154 4119 illis
3181 4063 3442 4122 liberari?

1862 4135 1938 4193 Ut
1959 4136 2200 4206 ejusdem
2235 4157 2358 4197 eum
2388 4156 2596 4202 naturae
2620 4148 2791 4206 fuisse
2824 4152 3120 4226 intelligas.

1935 4231 2103 4288 Vens.
2135 4234 2228 4289 20.
2257 4233 2329 4288 Et
2355 4242 2620 4309 prwcepit.

1860 4319 1883 4370 5
1931 4321 2040 4378 Sed
2073 4339 2182 4380 non
2211 4337 2396 4393 antea,
2455 4332 2805 4403 prtecipitque
2835 4345 2895 4389 ut
2921 4351 3090 4405 panes
3136 4339 3188 4393 ei
3218 4339 3439 4400 dentur.

1861 4414 2001 4481 Quid
2030 4419 2175 4472 enim
2203 4431 2356 4489 opus
2372 4432 2490 4476 erat
2535 4425 2696 4478 irasci
2738 4427 2900 4482 rebus
2931 4431 3341 4494 praesentibus?
3368 4439 3440 4490 At
3474 4455 3490 4469 ι
3593 4409 3598 4412 Ι

190 4513 534 4583 πραγμάτων
567 4513 846 4568 ἐκϐάντων
871 4531 887 4583 ;.
929 4513 987 4567 Ὀ
1019 4513 1078 4568 δὲ
1113 4515 1327 4569 οὐδέπω
1356 4515 1644 4588 καθυφῆκε
1661 4514 1759 4587 τὴν

1888 4507 1958 4562 Ile
1985 4507 2053 4564 de
2078 4508 2337 4566 libertate
2369 4526 2465 4567 sua
2496 4514 2633 4568 nihil
2664 4517 2893 4572 remisit.

196 4605 532 4677 παρρησίαν.

786 4767 1039 4820 ΚΕΦΑΛ.
1076 4768 1219 4820 AH'.

257 4929 365 4982 Καὶ
391 4927 464 4982 ἐν
481 4928 561 4995 τῷ
585 4929 790 4995 λάκκῳ
803 4931 913 4985 οὐκ
939 4948 1018 5001 ην
1037 4931 1215 4998 ὕδωρ,
1233 4931 1368 4985 ἀλλ’
1393 4932 1430 5000 ἢ
1443 4931 1760 5000 βόρϐορος,

193 5015 288 5070 καί
317 5011 398 5086 ἦν
435 5017 711 5088 Ἱερεμίας
736 5019 807 5072 ἑν
833 5018 913 5086 τῷ
934 5020 1227 5088 βορϐόρῳ.

268 5105 586 5178 Ὑπαίθριος
609 5109 684 5162 ὣν
712 5109 742 5161 ὁ
766 5108 988 5173 λάκκος,
1015 5109 1189 5179 πηλοῦ
1216 5109 1542 5180 ἐπληροῦτο.
1570 5111 1760 5182 Ἐρῤιο

189 5196 292 5268 ψαν
327 5199 510 5253 τοίνυν
547 5202 733 5267 αὑτὸν,
780 5205 875 5256 καὶ
924 5202 1216 5274 ἐϐυθίσθη,
1263 5205 1358 5257 καὶ
1412 5203 1653 5275 ἐνεπάρη
1681 5203 1760 5275 τῷ

194 5288 345 5359 πηλῷ
371 5309 384 5324 ·
410 5291 474 5344 οὐ
509 5290 616 5363 μὴν
643 5291 764 5355 ὅλος
791 5292 1096 5356 ἐϐαπτίσθη
1116 5310 1130 5325 ·
1171 5293 1292 5348 οὐδέ
1318 5294 1429 5367 γὰρ
1462 5295 1564 5366 ζῇν
1585 5293 1759 5358 οὕτως

189 5383 433 5456 ἠδύνατο.

189 5537 192 5542 ,
270 5479 688 5549 Ἔπονηρεύσω
719 5477 756 5532 ἄ
779 5478 1090 5546 ἐποίησας.

244 5571 416 5632 Ὀὐδὲν
443 5577 703 5648 ἠδίκησεν
724 5576 752 5628 ὁ
780 5576 919 5646 ἁνήρ
935 5591 948 5605 ·
967 5577 1028 5630 τὸ
1056 5576 1164 5630 πᾶν
1184 5574 1285 5647 τῆς
1311 5577 1536 5632 ἐκείνων
1559 5575 1761 5638 κακίας

189 5673 406 5741 γέγονεν
435 5686 449 5701 ο
483 5670 634 5726 οὐδὲν
661 5668 879 5740 ἔχοντες
913 5668 1189 5740 ἐγκαλεῖν,
1223 5667 1399 5726 ταῦτα
1427 5671 1759 5743 εἰργάσαντο

192 5766 265 5826 είς
299 5763 388 5818 τὸν
418 5763 704 5831 ἄνθρωπον
733 5761 825 5816 τοῦ
860 5762 1019 5822 Θεοῦ.

2407 4761 2559 4818 CAP.
2592 4763 2881 4823 XXXVIII.

1935 4916 2097 4973 Vens.
2130 4917 2182 4974 6.
2212 4917 2282 4973 Et
2322 4921 2379 4975 in
2404 4920 2524 4977 lacu
2571 4939 2676 4979 non
2706 4934 2816 4978 erat
2849 4941 3010 4997 aqua,
3045 4926 3138 4981 sed
3167 4926 3359 4996 lutum,
3388 4941 3436 4982 et

1860 5021 1970 5066 erat
1993 5009 2254 5068 Jeremias
2288 5013 2346 5067 in
2373 5013 2503 5069 lato.
3355 5021 3358 5025 ’

1926 5101 2062 5158 Cum
2093 5103 2247 5160 lacus
2279 5115 2426 5160 esset
2450 5106 2550 5161 sub
2583 5107 2694 5175 dio,
2724 5108 2836 5164 luto
2872 5109 3236 5179 implebatur;
3269 5111 3436 5166 mise-

1861 5207 1989 5254 runt
2027 5198 2195 5268 igitur
2215 5211 2359 5264 eoin,
2385 5207 2440 5253 et
2460 5199 2748 5256 immersus
2766 5210 2873 5268 est,
2892 5214 2948 5256 et
2970 5201 3178 5258 deﬁxus
3202 5203 3253 5257 in
3282 5203 3392 5258 luto
3417 5221 3433 5257 :

1859 5307 1969 5346 non
2004 5300 2185 5346 tamen
2243 5301 2390 5347 totus
2437 5291 2720 5349 demersus
2767 5303 2874 5359 est,
2908 5294 2984 5349 ita
3021 5296 3223 5350 etenim
3251 5298 3433 5352 vivere

1859 5401 1967 5443 non
1998 5386 2286 5455 potuisset.

1929 5480 2098 5538 Vens.
2129 5480 2184 5537 9.
2215 5481 2358 5535 Male
2390 5481 2563 5550 fecisti
2591 5497 2709 5552 qua:
2742 5482 2935 5552 fecisti.

1931 5571 2078 5629 Nihil
2121 5574 2331 5644 pacavit
2362 5575 2526 5628 homo
2568 5574 2674 5630 iste
2702 5592 2716 5629 :
2741 5573 2957 5629 illorum
2988 5572 3242 5643 nequitia:
3271 5585 3434 5626 omne

1859 5667 2062 5726 malum
2118 5667 2313 5722 ascribi
2347 5666 2549 5724 debet:
2578 5668 2724 5736 ﬁcum
2772 5665 2908 5721 nihil
2941 5665 3206 5721 baberent
3237 5663 3292 5718 iu
3324 5677 3433 5733 quo

1859 5773 2203 5831 accusarent,
2234 5765 2348 5822 haec
2377 5763 2673 5821 machinati
2700 5774 2826 5821 sunt
2848 5761 2903 5819 in
2925 5760 3022 5818 Dei
3053 5761 3247 5816 virum.
