3810 6446
371 277 508 331 1005

1145 267 1701 327 SUPPLEMENTUM
1743 269 1833 323 Δῐ)
1870 268 1926 324 S.
1968 268 2017 323 J.
2060 265 2552 341 CHRVSOSTOMI
2590 262 2839 321 OPERA.

3511 257 3677 316 500%

443 389 606 443 Vtttts.
663 387 750 440 11.
810 379 874 437 Et
929 385 1216 439 assummit
1292 383 1638 437 Abdemelech
1713 383 1918 436 homine

2119 381 2228 436 Kal
2263 381 2482 435 ἔλασεν
2529 381 2578 433 Ἀ
2586 379 2875 449 Merui-.181
2918 375 3063 443 τοὺς
3107 374 3477 446 ἀνθρώπους
3519 380 3673 448 pref

365 497 562 546 munt,
597 487 648 534 et
679 479 946 548 ingressus
992 488 1067 531 est
1111 479 1168 530 in
1226 477 1434 529 boutum
1493 491 1630 545 regts
1674 474 1943 530 subterra-

364 590 541 628 mam.

421 663 542 718 .lloc
585 671 671 718 est
721 663 773 716 in
817 660 1114 716 stabulum.
1169 658 1601 722 Subterraneam,
1633 665 1691 712 ut
1717 656 1942 718 diceret,

362 773 483 828 qua:
514 766 632 812 erat
655 757 708 812 in
739 764 948 826 aperto.
977 753 1070 809 Sic
1096 753 1239 808 enim
1282 761 1334 806 et
1362 749 1621 807 Hebraeus
1650 749 1833 805 habet.

425 963 492 1018 Et
507 964 735 1034 sumpsit
767 961 890 1016 inde
921 973 1116 1017 veteres
1155 975 1398 1031 pannos;
1431 969 1478 1013 et
1506 969 1699 1012 veteres
1729 957 1942 1028 funicu-

361 1059 462 1125 Ios,
493 1069 541 1114 et
567 1056 788 1127 projecit
833 1071 896 1110 ea
928 1054 996 1109 ad
1026 1052 1314 1109 Jeremiam
1366 1054 1670 1121 prophetam
1695 1090 1710 1116 ,
1748 1058 1801 1104 et
1823 1064 1944 1120 qua:

361 1158 682 1206 sequuntur.

462 1166 682 1204 nuntur.

422 1166 677 1311 gunipsit
726 1254 992 1310 equorum
1047 1237 1314 1306 stragula,
1369 1243 1425 1292 et
1467 1249 1675 1305 pannos
1706 1250 1769 1290 ex
1803 1233 1943 1289 lanis

359 1343 696 1404 praeparatos
764 1342 919 1400 aptos
961 1329 1030 1385 ad
1081 1327 1422 1390 cubandum,
1489 1341 1628 1396 quos
1685 1325 1942 1381 sedilibus

356 1436 605 1480 sternere
630 1424 682 1478 in
718 1438 819 1478 usu
863 1431 966 1476 est.
1014 1419 1168 1486 Quod
1202 1419 1346 1473 enim
1381 1427 1538 1472 antea
1580 1416 1837 1478 dixerat:
1871 1413 1943 1468 Et

357 1522 552 1567 ueteres
576 1513 761 1578 panni,
791 1520 837 1564 et
870 1509 1102 1575 maleim,
1151 1507 1256 1563 hoc
1287 1506 1622 1575 signiﬁcant,
1652 1506 1705 1561 id
1733 1514 1841 1570 est,
1875 1520 1941 1560 ex

355 1602 497 1658 lanis
530 1610 832 1672 praeparata
859 1600 928 1654 ad
955 1598 1286 1656 cubandum.
1317 1596 1494 1668 ,υς-,αθ
1518 1607 1573 1653 et
1603 1603 1820 1654 veteres
1857 1598 1943 1650 fu-

356 1693 568 1750 niculos
613 1693 813 1763 posuit,
871 1706 971 1762 pro
1001 1706 1068 1747 eo
1094 1690 1236 1760 quod
1284 1698 1389 1756 est,
1431 1699 1622 1744 vetera
1673 1703 1937 1758 equorum

356 1784 742 1842 substramina.
771 1783 901 1840 Haec
923 1799 1045 1839 cum
1071 1780 1387 1854 projecisset
1409 1781 1685 1851 propheta:
1713 1779 1790 1835 ait
1815 1794 1830 1832 :

429 1898 594 1954 Vens.
627 1897 715 1952 12.
753 1895 901 1952 Pone
927 1897 1030 1950 ista
1053 1896 1147 1950 sub
1175 1894 1405 1950 brachiis
1443 1909 1691 1948 manuum
1727 1901 1940 1947 tuarum

357 1993 453 2048 sub
482 1990 757 2062 {utriculi}.

426 2085 590 2152 Quasi
620 2084 829 2140 diceret
867 2081 974 2138 sub
1004 2079 1207 2145 axillis,
1244 2079 1411 2136 utsic
1445 2078 1650 2148 absque
1699 2074 1940 2147 periculo

355 2177 553 2249 ligatus
578 2175 922 2231 eveheretur.

424 2291 592 2347 Vens.
630 2288 716 2344 15.
744 2286 814 2342 Ει
840 2287 975 2341 dixit
1001 2285 1286 2341 Jeremias.

429 2385 544 2438 Cur
587 2382 779 2437 audire
804 2380 926 2435 vis?
958 2390 1016 2434 ut
1043 2393 1128 2434 me
1171 2379 1288 2434 neci
1339 2377 1564 2433 tradas?
1598 2377 1671 2430 ita
1701 2378 1940 2434 maxime

359 2478 498 2531 iram
529 2475 582 2530 ei
625 2474 809 2529 tollit:
844 2482 900 2529 et
943 2487 1077 2528 sane
1127 2471 1362 2526 maxima
1412 2470 1692 2540 propheta
1741 2469 1936 2534 virtus,

355 2571 484 2624 dum
537 2582 646 2623 non
690 2565 853 2622 modo
897 2564 1146 2636 prtedicit
1193 2577 1312 2633 quin
1343 2562 1668 2632 displicent;
1707 2563 1800 2620 sed
1833 2574 1884 2620 et
1910 2579 1940 2620 e

352 2662 516 2718 malis
561 2660 767 2716 exitum
799 2657 1099 2715 adinvenit.
1135 2655 1248 2712 Hoc
1293 2656 1436 2711 enim
1466 2669 1596 2710 vere
1631 2656 1938 2725 praedictio-

354 2755 442 2810 nis
469 2762 572 2809 est.
609 2752 747 2820 Quid
783 2752 929 2806 enim
974 2749 1216 2820 prodest,
1251 2763 1456 2818 quaeso,
1495 2764 1782 2805 maerorem
1816 2763 1938 2807 tan-

352 2850 469 2896 tum
503 2851 558 2898 et
590 2840 868 2896 tristitiam
919 2836 1145 2900 lucrari,
1181 2837 1324 2892 sicut
1354 2837 1447 2906 qui
1490 2837 1630 2906 apud
1679 2838 1938 2894 exteros?

355 2935 462 2990 Sed
491 2950 596 2988 non
621 2933 714 2988 ita.

430 3024 594 3080 Vens.
627 3023 718 3079 16.
761 3021 900 3077 Viuit
947 3021 1202 3076 Dominus
1224 3025 1313 3092 qui
1349 3021 1472 3092 fecit
1511 3022 1659 3077 nobis
1701 3023 1934 3078 animum

353 3115 513 3180 hanc,
539 3113 588 3168 si
619 3113 934 3186 inter/icium
960 3121 1030 3165 te.

427 3204 542 3261 Hoc
569 3214 672 3271 est,
701 3203 838 3260 Vitae
865 3202 1152 3269 Dominus,
1179 3203 1294 3273 ipse
1323 3202 1482 3258 testis
1511 3203 1604 3270 sit,
1629 3203 1773 3274 quod
1801 3203 1936 3258 nihil

355 3301 483 3357 mali
519 3299 619 3355 tibi
657 3298 884 3354 faciam.

419 3389 556 3450 Cum
606 3405 706 3462 pro
757 3404 819 3444 ea
875 3387 1190 3459 expavescit
1232 3395 1285 3443 et
1331 3386 1505 3452 timet,
1560 3397 1687 3442 tunc
1733 3402 1852 3442 eam
1881 3388 1936 3442 in

350 3482 732 3557 jusjurandum
763 3481 1018 3536 assumit.

424 3614 594 3674 Vsus.
628 3616 716 3671 t7.
749 3613 819 3668 Et
849 3612 988 3670 dixit
1018 3613 1066 3667 ei
1093 3612 1376 3669 Jeremias.

425 3711 565 3777 Quid
589 3712 753 3782 igitur
793 3709 1097 3768 Jeremias'l
1122 3710 1473 3780 bonagprimo
1498 3706 1712 3774 eﬂ‘atur,
1745 3707 1938 3762 deinde

353 3806 604 3861 molesta.

429 3914 596 3970 Vnus.
655 3915 736 3970 i9.
785 3915 852 3969 Et
887 3914 1020 3969 dixit
1067 3930 1161 3968 rex
1209 3911 1632 3982 SedeciassEgo
1683 3913 1947 3966 rationem

353 4005 519 4061 habeo
555 4005 870 4060 Judaorum
897 4010 984 4075 qui
1018 4005 1262 4076 fugerunt
1309 4006 1378 4058 ad
1411 4003 1723 4069 Chaldazos.
1754 4021 1816 4058 ne
1839 4005 1937 4057 da-

354 4096 465 4150 turi
493 4097 596 4151 sint
631 4111 712 4150 me
745 4097 800 4150 in
827 4112 1015 4150 manus
1044 4111 1246 4159 eorum,
1281 4104 1332 4148 et
1360 4094 1589 4148 illudant
1631 4093 1786 4149 mihi.

424 4278 734 4330 Uuscurum
765 4282 850 4330 est
884 4273 938 4329 in
971 4282 1121 4328 textu
1145 4272 1374 4341 Graeco;
1407 4288 1597 4328 verum
1634 4273 1778 4329 illius
1817 4289 1942 4330 sen-

352 4380 446 4420 sus
475 4374 559 4420 est
592 4383 607 4420 :
640 4366 752 4420 Rex
803 4381 948 4432 sum,
982 4375 1040 4421 et
1067 4365 1217 4421 solus
1250 4365 1432 4435 egredi
1468 4381 1574 4421 non
1604 4381 1857 4436 possum;
1889 4368 1934 4422 si

353 4457 519 4528 igitur
542 4458 785 4524 voluero,
801 4465 856 4513 et
881 4458 1260 4528 memetipsum
1282 4457 1550 4513 Chaldaeis
1570 4459 1930 4523 committere,

351 4550 406 4606 hi
441 4551 534 4624 qui
559 4552 610 4606 in
641 4551 865 4606 civitate
895 4561 1040 4613 sunt,
1078 4566 1166 4607 me
1195 4551 1346 4622 prius
1379 4553 1649 4608 occident.

426 4736 553 4794 Haec
575 4736 792 4790 occasio
822 4741 962 4796 erat,
994 4742 1398 4803 praetextusque
1427 4733 1787 4789 inﬁdelitatis.
1815 4731 1930 4788 Non

351 4827 534 4883 credis
561 4826 879 4897 prophetat?
910 4826 1050 4880 1Nqu
1081 4843 1144 4882 ex
1183 4845 1242 4884 se
1277 4829 1393 4897 ipso
1439 4827 1723 4898 loquitur?

417 5031 586 5090 Vsus.
607 5031 699 5088 20.
733 5029 798 5088 Ει
826 5033 960 5090 dixit
995 5033 1297 5090 Jeremias:
1331 5035 1454 5092 Non
1481 5040 1694 5094 tradent
1720 5049 1786 5095 te.

422 5125 658 5192 Quidam
703 5125 784 5182 sic
826 5125 1175 5195 interpretati
1210 5138 1360 5183 sunt.
1415 5128 1610 5185 Verum
1651 5131 1929 5187 meliorem

351 5219 500 5276 hunc
541 5232 667 5276 esse
700 5219 895 5289 opinor
933 5233 1197 5276 sensum:
1231 5219 1400 5278 Judaei
1451 5223 1691 5280 universi
1738 5239 1927 5293 pacem

351 5310 482 5365 mihi
520 5310 906 5377 vaticinantur,
933 5318 989 5364 et
1015 5311 1160 5380 quod
1189 5327 1290 5368 nec
1325 5314 1376 5368 in
1413 5314 1790 5370 Chaldaeorum
1821 5324 1929 5370 tra-

349 5399 559 5455 dendus
607 5401 710 5456 sim
747 5415 963 5472 manus,
1015 5401 1258 5473 nihilque
1292 5420 1378 5461 me
1407 5405 1476 5461 ab
1501 5405 1611 5462 illis
1641 5406 1767 5462 mali
1804 5420 1928 5475 νεε-

348 5505 563 5546 surum.
600 5491 787 5562 Itaque
821 5495 966 5563 quod
994 5494 1178 5551 statim
1223 5495 1490 5556 Jcremias
1517 5497 1716 5568 adjecit
1751 5521 1762 5557 :
1800 5498 1929 5555 Non

348 5585 556 5638 tradent
590 5593 660 5651 te,
710 5599 806 5654 per
849 5587 1083 5660 ironiam
1110 5588 1314 5647 dictum
1339 5599 1443 5658 est,
1476 5593 1627 5661 quasi
1674 5592 1921 5649 diceret:

339 5664 427 5722 Ne
454 5673 646 5726 credas
668 5671 795 5728 illis.

2046 472 2286 537 ἑαυτοῦ,
2326 473 2427 526 καί
2473 472 2764 541 εἰσῆλθεν
2807 475 2896 538 εἰς
2932 460 3269 540 τῆνοίκίαν
3312 468 3431 524 τοῦ
3462 471 3675 535 βασι-

2046 562 2200 628 λέως
2235 561 2351 630 τὴν
2375 563 2670 632 ὑπόγεων.

2117 654 2412 708 Τουτέστιν
2442 694 2458 719 ,
2507 655 2589 717 είς
2631 653 2724 706 τὸν
2772 651 3022 706 πάῦλον.
3077 653 3379 723 ’Υπόγεων
3414 651 3542 722 γὰρ
3583 651 3680 704 ἵνα

2045 747 2202 818 εἴπῃ,
2249 745 2351 817 τὴν
2403 747 2484 810 εἰς
2526 744 2588 797 τὸ
2631 743 2872 814 φανερὸν
2901 737 3091 800 οὖσαν.
3121 742 3286 797 Οὕτω
3319 741 3446 812 γὰρ
3497 742 3614 793 καὶ
3645 742 3676 792 ὁ

2061 841 2314 915 Ἐϐραῖος
2335 841 2509 912 λέγει.

2117 953 2227 1009 Kai.
2251 954 2470 1008 ἔλαϐεν
2491 953 2725 1008 ἐκεῖθεν
2769 952 3000 1007 παλαιὰ
3028 950 3213 1020 ῥάκη,
3265 951 3370 1005 καί
3415 953 3674 1003 παλαιὰ

2045 1047 2310 1115 σχοινία,
2365 1045 2467 1099 καὶ
2505 1045 2757 1115 ἔρριψεν
2799 1045 2954 1099 αὐτὰ
2985 1042 3138 1112 πρὸς
3197 1042 3514 1112 Ἰερεμίαν
3559 1042 3674 1094 τὸν

2045 1137 2384 1207 προφήτην,
2405 1139 2502 1190 καὶ
2529 1138 2599 1191 τὰ
2628 1134 2754 1208 ἑξῆς
2770 1173 2791 1193 .

2120 1228 2320 1287 Ἐλαῦε
2354 1229 2461 1283 τῶν
2491 1229 2678 1284 ἵππων
2710 1231 2780 1284 τὰ
2815 1229 3140 1301 στρώματα,
3169 1228 3266 1280 καὶ
3291 1226 3362 1280 τὰ
3406 1223 3666 1286 «timui,

2045 1319 2237 1390 ἃξὲθος
2293 1317 2724 1391 ὲπιστρωννύειν
2761 1323 2876 1384 τοῖς
2918 1318 3345 1388 ὲπικαθίσμασι.
3408 1317 3496 1368 Τὸ
3553 1316 3668 1384 γᾶρ

2045 1409 2362 1481 ἔμπροσθεν
2394 1410 2559 1464 πάλιν
2590 1409 2892 1480 λεγόμενον
2917 1425 2934 1441 ·
2965 1407 3075 1464 Καὶ
3101 1409 3173 1462 τὰ
3193 1407 3440 1461 παλαιὰ
3467 1405 3666 1473 ῥάκη,

2044 1502 2142 1555 καί
2165 1501 2234 1555 τὸ
2250 1501 2510 1570 μαλέην,
2539 1502 2701 1556 τοῦτο
2735 1500 2936 1572 μηνύει
2960 1517 2976 1534 ο
2997 1501 3271 1575 τουτέστι,
3301 1497 3376 1551 τὰ
3409 1496 3664 1551 πιλωτὰ.

2045 1598 2210 1651 Ὥστε
2269 1598 2568 1652 κάντεῦθεν
2602 1599 2672 1652 τὰ
2730 1599 2940 1654 παλαιὰ
2962 1598 3197 1670 σχοινία.
3242 1597 3403 1650 Ἀντὶ
3445 1595 3558 1650 τοῦ
3601 1598 3669 1649 τὰ

2044 1691 2253 1745 παλαιὰ
2288 1693 2704 1762 ὑποστρώματα
2736 1693 2846 1746 τῶν
2884 1692 3070 1744 ἵππων
3098 1690 3274 1757 λέγει.
3300 1688 3513 1744 Ταῦτα
3548 1690 3668 1740 τοί-

2045 1802 2140 1838 νυν
2171 1784 2336 1856 ῥίψας
2355 1783 2435 1856 τῷ
2462 1786 2718 1858 προφήτῃ
2747 1783 2883 1855 φησι
2907 1799 2924 1816 ο

2123 1899 2233 1965 Θὲς
2263 1899 2417 1954 αὐτὰ
2447 1899 2567 1954 ὑπὸ
2607 1899 2748 1966 τοὺς
2769 1897 3048 1968 ἀγκῶνας
3090 1896 3211 1953 τῶν
3247 1893 3492 1968 χειρῶν
3515 1911 3661 1958 σοι’,

2040 1990 2162 2044 ὑπὸ
2196 1989 2356 2044 κάτω
2394 1989 2517 2045 τῶν
2545 1991 2860 2060 σχοινίων.

2127 2083 2274 2136 Ἀντὶ
2322 2082 2442 2149 τοῦ,
2474 2083 2580 2137 ὑπὸ
2610 2082 2712 2147 τὰς
2763 2082 2964 2154 μάλας,
3016 2082 3108 2140 ἵνα
3155 2082 3340 2148 οὕτως
3375 2081 3660 2152 ἀσφαλῶς

2045 2175 2327 2247 δεδεμένος
2359 2176 2595 2248 ἁναχθῇ.

2113 2289 2225 2344 Καὶ
2250 2285 2421 2344 εἶπεν
2455 2290 2752 2361 Ἱερεμίας.

2118 2382 2276 2447 Τίνος
2321 2384 2510 2436 ἕνεκεν
2569 2383 2804 2438 ἀκοῦσαι
2863 2382 3098 2455 podia;
3153 2382 3241 2435 ἵνα
3295 2397 3369 2452 με
3418 2380 3654 2451 ἀνέλῃς,

2042 2475 2216 2549 ταύτῃ
2253 2476 2492 2546 μάλιστα
2551 2475 2720 2531 αύτοῦ
2748 2475 2921 2547 θυμὸν
2971 2476 3230 2546 κατασπᾷ
3257 2491 3270 2506 ο
3323 2475 3523 2526 καίτοι
3558 2491 3655 2542 μευ

2040 2565 2202 2638 γίστη
2235 2565 2407 2637 ἁρετὴ
2448 2566 2757 2640 προφήτου,
2797 2567 2924 2620 ὅταν
2971 2564 3047 2638 μὴ
3079 2565 3240 2638 μόνον
3277 2564 3544 2636 προλὲγῃ
3584 2566 3654 2618 τὲ

2042 2655 2302 2727 φορτικὰ,
2355 2655 2496 2710 ἀλλὰ
2548 2658 2643 2710 καὶ
2682 2655 2917 2722 διέξοδον
2967 2655 3217 2728 εὑρίσκει
3263 2655 3379 2708 τῶν
3421 2654 3648 2708 δεινῶν.

2042 2748 2214 2802 Τοῦτο
2266 2749 2377 2818 γὰρ
2427 2748 2598 2812 ὅντως
2646 2751 3031 2822 προρρήσεως.
3077 2748 3301 2820 Ἐπειδὴ
3349 2748 3405 2802 τί
3447 2747 3650 2817 κέρδος

2042 2838 2168 2892 εἰπέ
2189 2856 2302 2908 μοι,
2321 2839 2500 2911 λύπην
2524 2841 2619 2894 καὶ
2651 2839 2892 2910 ἀθυμίαν
2917 2839 3228 2911 κερδαίνειν
3251 2841 3450 2912 μόνον,
3471 2839 3648 2895 καθᾶ-

2041 2945 2150 3002 περ
2180 2930 2232 2984 οἱ
2258 2929 2370 2985 τῶν
2400 2929 2632 2999 ἐξωθεν;
2674 2931 2814 2986 Ἀλλ’
2849 2931 2947 3002 ούχ
2979 2932 3141 2988 οὓτω.

2111 3021 2199 3091 Ζῇ
2224 3023 2440 3092 Κύριος
2465 3023 2535 3090 ὃς
2567 3024 2860 3093 ἐποίησεν
2888 3023 3034 3094 ἡμῖν
3082 3024 3199 3094 τὴν
3234 3025 3468 3095 ψυχὴν
3503 3027 3646 3080 ταύ-

1962 3085 2004 3144 C
2039 3128 2173 3181 την,
2202 3115 2254 3167 εὶ
2290 3111 2601 3167 ἀποκτενῶ
2622 3129 2718 3167 σε.

2106 3202 2420 3269 Τουτέστιν,
2461 3204 2518 3258 '0
2555 3204 2654 3276 τῆς
2683 3203 2828 3274 ζωῆς
2852 3204 3062 3276 Κύριος
3092 3205 3256 3270 αὐτὸς
3289 3206 3542 3277 μάρτυς,
3566 3207 3644 3269 ὡς

2035 3293 2188 3348 οὐδέν
2210 3311 2270 3348 σε
2301 3294 2543 3367 διαθήσω
2576 3297 2835 3368 πονηρόν.

2108 3387 2239 3440 Ὅτε
2285 3387 2426 3460 ὑπὲρ
2457 3389 2630 3460 αὐτῆς
2659 3390 2871 3462 ἀγωνιᾷ
2911 3393 3004 3445 καὶ
3031 3393 3261 3454 δέδοικε,
3291 3392 3424 3445 τότε
3463 3391 3641 3462 αὐτὴν

2036 3479 2198 3550 ὅρκον
2229 3482 2487 3535 ποιεῖται.

2111 3612 2223 3666 Καὶ
2247 3608 2419 3668 εἷπεν
2449 3613 2611 3681 αὐτῷ
2645 3615 2952 3687 Ἱερεμίας.

2110 3705 2177 3760 Τί
2207 3701 2299 3762 οὖν
2343 3706 2652 3780 Ἰερεμίας;
2702 3710 2774 3763 τὰ
2805 3711 3020 3782 χρηστὰ
3043 3711 3194 3780 λέγει
3227 3712 3484 3784 πρῶτον,
3518 3710 3642 3770 εἶτα

2037 3798 2109 3852 τὰ
2137 3802 2390 3872 φορτικά.

2111 3913 2220 3968 Καὶ
2265 3915 2438 3969 εἶπεν
2472 3919 2505 3970 ὀ
2545 3917 2849 3984 ,βασιλεὺς
2893 3917 3179 3986 Σεδεκίας
3218 3918 3304 3986 τῷ
3351 3921 3633 3992 Ἰερεμίῃο

2053 4005 2200 4076 Ἐγὼ
2228 4007 2415 4076 λόγον
2442 4007 2562 4077 ἔχω
2595 4008 2715 4062 τῶν
2751 4009 3060 4064 Ἰουδαίων
3097 4008 3214 4063 τῶν
3235 4015 3633 4083 πεφευγότων

2039 4099 2190 4166 πρὸς
2222 4099 2366 4166 τοὺς
2398 4099 2738 4168 Χαλδαίους
2779 4101 2866 4171 μὴ
2913 4101 3136 4158 δώσειν
3173 4120 3251 4173 με
3300 4107 3395 4171 εις
3423 4105 3631 4175 χεῖρας

2038 4189 2257 4254 αὐτῶν,
2298 4190 2396 4244 καὶ
2432 4191 2972 4262 καταμωκήσονταί
2991 4211 3134 4263 μου.

2125 4281 2375 4352 Ἀσαφῶς
2409 4284 2590 4336 κεῖται
2620 4284 2773 4354 παρὰ
2802 4283 2881 4354 τῷ
2925 4283 3255 4357 Ἑλληνικῷ*
3285 4286 3315 4340 ὃ
3347 4303 3463 4358 γαρ
3500 4289 3626 4360 βούο

2040 4373 2195 4428 λεται
2253 4375 2450 4438 εἰπεῖν,
2506 4373 2667 4428 τοῦτό
2693 4377 2864 4440 ἐστιν,
2899 4378 2982 4430 ὅτι
3040 4368 3306 4443 Βασιλεύς
3343 4383 3489 4450 είμι.
3534 4384 3623 4435 καὶ

2043 4465 2206 4537 μόνος
2225 4465 2462 4531 ἐξελθεῖν
2497 4465 2558 4518 ού
2585 4465 2842 4536 δύναμαιο
2875 4467 2972 4522 ἐὰν
2991 4468 3085 4522 οὖν
3112 4469 3327 4539 θελήσω
3359 4470 3619 4536 ἐξελθεῖν,

2037 4559 2131 4611 καὶ
2165 4557 2351 4612 δοῦναι
2380 4559 2494 4621 τοῖς
2515 4559 2808 4622 Χαλδαίοις
2836 4561 3097 4628 ἐμαυτὸν,
3125 4561 3279 4614 αὐτοὶ
3308 4563 3360 4615 οἱ
3391 4563 3495 4633 τῆς
3525 4566 3614 4618 πό-

2037 4651 2177 4716 λεως
2207 4651 2509 4722 φθάνουσιν
2537 4654 2749 4707 ἀνελεῖν
2786 4671 2874 4724 με.

2109 4743 2329 4799 Τούτων
2380 4745 2658 4815 πρόφασις
2705 4742 2795 4818 ἦν,
2841 4747 2936 4801 καὶ
2976 4748 3178 4819 σκῆψις
3221 4749 3511 4816 ἀπιστίας.
3543 4755 3611 4806 Ού

2038 4838 2320 4903 πιστεύεις
2373 4838 2452 4910 τῷ
2520 4843 2823 4915 προφήτῃ;
2877 4843 2967 4914 Μὴ
3015 4843 3125 4914 γὰρ
3173 4843 3283 4898 ἀπὸ
3339 4844 3614 4917 λογισμῶν

2035 4933 2356 5001 φθέγγεται.

2103 5047 2212 5102 Καὶ
2237 5044 2408 5104 εἶπεν
2465 5048 2749 5119 Ἱερεμίας
2771 5066 2786 5081 ·
2825 5051 2909 5105 Οὐ
2939 5049 3025 5120 μὴ
3055 5051 3490 5122 παραδώσουσι
3524 5073 3610 5110 σε.

2108 5140 2265 5204 Τινὲς
2302 5141 2403 5210 μὲν
2453 5141 2628 5206 οὕτως
2676 5144 3060 5214 ἡρμήνευσαν.
3101 5141 3270 5215 Οἶμαι
3308 5145 3366 5200 δὲ
3413 5148 3610 5219 ταύτην

2037 5231 2242 5302 μᾶλλον
2263 5232 2538 5298 σώζεσθαι
2569 5233 2671 5302 τὴν
2704 5235 2936 5301 ἔννοιαν,
2969 5236 3055 5290 ὅτι
3082 5237 3326 5308 Εἰρήνην
3360 5256 3453 5309 μοι
3480 5258 3605 5312 προσ

2032 5321 2363 5392 φητεύουσιν
2393 5323 2634 5389 ἅπαντες
2693 5325 2959 5390 Ἰουδαῖοι,
2990 5329 3086 5382 καὶ
3129 5327 3206 5399 μὴ
3236 5330 3602 5401 παραδοθῆναι

2035 5430 2102 5482 με
2136 5414 2214 5478 είς
2259 5418 2452 5487 χεῖρας
2492 5417 2602 5471 τῶν
2628 5417 2935 5484 Χαλδαίων,
2969 5419 3106 5491 μηδὲ
3138 5420 3429 5477 πείσεσθαί
3465 5425 3532 5495 μέ
3553 5443 3602 5478 τι

2029 5506 2161 5576 παρ’
2187 5505 2370 5562 αὐτῶν
2399 5507 2590 5564 δεινόν.
2626 5509 2700 5564 Τὸ
2729 5510 2824 5585 οὖν
2867 5511 3031 5576 εὐθὺς
3061 5513 3408 5584 ἐπαγόμενον
3460 5519 3600 5589 παρὰ

2027 5593 2123 5650 τοῦ
2163 5596 2451 5668 Ἰερεμίου,
2494 5601 2576 5668 Οὐ
2604 5599 2688 5670 μὴ
2715 5601 3147 5671 παραδώσουσί
3174 5619 3269 5669 σε,
3299 5607 3424 5660 κατ’
3453 5611 3602 5680 είρω-

2030 5683 2178 5738 νείαν
2203 5685 2445 5757 εἴρηται·
2482 5691 2755 5758 τουτέστι,
2787 5692 2880 5768 Μὴ
2904 5693 3092 5749 πείθου
3117 5695 3323 5759 αὐτοῖς.
