3810 6386
95 489 241 546 1005

1195 490 1619 545 FRAGMILN'IA
1665 491 1725 538 ΙΝ
1762 491 2133 542 “Litubium.

3223 495 3359 546 1υοίὶ

168 607 482 660 Ἄκουσον
511 605 589 673 δὴ
626 605 732 659 τὸν
765 607 953 675 λόγον
989 607 1228 675 Κυρίου,
1262 605 1335 659 ὃν
1362 605 1477 676 ἐγὼ
1513 603 1682 660 λαλῶ

1846 604 1992 682 Audi.
2026 606 2233 659 verbum
2285 605 2519 670 Domini,
2551 609 2702 681 quod_
2719 627 2810 682 ego
2841 611 2957 665 dico
2991 613 3059 665 ad
3083 622 3153 678 te,
3181 622 3228 666 et
3256 629 3360 666 mc-

90 697 248 766 πρὸς
277 698 373 763 σὲ,
431 697 529 752 καί
571 696 826 763 ,βέλτιον
855 698 1026 753 ἐσται
1073 714 1193 764 σοι,
1237 697 1335 751 κ(ιί
1372 697 1612 767 ζήσεται
1638 697 1677 765 ἡ

88 789 267 860 ψυχή
288 806 425 844 σουο

169 881 482 947 Τουτέστιν,
506 881 766 950 Ἀμεινόν
789 882 872 935 σοί
899 883 1015 935 ἐστι
1044 881 1334 952 πεισθῆναί
1359 899 1468 952 μοι,
1490 882 1584 935 καὶ
1605 880 1678 952 μὴ

90 975 416 1029 ἀπατᾶσθαι
447 979 564 1038 τοῖς
600 973 827 1029 ἐκείνων
871 977 1074 1045 λόγοις,
1113 977 1194 1030 ὅτι
1239 975 1294 1028 δὲ
1344 975 1549 1044 ταύτην
1579 974 1678 1046 τὴν

90 1067 310 1121 ἔννοιαν
347 1067 548 1138 μᾶλλον
600 1067 719 1120 ἐστι
763 1067 947 1120 λαϐεῖν
978 1068 1043 1121 ὲκ
1063 1066 1170 1120 τῶν
1201 1067 1404 1139 ῥητῶν,
1439 1067 1548 1120 ἀπὸ
1571 1067 1679 1120 τῶν

89 1157 411 1214 ἀκολούθων
431 1159 496 1214 ἄν
529 1175 614 1222 τις
645 1159 877 1212 κατίδοι.
912 1159 1140 1228 Ἐπάγει
1168 1160 1276 1230 γὰρ
1301 1157 1466 1224 εὐθύς
1485 1174 1500 1191 °

169 1251 282 1304 Kal
312 1252 364 1305 εἰ
397 1249 484 1320 μὴ
511 1250 708 1317 θέλεις
738 1249 1012 1315 ἐξελθεῖν
1031 1267 1044 1281 ·
1089 1247 1264 1317 οὗτος
1294 1254 1327 1305 ό
1363 1251 1565 1317 λόγος,
1607 1249 1681 1304 ὂν

89 1341 293 1407 ἐδειξέ
329 1359 435 1413 μοι
475 1343 724 1412 Κύριος·
769 1342 924 1398 Ἰδοὺ
963 1341 1152 1398 πᾶσαι
1187 1347 1248 1397 αἱ
1289 1343 1572 1413 γυναῖκες
1619 1344 1680 1396 al

91 1437 639 1505 καταλελειμμέναι
677 1436 748 1489 ἐν
790 1437 951 1504 οἰκίῃ
988 1435 1298 1501 ,ϐασιλέως
1361 1433 1550 1490 Ἰούδα
1575 1434 1678 1499 ἐξ-

91 1525 350 1595 άγονται
425 1526 576 1594 πρὸς
627 1525 770 1591 τοὺς
796 1525 1100 1591 βασιλέας
1148 1523 1543 1591 Βαϐυλῶνος,
1581 1523 1680 1578 καί

92 1617 280 1670 αὑταὶ
307 1616 619 1681 λέξουσιν-ο
658 1617 1012 1686 Ἠπάτησαν
1035 1634 1130 1680 σε,
1163 1618 1258 1671 καί
1284 1617 1683 1685 ἠδυνήθησαν

90 1723 202 1762 σοι
227 1707 444 1776 ἄνδρες
470 1709 760 1777 εἰρηνικοι
804 1725 942 1772 σου,
964 1707 1063 1763 καὶ
1090 1709 1162 1762 οὐ
1195 1708 1682 1776 κατισχύσουσιν

90 1799 169 1851 ἐν
195 1798 556 1869 ὀλισθήματι
589 1798 778 1864 ποδός
827 1815 966 1864 σου,
1029 1800 1128 1854 καί
1179 1799 1684 1868 ἀποστρέψουσιν

90 1891 220 1947 ἀπὸ
251 1889 390 1945 σοῦ.

1782 694 1888 749 lius
1925 687 2028 749 erit
2068 686 2184 759 tibi,
2221 706 2270 750 et
2302 698 2432 751 vivet
2468 701 2648 752 anima
2680 711 2790 754 tua.

1853 880 1965 934 Hoc
1996 890 2098 944 est,
2149 880 2345 938 melius
2384 896 2470 938 est
2529 895 2585 938 ιιι
2631 886 2758 939 mihi
2795 889 3004 952 credas,
3040 902 3140 944 nec
3170 903 3359 945 eorum

1783 972 2075 1042 decipiaris
2120 975 2481 1030 sermonibus.
2539 973 2693 1032 llnnc
2731 992 2894 1046 porro
2941 994 3159 1034 sensum
3193 982 3364 1051 magis

1781 1079 2082 1119 consonum
2128 1079 2250 1120 esse
2283 1066 2441 1121 dictis
2469 1083 2534 1121 ex
2562 1068 3018 1137 subsequentibus
3053 1069 3208 1127 facile
3241 1074 3364 1142 quis

1783 1157 2033 1226 percipit.
2070 1154 2265 1211 Snbdit
2291 1160 2435 1212 enim
2467 1158 2651 1214 statim
2681 1176 2693 1211 :

1853 1245 2022 1302 Vens.
2049 1246 2142 1312 21,
2169 1247 2258 1302 22.
2293 1247 2452 1314 Quod
2478 1251 2525 1303 si
2572 1249 2804 1304 nolueris
2840 1261 2896 1304 tu
2942 1251 3089 1305 exire
3116 1267 3134 1305 :
3162 1246 3259 1307 iste
3288 1263 3362 1308 est

1781 1353 1971 1406 sermo,
2015 1354 2166 1408 quem
2196 1340 2424 1394 ostendit
2481 1342 2613 1394 mihi
2659 1342 2921 1397 Dominus
2951 1360 2968 1400 :
2997 1342 3134 1400 Ecce
3186 1363 3363 1400 omnes

1781 1429 2029 1483 mulieres
2082 1445 2201 1498 qua:
2264 1443 2628 1486 remanserunt
2670 1433 2725 1487 in
2782 1436 2938 1488 domo
2991 1437 3126 1505 regis
3183 1419 3362 1503 Juda,

1782 1522 2070 1575 educentur
2121 1527 2191 1576 ad
2241 1525 2506 1593 principes
2552 1524 2863 1596 Babylonis,
2916 1538 2964 1582 et
3011 1529 3092 1582 Ita:
3139 1529 3310 1584 dicent
3343 1545 3364 1585 :

1786 1611 2120 1668 Seduxe'runt
2150 1625 2220 1680 te,
2248 1626 2297 1669 et
2331 1617 2716 1682 prwvaluerunt
2760 1609 2860 1674 'tibi
2894 1621 2992 1674 viri
3018 1622 3230 1692 paciﬁci
3262 1625 3363 1691 tui,

1783 1714 1828 1757 et
1852 1720 1955 1758 non
1986 1705 2339 1773 prmvalsbunt
2371 1707 2424 1761 in
2445 1707 2743 1764 lubricitate
2765 1711 2912 1770 pedis
2935 1713 3034 1776 tui,
3061 1723 3367 1769 etaverten-

1785 1803 1872 1846 tur
1892 1811 1923 1847 a
1949 1802 2020 1848 te.

173 1981 488 2047 Τουτέστιν,
504 1980 860 2052 ’Υιρεστώσης
879 1981 980 2052 τῆς
993 1981 1394 2048 ἁλώσεως,τότε
1415 1981 1681 2053 ὁμολογή-

1855 1981 1971 2038 Hoc
1992 1993 2098 2050 est,
2130 2000 2254 2040 cum
2288 1987 2444 2040 ruina
2472 1986 2584 2056 jam
2621 1963 2927 2057 immineat,
2982 2001 3110 2048 tunc
3157 2006 3371 2050 sermo—

95 2091 261 2128 σουσι
300 2074 412 2128 τῶν
445 2073 598 2146 ἑμῶν
641 2073 816 2143 λόγων
852 2073 950 2146 τὴν
1001 2073 1284 2146 ἀλήθειαν,
1327 2075 1424 2128 καὶ
1467 2073 1684 2142 λέξουσι

95 2169 242 2238 πρὸς
266 2167 347 2233 σὲ,
379 2167 455 2232 ὡς
500 2170 550 2222 οἰ
597 2167 699 2237 τὴν
735 2168 962 2239 εἰρήνην
997 2185 1079 2221 σοι
1132 2166 1545 2239 προμηνύοντες
1577 2167 1684 2238 μά-

91 2277 204 2331 την
232 2260 550 2332 ἠπάτησαν,
587 2259 933 2332 ἰσχυρότερον
971 2259 1197 2313 ἐκείνων
1241 2259 1333 2312 τὸν
1373 2259 1550 2327 λόγων
1587 2257 1682 2311 σοῦ

93 2354 454 2421 νενομικότος
492 2351 604 2406 τῶν
644 2351 775 2422 παρ’
817 2350 956 2422 ἐμοῦ
999 2368 1080 2404 σοι
1123 2335 1454 2422 λεγομένων.
1493 2349 1566 2404 Τὸ
1603 2349 1681 2417 δὲ,

91 2445 176 2499 ἐν
205 2444 564 2514 carcerum"
595 2444 779 2511 ποδός
813 2459 952 2509 σου,
978 2443 1248 2508 τουτέστι,
1284 2441 1682 2514 Παρατρέψαν·

91 2537 196 2600 τές
230 2553 326 2590 σου
346 2537 448 2609 τὴν
481 2537 574 2590 ἐπὶ
595 2539 709 2601 τοῖς
740 2535 959 2606 ἀληθῶς
1001 2533 1316 2607 λεγομένοις
1366 2535 1572 2588 πίστιν.
1610 2534 1684 2588 Τὸ

94 2629 186 2693 δὲ,
233 2629 344 2684 Καὶ
402 2630 908 2700 ἀποστρέψουσιν
965 2629 1086 2684 ἀπὸ
1140 2627 1258 2683 σοῦ
1286 2668 1300 2694 ,
1361 2628 1639 2682 τουτέστιν
1667 2667 1684 2692 ,

94 2721 454 2792 Αίχμάλωτοι
495 2721 809 2793 ληφθεῖσαι,
840 2721 1278 2794 ἀπαχθήσονται,
1331 2720 1430 2778 καὶ
1471 2720 1686 2785 οὐδενὸς

92 2813 460 2881 ἀπολαύσεις,
493 2807 569 2868 ὧν
596 2811 694 2868 νῦν
725 2813 1046 2878 ἀπολαύεις.

175 2905 290 2960 Kal
313 2901 489 2960 εἶπεν
519 2903 703 2972 αὐτῷ.

177 2999 292 3053 Καὶ
329 2999 440 3071 μὴν
469 2999 640 3072 χωρὶς
677 2998 1102 3070 προσδιορισμοῦ
1140 2999 1382 3071 ὤμοσας.

679 3113 908 3168 ΚΕΦΔΛ
921 3153 934 3168 .
964 3116 1087 3172 AO’.

176 3232 183 3241 '
228 3228 341 3282 Kal
378 3226 710 3284 κατέλαϐον
737 3230 845 3285 τὸν
885 3231 1168 3286 Σεδεκίαν
1207 3232 1278 3286 ἐν
1328 3231 1550 3289 Ῥαϐὼο
1594 3232 1690 3288 ἰε-

83 3319 271 3390 ριχὼ.

177 3412 492 3478 Τουτέστιν,
523 3414 582 3470 ὲν
611 3416 679 3486 τῇ
711 3415 926 3470 πεδιάδι
948 3415 1050 3486 τῆς
1085 3417 1501 3490 ἰερουχοῦντος.

179 3506 198 3524 ⁴
222 3504 333 3559 Kal
353 3505 584 3560 ἔδωκαν
604 3506 793 3560 αὑτὸν
813 3506 964 3575 πρὸς
980 3509 1282 3564 Γοδολίαν
1303 3509 1436 3564 υίὸγ
1453 3509 1691 3580 Ἁχικὰμ

99 3596 249 3652 υίοῦ
280 3597 514 3666 Σαρὰμ,
551 3597 652 3651 καὶ
687 3597 988 3668 ἐξήγαγον
1011 3599 1202 3656 αὐτὸν
1231 3603 1322 3668 εἰς
1350 3601 1558 3672 Σαφίς,
1591 3601 1690 3656 καὶ

101 3684 398 3741 ἐκάθισεν
425 3686 684 3758 ἐνμέσῳ
712 3688 818 3743 τοῦ
849 3689 1022 3746 λαοῦ.

73 3781 82 3789 ’
189 3781 362 3850 Σαφὶς
392 3782 564 3853 δνομα
585 3780 772 3838 τόπου.

183 3873 295 3928 Kal
323 3874 710 3932 ἀπέστειλαν.

186 3965 301 4018 Καὶ
335 3965 385 4018 οἰ
417 3966 516 4036 μὲν
562 3965 813 4038 πολέμιοι
855 3967 1087 4022 δεθέντα
1126 3969 1216 4020 τὸν
1254 3969 1540 4038 προφήτην
1585 3967 1687 4021 υπὸ

104 4057 227 4109 τῶν
258 4055 475 4111 οἰκείων
506 4057 736 4123 λύουσι,
784 4059 881 4113 καὶ
919 4060 1111 4131 κύριον
1140 4060 1366 4129 ἀφιᾶσιν
1407 4060 1529 4114 ὅποι
1565 4058 1690 4131 βού-

104 4150 265 4202 λοιτο
308 4149 671 4222 πορευθῆναι.
705 4152 768 4204 Ol
809 4151 867 4205 δὲ
896 4152 1309 4224 τεσσαράκοντα
1353 4151 1448 4222 ἔτη
1493 4153 1690 4206 ἀπολε-

128 4241 398 4304 λαυκότες
427 4244 634 4312 φωνῆς,
685 4242 745 4295 οὗ
802 4244 1140 4311 συγγένειαν,
1184 4241 1542 4314 οὑ.,πατρίδσ,
1591 4242 1692 4297 οὒκ

107 4332 255 4388 ἄλλο
281 4333 622 4398 αἰδεσθέντες
648 4334 823 4399 οὐδὲν,
860 4333 1066 4405 Θηρίων
1101 4333 1429 4406 ἀγριώτεροι
1463 4335 1690 4404 γεγόνα-

109 4441 222 4477 σιν.
254 4423 361 4477 Kal
383 4423 504 4493 μετ’
540 4423 716 4494 ὀλίγα
735 4440 748 4454 ο
787 4423 904 4476 Ἵνα
925 4425 1051 4476 ὃταν
1075 4423 1190 4494 ἴδῃς
1213 4425 1308 4477 καὶ
1337 4423 1430 4476 ἐπὶ
1454 4423 1692 4495 Χριστοῦ

105 4514 275 4569 τοῦτο
334 4515 647 4585 γενόμενον,
726 4515 1131 4586 σταυρούμενον
1209 4514 1317 4567 ὑπὸ
1381 4514 1688 4580 Ἰουδαίων,

107 4604 597 4676 προσκυνούμενον
651 4605 708 4658 δὲ
748 4606 851 4658 ὑπὸ
897 4604 1299 4684 έθνῷν,ημηδὲν
1353 4603 1503 4672 ξένον
1552 4601 1693 4660 εἶναι

108 4696 380 4768 νομίσῃς,
420 4696 556 4768 μηδὲ
605 4695 932 4769 θορυϐηθῇς,
974 4695 1110 4767 μηδὲ
1150 4697 1351 4770 λέγῃς·
1404 4697 1516 4751 Καὶ
1575 4697 1694 4762 πῶς

110 4791 187 4844 ἂν
221 4789 335 4859 ἔχοι
363 4789 545 4858 λόγον,
585 4789 675 4844 τὸν
706 4789 798 4843 ἐπὶ
831 4789 1077 4862 σωτηρίᾳ
1108 4790 1204 4842 καὶ
1251 4790 1554 4863 προστασίᾳ
1585 4806 1693 4845 πα-

123 4881 517 4953 ραγενόμενον,
551 4882 832 4946 τοσούτοις
865 4883 1128 4936 διαθειναι
1170 4886 1380 4948 κακοῖς.

189 4974 301 5028 Kal
329 4975 401 5029 οὐ
421 4973 508 5044 μὴ
535 4973 709 5028 δώσω
739 4989 834 5028 σε.

192 5067 268 5120 UO
299 5067 407 5137 γὰρ
444 5064 842 5120 συναπόλλυται
872 5063 1080 5129 δίκαιος
1113 5061 1251 5136 μετὰ
1288 5063 1565 5130 ἀσεϐείας.

723 5182 977 5236 ΚΕΦΑΛ.
1004 5182 1095 5236 Μ’.

204 5296 322 5353 Καὶ
348 5296 567 5353 ἔλαϐεν
598 5298 804 5352 αὐτόν.

199 5391 479 5446 Μανθάνει
512 5390 698 5444 λοιπὸν
747 5391 898 5445 πᾶσα
932 5389 964 5461 ἡ
1001 5390 1231 5461 στρατιὰ
1264 5390 1369 5458 τὴν
1405 5391 1562 5459 ἰσχὺν
1601 5387 1704 5460 τῆς

125 5483 495 5554 προφητείας.
513 5484 572 5537 '0
591 5483 648 5537 δὲ
674 5482 931 5547 Σεδεκίας
961 5482 1128 5552 ἔφυγε
1148 5498 1163 5514 ο
1197 5483 1568 5554 προσεδόκησε
1596 5481 1705 5554 γὰρ

1787 2086 1913 2130 num
1938 2090 2180 2132 meorum
2202 2079 2606 2135 conﬁtebuntur
2620 2081 2933 2148 veritatem,
2961 2091 3016 2137 et
3038 2084 3220 2140 dicent
3247 2083 3364 2150 tibi,

1783 2181 1878 2222 eos
1894 2169 1984 2238 qui
2010 2169 2103 2224 tibi
2134 2185 2320 2240 pacem
2350 2173 2812 2240 praenuntiabant,
2837 2173 3037 2229 frustra
3059 2175 3365 2246 decepisse;

1784 2258 2222 2328 quandoquidem
2251 2269 2306 2315 tu
2338 2274 2528 2316 eorum
2567 2276 2850 2318 sermones
2901 2263 3038 2319 meis
3085 2264 3234 2320 hisce
3279 2266 3367 2320 di-

1784 2350 1890 2404 ctis
1921 2349 2212 2406 validiores
2245 2351 2594 2407 existimasti.
2635 2351 2705 2407 In
2742 2353 3048 2410 lubricitate
3092 2355 3237 2426 podis
3265 2358 3365 2423 tui,

1786 2450 1872 2496 tua
1906 2455 2072 2512 super
2100 2441 2384 2498 veracibns
2403 2441 2565 2500 dictis
2595 2443 2702 2500 lide
2733 2454 3085 2501 commutata.
3117 2446 3368 2502 Acerun-

1786 2545 1873 2615 tur
1902 2550 1934 2588 a
1972 2530 2320 2606 teicaptivm
2367 2548 2565 2606 nempe
2613 2535 2906 2603 ducentur,
2931 2536 3008 2609 (et
3050 2551 3172 2607 qua:
3225 2552 3368 2593 nunc

1787 2628 2054 2699 possides,
2091 2644 2198 2685 non
2238 2630 2485 2702 potieris.

1859 2904 2024 2961 Vsus.
2055 2902 2146 2960 24.
2180 2902 2251 2960 Et
2277 2905 2411 2960 dixit
2435 2905 2504 2960 ei.

1857 2997 1924 3053 Et
1953 3006 2130 3054 tamen
2161 2998 2366 3055 absone
2391 2997 2497 3054 ulla
2533 2998 2847 3054 conditione
2878 2999 3184 3082 iuraveras.

2351 3109 2506 3165 CAP.
2547 3108 2794 3165 XXXIX.

1862 3235 1881 3250 ‘
1915 3228 2082 3284 Vens.
2118 3228 2171 3284 5.
2212 3227 2284 3282 Et
2323 3227 2824 3297 comprehenderunt
2853 3227 3134 3284 Sedeciam
3165 3227 3217 3281 in
3237 3223 3366 3280 ’Βα-

1713 3305 1757 3363 (ἶ
1791 3321 1912 3376 both
1940 3319 2176 3376 Iericho.

1863 3411 1920 3466 Id
1950 3422 2055 3477 est,
2082 3412 2136 3466 in
2163 3425 2355 3482 campo
2387 3409 2788 3466 Jericbnntino.

1858 3501 1883 3526 '
1917 3502 2078 3559 Vans.
2102 3501 2191 3558 M.
2215 3501 2286 3556 Et
2318 3502 2572 3557 dederunt
2623 3516 2743 3556 eum
2763 3500 2844 3568 ad,
2881 3497 3160 3554 Godolium
3196 3499 3370 3567 ﬁlium

1792 3596 2043 3651 Achicam
2063 3595 2163 3665 ﬁlii
2199 3594 2464 3665 Sopiiam,
2497 3605 2546 3650 et
2573 3601 2874 3651 eduxerunt
2907 3607 3029 3648 cum
3065 3592 3122 3647 in
3155 3591 3370 3660 Ssphis,

1792 3698 1842 3742 et
1871 3687 2005 3741 sedit
2031 3688 2088 3741 in
2114 3685 2286 3742 medio
2308 3691 2510 3756 populi.

1865 3773 2062 3843 Saphis
2090 3788 2284 3829 nomen
2323 3783 2409 3830 est
2436 3773 2562 3830 loci.

1867 3861 1934 3914 Et
1954 3863 2229 3916 miserunt.

1865 3953 1934 4007 Et
1975 3954 2177 4028 hostes
2226 3954 2444 4033 quidem
2496 3956 2736 4012 vinctum
2803 3971 2833 4011 a
2879 3961 2995 4014 suis
3033 3958 3373 4033 prophetam

1794 4042 2290 4119 solvunt','ejnsque
2307 4041 2625 4128 relinquunt
2649 4044 2917 4106 voluntati
2949 4051 3032 4107 ire
3056 4066 3165 4118 quo
3191 4050 3371 4109 vellet.

1795 4141 2052 4218 Qni‘vero
2086 4154 2182 4224 per
2213 4133 2578 4212 quadraginta
2621 4156 2794 4197 annos
2833 4142 2980 4223 vocis
3003 4131 3375 4200 illinEFene'ﬂ-

1798 4227 1884 4289 cio
1913 4223 2183 4303 nsi'fsnnt,
2216 4250 2322 4289 non
2378 4223 2785 4302 cognationem,
2812 4223 2944 4289 non
2970 4235 3221 4303 patriam,
3264 4249 3375 4291 non

1797 4324 2073 4395 quidpiam
2142 4324 2286 4380 aliud
2325 4324 2510 4390 veriti,
2549 4323 2748 4380 bellnis
2805 4322 2935 4388 ipsis
2992 4338 3098 4379 non
3158 4325 3374 4381 inerunt

1798 4417 2166 4473 humaniores.
2221 4415 2294 4469 Et
2354 4433 2468 4484 pou
2529 4432 2721 4484 pauca.
2806 4412 2880 4472 iit
2933 4429 3056 4470 cnm
3121 4416 3295 4484 idem]
3319 4415 3379 4472 in

1798 4507 2020 4563 Christo
2035 4507 2258 4572 videris,
2281 4521 2405 4562 eum
2429 4506 2643 4562 scilicet
2667 4506 2720 4560 in
2760 4519 2982 4560 crucem
3007 4520 3036 4559 a
3054 4504 3260 4562 Judaais
3287 4520 3379 4580 ac-

1802 4610 1936 4665 tum,
1963 4615 1993 4677 a
2032 4599 2285 4670 gentibus
2317 4613 2446 4655 vero
2493 4599 2797 4663 adoratum,
2824 4596 2960 4652 nihil
2999 4600 3124 4653 novi
3176 4597 3378 4652 factum

1803 4693 2106 4757 arbitreris,
2144 4686 2540 4760 neqne'dicas:
2575 4689 2692 4757 Qna
2728 4688 2940 4746 ratione
2976 4693 3180 4745 iactum
3205 4700 3292 4745 est
3315 4697 3374 4744 ut

1803 4789 1849 4843 is
1879 4787 1968 4856 qni
2002 4785 2331 4860 adhsalntem
2357 4783 3059 4856 defensionemqnegenit,
3081 4783 3247 4839 tantis
3273 4798 3372 4838 ma-
3460 4775 3462 4777 ’

1803 4879 1869 4935 lis
1895 4878 2120 4933 allectus
2150 4876 2256 4932 sit?

1876 4972 2044 5027 Vens.
2079 4971 2167 5026 17.
2196 4982 2264 5026 ιιι
2295 4989 2398 5026 non
2421 4970 2632 5025 tradam
2653 4983 2722 5025 te.

1877 5066 2064 5138 Neque
2088 5082 2240 5125 enim
2278 5068 2550 5136 peritjnna
2579 5079 2703 5118 cum
2731 5061 2896 5133 impio
2924 5061 3123 5132 justus.

2444 5176 2598 5234 CAP.
2626 5173 2741 5229 XL.

1893 5299 2054 5353 Vsus.
2083 5298 2136 5351 2.
2172 5295 2241 5350 Et
2263 5294 2385 5349 tulit
2417 5308 2533 5347 eum
2555 5293 2799 5360 princeps
2829 5303 3136 5359 coquorum.

1887 5390 2124 5460 Percipit
2156 5387 2372 5443 tandem
2428 5392 2712 5440 universus
2765 5381 3042 5437 exercitus
3089 5378 3387 5450 prophetiae

1811 5485 1941 5540 vim.
1975 5481 2234 5536 Sedecias
2260 5492 2388 5534 vero
2423 5477 2595 5548 fugit;
2622 5476 2848 5546 putabat
2880 5473 3025 5528 enim
3051 5468 3387 5540 prophetiam

128 5577 523 5647 παραγράφειν
541 5575 642 5647 τὴν
671 5578 1036 5648 προφητείαν.
1053 5575 1194 5629 Ἀλλ’
1222 5577 1388 5641 ἑάλω,
1414 5577 1510 5630 καὶ
1534 5577 1694 5631 δεινὸν

1820 5574 2022 5631 irritam
2087 5571 2288 5626 facere.
2338 5568 2444 5624 Sed
2479 5581 2673 5638 captus
2713 5576 2816 5630 est,
2872 5573 2926 5619 et
2976 5559 3210 5629 ingentis
3262 5556 3390 5612 mali

127 5667 240 5738 ὁρᾷ
259 5665 432 5730 πάθος
456 5682 469 5696 ⁸
496 5666 708 5738 μάρτυς
733 5666 952 5735 ἐγένετο
977 5666 1076 5737 τῆς
1102 5666 1321 5737 σφαγῆς
1345 5666 1453 5720 τῶν
1471 5667 1704 5721 παίδων.

131 5757 403 5810 Τοσοῦτον
453 5757 637 5810 εῐασεν
673 5756 958 5825 ἀνοιγῆναι
1003 5757 1132 5820 τοὺς
1163 5756 1480 5827 ὀφθαλμοὺς
1514 5755 1705 5822 αὑτοῦ,

130 5851 260 5902 ὅσον
293 5849 485 5918 μαθεῖν
514 5849 612 5912 τὰς
637 5848 842 5912 οἰκείας
874 5851 1180 5919 συμφοράς.
1211 5850 1322 5902 Kal
1355 5849 1476 5918 μετ’
1512 5849 1706 5918 ὀλίγα*

1819 5674 2092 5734 spectator
2113 5661 2209 5730 iit;
2241 5661 2397 5717 testis
2428 5661 2672 5716 illioram
2717 5658 2870 5712 necis
2894 5654 3013 5717 fuit,
3042 5660 3094 5708 et
3127 5663 3192 5706 eo
3222 5661 3393 5717 usque

1816 5760 1931 5828 ejus
1972 5759 2414 5825 octtlos'apertos
2460 5769 2583 5808 esse
2625 5750 2813 5814 voluit,
2856 5748 3030 5814 quoad
3089 5743 3220 5796 vidit
3265 5753 3392 5793 suas

1817 5865 2106 5906 aerumnas.
2139 5846 2203 5900 Et
2226 5857 2338 5915 post
2369 5860 2557 5912 pauca.
2588 5872 2657 5882 —
2687 5840 2945 5908 Deditque
2981 5835 3260 5889 Jercmiam
3284 5828 3392 5884 Go-

132 5971 201 5983 -—
227 5941 340 5996 Kal
370 5941 553 5996 ἓὸωκε
587 5940 664 6008 τῷ
700 5943 963 6010 Γοὸολίᾳ
997 5944 1099 5998 τὸν
1134 5943 1440 6010 Ἰερεμίαν.
1475 5943 1583 5998 Καὶ
1613 5944 1694 6013 ὅρα

1827 5943 2001 5997 dolia’.
2030 5940 2091 5994 Et
2117 5937 2401 5995 considera
2427 5935 2672 6001 divinam
2685 5927 3078 6000 providentiam
3113 5939 3126 5978 :
3156 5931 3386 5992 spectan-
