3810 6448
357 485 497 542 H107
1165 476 1734 537 SUPPLEMENTUM
1777 478 1868 532 AD
1911 478 1969 534 S.
2011 476 2059 533 J.
2100 470 2598 532 CIIRYSOSTOMI
2637 468 2893 527 OPEBA.
3500 462 3664 518 £008

359 603 502 655 liluts
519 600 790 664 omnibus,
824 594 1189 663 omnibusque
1228 591 1517 655 devinctis,
1546 590 1636 645 hic
1661 589 1863 659 isolvitu

2175 585 2312 639 Θεοῦ
2363 584 2464 655 τὴν
2511 584 2828 652 οἰκονομίαν
2855 597 2870 610 ·
2931 575 3152 631 πάντων
3213 572 3504 647 ὁρώντων,
3558 576 3667 628 καὶ

360 691 700 760 splendidum
745 689 818 744 illi
871 686 1240 758 spectaculum
1295 686 1483 749 adest;
1533 693 1766 739 testatur
1821 682 1864 751 ir

2169 678 2348 746 μένων
2387 677 2670 738 ἁπάντων,
2706 667 2862 734 οὗτος
2910 669 3100 723 λύεται
3125 683 3138 698 ·
3191 665 3461 738 λαμπρὸν
3495 663 3670 735 αὐτῷ

358 797 538 837 rerum
575 790 838 848 eventus;
869 757 1104 835 testatur
1126 789 1180 832 et
1203 778 1316 848 ipse
1342 777 1430 847 qui
1462 775 1784 830 beneficium
1811 789 1862 827 cc

2162 771 2378 842 ὶέατρον
2425 769 2682 839 γίνεται*
2735 764 3012 836 μαρτυρεῖ
3045 761 3156 815 τῶν
3215 757 3595 831 πραγμάτων
3637 760 3666 826 ἡ

359 874 500 929 tulit.
543 873 658 928 Non
686 873 884 928 audisti
911 871 1226 937 Jeremiam,
1251 869 1468 934 Judaee;
1491 869 1612 921 audi
1644 866 1863 920 Barbari

2165 879 2244 920 μα·
2308 864 2582 936 μαρτυρεῖ
2632 859 2730 915 καὶ
2774 858 2938 921 αὐτὸς
2989 859 3018 910 ὁ
3074 853 3475 926 χαρισάμενος.
3541 849 3669 904 Οὔκ

360 968 628 1020 dicentem
663 984 676 1020 :
724 965 981 1019 Dominus
1010 962 1151 1017 Deus
1191 972 1312 1016 tuus
1342 963 1545 1016 loeutus
1569 969 1642 1013 est
1677 974 1832 1027 super
1862 991 1864 1008 ι

2163 975 2293 1021 υσας
2320 954 2611 1028 Ἱερεμίου,
2651 951 2877 1006 Ἰουδαῖε
2899 967 2911 980 ·
2945 950 3183 1003 ἄκουσον
3211 944 3310 999 τοῦ
3343 941 3667 1012 Βαρϐάρου

360 1075 481 1113 eum
537 1060 675 1112 hunc
705 1058 885 1111 omnia
907 1055 1050 1110 mala
1079 1056 1223 1120 lucc;
1255 1064 1301 1108 et
1330 1053 1451 1123 fecit
1499 1050 1756 1104 Dominus
1779 1067 1796 1112 ,'
1820 1066 1864 1119 qi

2165 1066 2322 1112 >ντος’
2348 1049 2560 1117 Κύριος
2589 1049 2622 1100 ὀ
2653 1043 2799 1108 Θεός
2830 1059 2946 1096 σου
2972 1038 3383 1108 ἐχρημάτισεν
3410 1034 3516 1088 ἐπὶ
3555 1034 3669 1086 τὸν

362 1151 618 1221 ρεσεαηὶδ
638 1151 741 1214 illi,
767 1160 816 1204 et
850 1165 954 1203 non
976 1147 1203 1202 audistis
1225 1161 1398 1200 vocent
1417 1146 1554 1215 ejus.
1584 1141 1866 1197 Sermonil:

2169 1159 2241 1196 ον
2268 1141 2486 1195 τοῦτον
2507 1137 2709 1192 πάντα
2733 1136 2807 1190 τὰ
2828 1133 2986 1188 κακὰ
3010 1131 3221 1196 ταῦτα,
3252 1128 3355 1183 καί
3390 1125 3670 1191 ἐποίησε

367 1245 460 1298 Dei
510 1259 617 1299 non
674 1242 976 1308 credidisti,
1001 1241 1284 1295 credentes
1315 1238 1524 1292 videbis
1559 1254 1572 1290 :
1611 1237 1732 1291 illns
1784 1234 1871 1303 igil

2165 1254 2287 1302 νος,
2315 1234 2402 1289 ὅτι
2428 1231 2719 1301 ἡμάρτετε
2743 1225 2925 1292 αὐτῷ,
2957 1225 3055 1279 καὶ
3074 1225 3187 1278 οὐκ
3207 1222 3530 1289 ἠκούσατε
3551 1218 3669 1270 αὐ-

367 1338 507 1392 habe
551 1337 860 1407 magistros.

2194 1326 2304 1396 τῆς
2338 1323 2567 1396 φωνῆς.
2615 1320 2956 1390 Ἦπίστησας
2984 1318 3098 1380 τοῖς
3129 1313 3226 1368 τοῦ
3251 1311 3396 1365 Θεοῦ
3446 1308 3666 1376 λόγοις,

2061 1421 2190 1491 ὄψει
2219 1419 2444 1481 τούτους
2663 1409 2814 1483 τοὺς]
2833 1408 3192 1470 πιστεύοντας
3222 1424 3234 1437 ·
3272 1405 3535 1466 ἐκείνους
3574 1400 3668 1470 ἔχε

2057 1515 2414 1576 διδασκάλους
2442 1509 2652 1564 λοιπόν.

441 1595 608 1651 Vens.
639 1597 695 1652 ό.
729 1593 866 1649 Ecce
894 1609 1022 1649 εοουι
1053 1601 1122 1646 te.

2142 1606 2290 1661 Ἰδοὺ
2324 1600 2529 1658 ἐλυσά
2557 1614 2651 1655 σε.

438 1689 518 1744 Εη
552 1703 687 1758 quos
744 1687 1080 1756 ex5pectavit
1112 1685 1178 1739 ad
1225 1682 1548 1754 prophetam
1581 1679 1942 1736 liberandum.

1941 1719 1953 1734 ’
2132 1702 2296 1774 Ὅρα,
2325 1698 2476 1761 τίνας
2507 1695 2760 1766 ἀνέμεινε
2815 1689 2975 1746 λῦσαι
3003 1689 3095 1744 τὸν
3119 1689 3445 1762 προφήτην.

445 1781 508 1836 Si
541 1781 731 1845 bonum
763 1789 1007 1834 eoramte
1038 1779 1212 1833 venire
1229 1793 1454 1831 meeunt.

2132 1798 2204 1849 El
2235 1791 2428 1847 καλὸν
2455 1788 2737 1846 ἐναντίον
2757 1802 2875 1841 σου
2907 1783 3107 1840 ἐλθεῖν
3137 1785 3266 1853 μετ’
3295 1780 3481 1852 ἐμοῦ.

443 1873 573 1930 Plus
603 1874 679 1929 illi
730 1875 841 1937 dat.
875 1888 1038 1943 quam
1084 1873 1129 1927 si
1183 1870 1413 1940 patriam
1463 1869 1565 1940 ipsi
1621 1868 1947 1923 tradidisset.

2171 1886 2339 1952 Ιεῖζον
2371 1882 2522 1955 αὐτῷ
2559 1882 2797 1948 δίδωσιν,
2839 1879 2873 1952 ἢ
2903 1880 2952 1932 εί
2983 1877 3085 1949 τὴν
3127 1875 3364 1947 πατρίδα
3421 1871 3675 1926 δέδωκεν

377 1967 574 2022 Totum
605 1967 681 2022 illi
707 1977 974 2020 terrarum
999 1967 1187 2019 orbem
1214 1964 1410 2032 aperit,
1444 1964 1587 2031 quod
1640 1977 1743 2015 non
1795 1961 1881 2014 hal

2171 1980 2236 2050 ᾦ.
2255 1946 2464 2033 γῐΙᾶσαν
2487 1946 2640 2047 αὐτῷ
2667 1975 2768 2044 τὴν
2784 1946 3118 2041 ⁷οἰκουμένην
3143 1946 3500 2035 ἀνοίγνυσιν,
3529 1964 3674 2031 ὅπερ

380 2061 473 2113 bat
493 2058 707 2127 quando
742 2057 795 2111 in
832 2055 1005 2126 patria
1034 2056 1268 2108 vivebat.
1312 2053 1418 2108 Sed
1463 2053 1534 2107 ob
1568 2066 1736 2122 panes
1777 2064 1884 2118 egrt

2171 2049 2352 2143 εἶχεν
2378 2072 2468 2124 ὅτε
2490 2070 2584 2123 ἐπὶ
2602 2067 2703 2137 τῆς
2732 2063 2997 2136 πατρίδος
3017 2057 3108 2132 ἦν.
3127 2059 3293 2114 Ἀλλὰ
3326 2057 3675 2129 βουλόμενον

380 2151 650 2223 volentem
683 2149 947 2219 ligarunt.
970 2146 1104 2201 Vide
1137 2155 1373 2216 quantus
1417 2147 1591 2200 honor
1622 2157 1652 2196 a
1701 2140 1875 2197 Barba

2173 2140 2371 2234 ἄρτους
2401 2159 2664 2227 ἐξελθεῖν,
2688 2156 2908 2226 ἔδησαν.
2945 2153 3092 2223 Ὅρα
3113 2190 3128 2215 ,
3179 2150 3321 2218 πόση
3341 2146 3488 2217 τιμὴ
3520 2145 3677 2216 παρὰ

382 2253 439 2298 ει
463 2243 606 2298 unde
635 2241 777 2297 1³0οῗ
801 2251 947 2311 [θεῖοί
981 2255 1011 2294 θ
1045 2240 1248 2295 (Ἆπίδιί
1287 2241 1488 2310 δί’θῑίδι
2067 2256 2146 2327 τῷ
2182 2253 2454 2326 Βαρϐάρῳ
2490 2250 2662 2308 Πόθεν
2706 2247 2870 2302 τοῦτο
2905 2244 3235 2315 γεγένηταις
3284 2239 3529 2312 εὔδηλον
3566 2238 3676 2291 ἀπὸ

2068 2348 2166 2419 τῆς
2201 2346 2296 2399 τοῦ
2335 2342 2575 2415 Χριστοῦ
2605 2341 2849 2412 χάριτος.

455 2429 659 2485 ’Vens.
693 2429 748 2483 5.
784 2427 852 2482 Et
879 2437 1165 2497 antequam
1186 2425 1428 2480 recedam
1445 2441 1561 2495 ego,
1580 2441 1794 2480 recurre
1818 2433 1894 2489 tu,
1919 2435 1959 2479 et

2192 2441 2243 2492 Κ
2252 2437 2312 2491 αὶ
2347 2436 2490 2504 πρὶν
2531 2430 2864 2502 ἀπαλλαγῶ
2906 2428 3020 2499 ἐγὼ
3041 2469 3056 2493 ,
3085 2427 3386 2494 ἀπότρεχε
3420 2421 3514 2476 σὺ
3533 2461 3550 2486 ,
3579 2419 3677 2504 καί

386 2524 502 2579 redi
532 2524 602 2577 ad
637 2520 913 2578 Godoliam
933 2519 1106 2590 ﬁlium
1131 2520 1402 2576 Achicam.
1421 2518 1623 2590 thuae
1647 2527 1890 2589 sequuntl

2173 2502 2466 2598 ίστρεψον
2486 2525 2600 2594 πρὸ
2627 2522 2734 2577 τὸν
2761 2519 3062 2576 Γοδολίαν
3085 2518 3220 2571 υἱὸν
3249 2513 3517 2583 Ἀχικὰμ
3535 2553 3554 2576 ,
3585 2502 3677 2562 καὶ

2072 2623 2145 2676 τὰ
2175 2622 2325 2686 ἑξῆς.

461 2711 658 2766 Adhuc
712 2707 954 2766 exercitu
997 2713 1328 2778 congregato
1355 2721 1382 2760 a
1417 2720 1544 2777 rege
1601 2703 1800 2760 missus
1847 2717 1965 2774 pro-

2175 2625 2200 2676 ὲ
2310 2660 2325 2674 .

2171 2625 2303 2768 ΕΞἾς
2323 2710 2417 2766 τοῦ
2451 2709 2685 2781 στρατοῦ
2722 2706 3086 2778 συνηγμένου,
3122 2703 3206 2756 ὅτι
3233 2699 3395 2769 παρὰ
3439 2695 3543 2750 τοῦ
3581 2693 3675 2764 βα-

390 2803 611 2874 phetam
643 2801 873 2869 dimisit,
908 2814 976 2856 ne
1030 2800 1078 2856 si
1130 2799 1306 2855 solum
1359 2797 1717 2863 invenissent,
1747 2797 1824 2852 ιιιί
1848 2796 1894 2852 al

2170 2810 2274 2873 ἑως
2313 2805 2646 2868 ἀποσταλεὶς
2695 2800 2997 2873 ἀπέπεμψε
3021 2799 3114 2852 τὸν
3143 2795 3474 2867 προφήτην,
3505 2791 3586 2853 ὡς
3614 2789 3674 2842 ἂν

393 2913 521 2952 num
553 2895 945 2951 Ῑηίθτθοθτθηίο
2079 2902 2159 2974 μὴ
2195 2901 2358 2974 μόνον
2385 2898 2551 2954 αὐτὸν
2586 2896 2888 2969 εὑρηκότες
2914 2894 3196 2964 ἀλλότριον
3237 2889 3512 2944 άνέλωσι.

464 2989 546 3044 Ad
572 2990 702 3058 quid
726 2987 867 3042 hoc?
897 3001 964 3043 ne
994 2986 1125 3057 quid
1151 2996 1272 3056 post
1303 3001 1578 3044 recessum
1609 2986 1814 3042 violare
1846 3002 1968 3057 pos-

2171 2993 2323 3048 Γοῦτο
2351 2992 2500 3054 τίνος
2529 2990 2760 3057 ἓνεκεν;
2792 2988 2880 3042 ἵνα
2930 2986 3096 3059 μηδὲν
3129 2983 3228 3057 ἓξῃ
3277 2977 3675 3049 κακουργῆσαι

398 3083 473 3140 sit
525 3083 849 3139 beneﬁcium
899 3095 1102 3137 meum.
1129 3080 1226 3137 Vel
1279 3093 1336 3136 ut
1373 3083 1680 3138 videntibus
1723 3081 1902 3136 omnib

2169 3105 2180 3140 ν
2229 3085 2374 3159 ἐμὴν
2425 3084 2592 3157 χάριν
2647 3081 2792 3155 μετὰ
2833 3079 2932 3152 τὴν
2985 3075 3360 3149 ἀναχώρησιν.
3417 3071 3496 3124 Ἦ
3536 3069 3673 3122 ὥστε

399 3177 507 3232 hoc
536 3177 649 3231 “alo
2081 3181 2302 3235 πάντων
2330 3177 2610 3249 ὁρώντων,
2643 3174 2804 3229 τοῦτο
2835 3174 3084 3243 γένηται.

475 3270 637 3324 Vens.
670 3269 724 3324 6.
755 3267 824 3324 Et
855 3269 989 3324 venit
1022 3267 1090 3322 ad
1113 3267 1414 3323 Godolinm.

2006 3287 2050 3346 ε
2153 3272 2264 3329 Καὶ
2291 3268 2439 3343 ἦλθε
2472 3269 2622 3338 πρὸς
2648 3267 2966 3324 Γοδολίσν.

473 3361 632 3426 Vide,
655 3377 858 3432 quaeso,
883 3362 1282 3433 providentiam
1303 3359 1419 3428 Dei,
1439 3358 1531 3428 qui
1551 3367 1604 3414 et
1629 3368 1751 3429 post
1771 3360 1977 3431 irroga-

2171 3365 2273 3418 θέα
2310 3380 2402 3434 μοι
2427 3360 2742 3431 οἰκονομίαν
2774 3356 2936 3424 Θεοῦ,
2968 3355 3064 3410 καὶ
3096 3354 3234 3426 μετὰ
3264 3351 3369 3423 τὴν
3400 3347 3675 3422 τιμωρίαν

405 3465 487 3509 tas
521 3469 711 3523 poenas
756 3453 979 3508 multam
997 3467 1187 3508 eorum
1233 3465 1420 3505 curam
1448 3451 1606 3520 gerit,
1643 3465 1747 3506 non
1784 3467 1909 3521 pern

2170 3455 2296 3528 λλὴν
2328 3454 2525 3525 ἔχοντα
2551 3453 2732 3507 αὐτῶν
2757 3451 2857 3524 τὴν
2887 3449 3180 3520 πρόνοιαν·
3210 3445 3272 3498 οὐ
3311 3442 3674 3512 συνεχώρησε

404 3551 478 3606 sit
510 3561 570 3604 nt
596 3549 860 3605 Jeremias
879 3547 1208 3621 Babylonem
1245 3547 1369 3602 iret.
1401 3545 1535 3600 Nam
1583 3548 1707 3616 quia
1759 3548 1908 3617 popul

2170 3567 2189 3601 υ
2227 3548 2528 3601 Βαϐυλῶνα
2579 3544 2916 3600 καταλαϐεῖν
2964 3541 3057 3595 τὸν
3102 3538 3406 3611 Ἰερεμίαν.
3459 3533 3674 3602 Ἐπειδὴ

405 3641 460 3696 in
491 3640 626 3695 duas
648 3649 827 3710 partes
856 3639 1062 3695 divisus
1103 3647 1244 3703 erat,
1279 3645 1333 3692 et
1363 3653 1466 3692 una
1505 3637 1722 3706 quidem
1755 3636 1909 3708 Babyl

2172 3659 2198 3713 ρ
2219 3642 2299 3705 εἰς
2325 3639 2420 3694 δύο
2438 3640 2665 3712 διῄρητο
2694 3638 2834 3710 μέρη
2860 3634 2929 3689 τά
2953 3633 3047 3688 τοῦ
3073 3631 3204 3686 λαοῦ
3227 3631 3566 3702 πράγματαε
3591 3629 3676 3680 καὶ

407 3746 531 3787 nem
575 3730 948 3798 fuitabducta,
979 3731 1147 3786 altera
1179 3744 1310 3785 vero
1341 3730 1395 3785 in
1445 3728 1736 3802 [Egyptum
1777 3731 1911 3799 capti

2171 3737 2270 3810 μὲν
2325 3736 2406 3800 εἰς
2456 3732 2758 3787 Βαϐυλῶνα
2810 3727 3164 3800 ἀπήχθησαν,
3199 3721 3350 3779 οὗτοι
3381 3723 3440 3776 δὲ
3479 3725 3560 3784 εἰς
3592 3721 3675 3773 Αί-

411 3825 676 3888 ducenda,
716 3825 802 3878 his
837 3823 982 3878 hunc
1014 3824 1337 3878 reservavit.
1375 3822 1759 3878 Habebantilli
1791 3821 1915 3875 Danl

2170 3849 2303 3887 πτον
2339 3830 2567 3901 ἔμελλον
2607 3821 3132 3898 αἱχμαλωτίζεσθαι,
3183 3817 3402 3881 τούτοις
3439 3816 3673 3885 ἐτήρησε

409 3913 518 3968 lem
549 3922 603 3968 et
643 3913 1012 3994 Ezechielem.
1067 3911 1185 3968 Non
1217 3913 1330 3967 vult
1373 3914 1538 3983 igitur
1584 3913 1753 3968 totius
1787 3913 1910 3967 inﬁr

2167 3925 2305 3979 ΰτον.
2336 3919 2499 3993 Εἶχον
2533 3924 2735 3976 ἐκεῖνοι
2763 3918 2856 3973 τὸν
2884 3915 3084 3987 Δανιὴλ
3118 3913 3214 3968 καὶ
3246 3912 3339 3966 τὸν
3385 3909 3671 3974 Ἰεζεκιήλ.

411 4005 662 4074 corporis
701 4005 755 4058 in
782 4018 948 4057 unum
990 4003 1230 4058 medicos
1259 4017 1618 4073 congregare,
1646 4018 1715 4058 ne
1746 4018 1875 4072 pars
1909 4021 1915 4054 :

2218 4016 2470 4088 βούλεται
2529 4013 2708 4067 τοίνυν
2759 4009 2962 4073 παντὸς
3001 4003 3099 4061 τοῦ
3155 4003 3416 4073 σώματος
3449 3999 3550 4053 τοῦ
3580 3999 3671 4051 κὰ-

415 4105 532 4152 tera
576 4096 863 4166 plusquam
922 4096 1210 4166 oportebat
1263 4096 1512 4163 haberet,
1545 4097 1716 4150 altera
1771 4110 1919 4165 prors

2171 4132 2346 4182 οντος,
2378 4115 2457 4177 εἰς
2490 4112 2548 4165 ἓν
2575 4110 2905 4178 συναγαγεῖν
2931 4107 3058 4170 τοὺς
3092 4103 3331 4173 ἰατροὺς,
3378 4101 3471 4152 ἵνα
3515 4098 3591 4168 μὴ
3623 4096 3674 4147 τὸ

415 4189 577 4254 nihil,
603 4189 698 4243 sed
725 4203 1062 4258 unaquaeque
1099 4205 1196 4260 pro
1239 4198 1358 4243 rata
1393 4188 1674 4258 portione;
1725 4189 1818 4244 sed
1849 4203 1917 4259 qu

2170 4227 2198 4262 ν
2232 4207 2394 4260 πλέον
2430 4204 2528 4258 τοῦ
2568 4205 2783 4265 δέοντος
2816 4199 3067 4270 ἀπολάϐῃ
3089 4238 3104 4263 ,
3146 4197 3208 4249 τὸ
3246 4195 3304 4247 δὲ
3339 4192 3482 4264 μηδὲ
3525 4192 3671 4252 ὅλως,

415 4280 472 4336 in
496 4281 756 4352 apostolis
799 4290 1095 4346 servatum,
1135 4279 1268 4348 ipsis
1319 4294 1535 4350 quoquo
1563 4293 1780 4334 versum
1815 4278 1919 4335 diss

2167 4301 2213 4354 λ’
2251 4301 2486 4354 ἕκαστον
2515 4296 2656 4352 κατὰ
2691 4296 2791 4365 τὴν
2824 4290 3193 4364 συμμετρίαν.
3237 4285 3384 4342 Ἀλλ’
3421 4286 3563 4356 ὅπερ
3591 4283 3671 4334 ἐπὶ

417 4376 656 4440 minatis,
688 4390 756 4430 ne
789 4376 842 4429 in
874 4390 1040 4429 unum
1075 4374 1258 4430 sidera
1298 4373 1676 4439 convenirent,
1713 4372 1818 4428 hoc
1849 4382 1904 4427 et

2167 4411 2206 4445 ιν
2247 4388 2563 4444 ἀποστόλων
2605 4385 2846 4456 ἐγένετο,
2893 4379 3168 4450 πανταχοῦ
3211 4375 3671 4445 διασπειρομένων

415 4467 694 4539 praphetis
719 4468 877 4539 plane
917 4467 1119 4524 factum
1139 4477 1246 4524 est.

2172 4483 2303 4548 τῶν,
2354 4483 2495 4536 ὥστε
2549 4479 2624 4552 μὴ
2674 4480 2754 4543 εἰς
2799 4479 2858 4530 ἓν
2912 4472 3186 4527 συνελθεῖν
3234 4471 3367 4533 τοὺς
3418 4468 3669 4537 ἀστέρας,

2100 4577 2262 4630 τοῦτο
2314 4576 2407 4630 καὶ
2453 4573 2550 4627 ἐπὶ
2606 4572 2717 4624 τῶν
2766 4570 3066 4642 προφητῶν
3123 4566 3246 4620 τότε
3310 4563 3555 4633 μάλιστα
3599 4559 3671 4626 γί-

2026 4663 2072 4720 Β
2099 4687 2267 4726 νεται.

1021 4792 1173 4848 CAP.
1217 4791 1351 4846 XLI.

2676 4796 2930 4851 ΚΕΦΑΛ.
2966 4794 3018 4848 id
3028 4794 3104 4845 A'.

494 4928 661 4983 Vsus.
681 4925 738 4980 2.
763 4926 832 4981 Et
856 4931 1145 4981 resurrexit
1175 4926 1396 4982 Ismael.

1351 4927 1396 4980 τι·
2168 4937 2279 4995 Καὶ
2307 4936 2536 5002 ἀνέστη
2578 4931 2855 5004 Ἰσμαήλ.

489 5019 600 5074 Cur
637 5019 778 5074 Deus
834 5018 1084 5087 permisit
1130 5018 1305 5072 occidi
1368 5017 1666 5084 hominem,
1684 5019 1915 5088 probum
1945 5027 1993 5074 el

2169 5027 2327 5092 Τίνος
2358 5026 2547 5080 ἕνεκεν
2579 5022 2963 5094 συνεχώρησεν
2987 5021 3016 5074 ὁ
3039 5018 3174 5081 Θεὸς
3208 5015 3570 5088 ἀναιρεθῆναι
3594 5014 3670 5067 τὸν

422 5111 747 5174 modestum,
785 5116 1045 5178 tantaque
1095 5105 1310 5163 Judaeos
1368 5107 1681 5166 defensione
1720 5116 1926 5166 tuente:

2165 5119 2415 5187 νθρωπον,
2455 5114 2694 5189 χρηστὸν
2725 5112 2856 5167 ὄντα
2889 5112 2986 5164 καὶ⁵
3015 5107 3260 5179 ἐπιεικῆ,
3296 5107 3397 5162 καὶ
3416 5106 3669 5175 τοσαύτης

422 5215 475 5259 et
496 5203 700 5273 reliqua
729 5216 852 5272 quae
879 5215 1040 5270 supra
1081 5200 1435 5257 scribuntur?

2166 5210 2391 5274 ουδαίοις
2425 5205 2764 5280 προστασίας
2792 5201 3142 5275 μεταδιδόντα
3166 5239 3182 5268 ,
3215 5198 3313 5252 καὶ
3339 5197 3414 5251 τά
3444 5195 3569 5268 ἑξῆς
3588 5197 3670 5249 ὅσα

533 5383 697 5439 Vens.
727 5385 782 5441 9.
810 5385 874 5437 Et
893 5391 1078 5452 puteus
1108 5383 1164 5438 in
1179 5399 1330 5454 quem
1357 5383 1575 5454 projecit
1605 5383 1801 5440 Ismael
1823 5386 2004 5440 omnia

2164 5303 2413 5373 zacpouotv
2444 5299 2654 5354 ἄνωθεν
2679 5314 2696 5362 ;

2176 5397 2193 5415 ⁶
2219 5393 2289 5451 Τὸ
2313 5392 2384 5447 δὲ
2415 5391 2624 5463 φρέαρ,
2655 5391 2744 5456 είς
2777 5388 2810 5443 ὃ
2841 5387 3089 5456 ἔρριψεν
3125 5380 3373 5451 ἰσμα-ὴλ
3399 5379 3592 5432 πάντα
3611 5376 3668 5429 τὰ

428 5473 688 5527 cadavera
727 5475 960 5526 virorum
1003 5489 1134 5543 quos
1186 5483 1516 5544 percusserat
1550 5490 1668 5528 eum
1731 5477 1932 5530 Godolit

2165 5489 2356 5560 ὑματα
2393 5485 2513 5541 τῶν
2545 5482 2782 5552 ἀνδρῶν
2819 5476 2907 5535 ὧν
2952 5478 3266 5534 ἀπέκτεινε
3315 5473 3469 5545 μετὰ
3509 5471 3669 5526 Podo-

427 5577 615 5635 puteus
657 5581 877 5635 magnus
903 5574 1002 5632 est,
1036 5583 1186 5638 quem
1212 5567 1336 5636 fecit
1377 5584 1468 5623 rea:
1499 5570 1642 5623 Asan
1683 5587 1716 5622 a
1753 5568 1889 5637 faeie
1923 5585 1931 5623 ι

2164 5582 2269 5646 ζου,
2326 5577 2513 5648 φρέαρ
2564 5575 2720 5646 μέγα
2763 5573 2956 5638 ἐστὶν,
3013 5569 3045 5624 ὃ
3090 5570 3347 5635 ἐποίησε
3386 5561 3668 5630 βασιλεὺς

430 5661 506 5729 gis
537 5656 729 5722 Israel,
752 5675 870 5712 eum
907 5657 1111 5712 Rhama
1135 5659 1400 5729 fabricare
1428 5661 1592 5715 voluit
1616 5661 1815 5716 Baasa.

2166 5673 2300 5726 λσὰν
2333 5670 2452 5724 ἀπὸ
2493 5665 2822 5735 προσώπου
2854 5659 3166 5728 ,ϐασιλέως
3214 5657 3483 5726 Ἰσραὴλ,
3514 5656 3670 5723 ἡνίκα

2112 5763 2231 5831 τὴν
2273 5762 2457 5831 Ῥαμὰ
2487 5759 2690 5813 κτίσαι
2709 5753 3020 5825 ἠϐουλήθη
3046 5757 3079 5808 ὀ
3112 5749 3347 5807 Βαασὰ.

495 5847 723 5914 Quando
771 5847 976 5904 auxilio
1031 5847 1156 5920 Syri
1189 5849 1467 5920 impedivit
1512 5865 1633 5905 eum
1693 5849 1760 5904 ab
1807 5864 1999 5918 opere;

2201 5853 2325 5906 Ἐπὶ
2361 5852 2420 5905 δὲ
2471 5849 2790 5920 συμμαχίαν
2833 5846 2930 5899 τοῦ
2962 5844 3138 5916 Σύρου
3178 5843 3492 5912 ἀπέστησεν
3530 5840 3669 5893 αὑτὸν

433 5941 578 5993 Asan
615 5939 703 5994 ubi
730 5938 916 5997 urbem
945 5939 1237 6008 I‘abricaus,
1271 5956 1392 5995 eum
1429 5949 1576 5995 esset
1631 5955 1823 6010 magna
1856 5955 1937 6011 aqi

2163 5945 2212 6000 δύ
2241 5945 2425 6016 ἕργου’
2457 5943 2616 5998 ’Λσὰν
2647 5939 2837 5995 αὐτόοι
2862 5938 3018 5993 πόλιν
3055 5937 3268 6003 κτίσας,
3300 5935 3492 6006 ἐπειδὴ
3519 5934 3667 5989 ἔνδεια
