3810 6542
387 413 515 470 1011
1131 412 1696 470 SUPPLEMENTUM
1732 416 1822 470 AD
1859 418 1914 471 S.
1954 417 2008 472 J.
2048 416 2533 474 CIIRYSOSTOMI
2570 417 2822 472 OPEBA.
3518 416 3684 470 1012
3731 377 3733 379 ι

387 546 511 585 eum
544 530 620 584 illi
653 539 802 586 esset
834 530 1102 602 integrum
1155 532 1236 586 ire
1277 546 1384 600 quo
1425 532 1607 598 vellet,
1637 534 1824 588 maluit
1862 549 1953 588 vo-

2130 552 2289 604 ερον,
2328 536 2448 604 tile
2498 535 2688 606 κύριος
2737 534 2812 589 ὢν
2868 534 3127 588 ἀπελθεῖν
3185 534 3318 587 ὅποι
3372 531 3683 601 βούλεται,

386 621 592 679 bist-um
615 621 879 678 manere?

2130 625 2187 678 εθ⁹
2221 626 2374 695 ὑμῶν
2403 625 2577 678 εἵλετο
2613 626 2796 695 μένειν
2823 642 2838 691 ς

362 787 369 794 ε
457 715 624 770 Vsus.
654 713 709 769 6.
743 713 811 768 Et
834 714 1122 768 Jerentiam
1152 716 1480 784 prophetam.

2134 717 2245 772 Kal
2287 718 2576 786 Ἰερεμίαν
2601 717 2710 771 τὸν
2740 717 3077 786 προφήτην.

361 806 366 810 ’
459 805 572 861 Cur
599 805 773 860 secuti
803 815 933 860 sunt
967 807 1062 860 bi?
1097 822 1165 862 ne
1197 808 1326 876 quid
1359 809 1515 877 pejus
1534 809 1804 862 eveniret.
1825 807 1962 864 Vide

2136 808 2294 872 Τίνος
2325 809 2513 862 ἕνεκεν
2532 808 2909 880 ἠκολούθησαν
2933 803 3081 864 οὗτοι
3109 826 3124 874 ;
3156 811 3244 864 ἵνα
3273 810 3349 882 μὴ
3376 809 3586 882 χεῖρῦν
3630 827 3687 862 τι

389 899 668 966 antiquunm
700 899 973 961 morbum,
1007 914 1198 953 rursus
1243 899 1294 952 in
1326 897 1644 969 IEgyptum.
1681 899 1962 966 Quomodo

2134 917 2292 970 νηται
2325 899 2517 954 κακόν.
2565 900 2709 971 Ὅρα
2730 899 2829 970 τὴν
2869 900 3094 971 πρώτην
3131 901 3309 955 νόσον.
3362 903 3560 954 Πάλιν
3597 904 3688 964 εἰς

390 991 442 1042 in
474 992 682 1056 seipsos
721 990 860 1044 mala
911 1005 1126 1059 semper
1174 992 1544 1055 attrahebant,
1599 1000 1776 1047 tamen
1837 992 1964 1047 illuc

2130 991 2361 1060 ’γυπτον.
2400 991 2526 1054 Πῶς
2569 993 2784 1054 ἑαυτοῖς
2841 993 2929 1045 ἀεὶ
2975 993 3045 1044 τὰ
3093 993 3240 1046 κακά
3272 994 3682 1048 ἐπισπῶνται.

389 1080 664 1146 profectos
705 1081 994 1152 dereliquit
1032 1083 1196 1147 Deus,
1232 1098 1408 1152 neque
1442 1083 1580 1137 dixit
1613 1099 1625 1136 :
1655 1083 1809 1150 Quod
1839 1085 1963 1138 inde

2130 1082 2220 1134 .λλ’
2249 1082 2396 1152 ὅμως
2426 1082 2546 1135 οὐδὲ
2566 1084 2683 1134 ἐκεῖ
2705 1081 3184 1153 παραγενομένους
3221 1081 3412 1136 εἷασεν
3445 1086 3476 1135 ὁ
3499 1083 3682 1145 Θεὸς,

389 1173 638 1226 lucrum?
669 1173 933 1232 Abierunt
957 1189 1087 1245 ergo
1136 1175 1187 1230 in
1231 1174 1546 1245 Egyptum.
1580 1174 1685 1229 Sed
1720 1177 1967 1244 perspice

2133 1175 2187 1227 δὲ
2207 1168 2330 1226 εἶπε
2349 1189 2363 1202 ⁸
2400 1173 2466 1226 Τι
2496 1173 2558 1226 τὸ
2588 1173 2777 1244 κέρδος
2803 1193 2818 1241 ς
2845 1173 3031 1227 λοιπὸν
3074 1173 3346 1244 κατῆλθον
3377 1175 3464 1236 εἰς
3491 1178 3685 1241 Αἴγυ-

390 1280 513 1333 ιιιιιε
548 1265 677 1332 ipsis
707 1266 966 1334 praedicat
1009 1264 1296 1332 Jeremias,
1349 1267 1441 1336 qui
1479 1267 1568 1321 Dei
1607 1281 1668 1321 os
1709 1276 1830 1320 erat
1857 1281 1964 1320 non

393 1356 706 1422 attendens,
739 1358 784 1414 si
814 1357 941 1428 quid
974 1358 1046 1412 illi
1077 1357 1446 1426 deliquerant,
1469 1359 1561 1412 sed
1609 1357 1772 1413 veluti
1817 1367 1968 1427 pater

395 1448 802 1503 amantissimus
835 1448 1004 1502 lilium
1033 1449 1302 1504 furentem
1334 1449 1533 1518 ubique
1557 1463 1816 1516 sequens.
1848 1446 1967 1500 Non

396 1551 604 1596 temere
656 1549 833 1596 autem
868 1541 1044 1612 posita
1087 1541 1282 1597 deinde
1309 1555 1435 1596 sunt
1490 1556 1611 1612 quae
1647 1542 1715 1595 ad
1754 1540 1966 1594 Barucb

394 1639 663 1701 spectant.

466 1723 631 1780 Vens.
655 1724 709 1780 9.
739 1724 923 1780 Sumes
949 1725 1044 1779 tibi
1067 1725 1269 1793 lapides
1299 1726 1544 1796 grandes.

461 1814 623 1868 Ponit
647 1815 855 1883 lapides
878 1814 980 1869 sub
1011 1830 1166 1869 muro
1204 1815 1479 1868 lateritio:
1513 1827 1727 1880 semper
1774 1827 1968 1882 corpoc

397 1923 546 1961 reum
579 1907 780 1976 aliquid
820 1909 951 1978 agit,
991 1917 1048 1961 ut
1086 1909 1166 1962 eis
1199 1910 1446 1973 suadeat,
1481 1916 1537 1960 ut
1562 1907 1669 1961 illis
1710 1906 1970 1975 majorem

397 2000 644 2052 timorem
669 1998 944 2054 incutiat:
987 2000 1082 2054 sed
1129 2013 1224 2055 eos
1277 2013 1497 2069 capere,
1523 2007 1618 2053 aut
1642 1999 1972 2069 persuadere

395 2107 502 2148 non
529 2090 714 2146 valuit.

469 2183 632 2238 Vens.
683 2184 769 2238 10.
803 2182 944 2249 Eos,
980 2185 1056 2238 sic
1105 2183 1239 2237 dixit
1294 2181 1554 2237 Dominus
1609 2181 1885 2244 virtutum,
1918 2191 1971 2235 et

396 2289 518 2344 qua:
560 2284 882 2346 sequuntur.

468 2366 532 2420 Et
559 2367 816 2438 praecepit
851 2368 924 2423 illi
967 2367 1110 2424 Deus
1151 2368 1204 2422 in
1251 2367 1368 2423 loco
1401 2366 1656 2434 laterum,
1690 2367 1790 2420 hoc
1830 2365 1972 2418 enim

396 2466 480 2513 est
503 2456 711 2528 lapides
750 2472 953 2528 ponere
1005 2459 1057 2512 in
1094 2458 1214 2514 loco
1265 2473 1373 2527 quo
1411 2455 1718 2512 formantur
1747 2455 1968 2516 lateres,

397 2557 459 2604 ut
498 2549 680 2604 throni
709 2549 1006 2604 referretur
1039 2550 1209 2619 ligura
1236 2559 1290 2604 et
1324 2549 1435 2602 luto
1465 2549 1732 2602 liniretur.
1772 2547 1973 2614 Sicque

396 2641 782 2712 praenuntiavit
802 2641 1358 2696 Nabuchodonosoris
1378 2651 1680 2708 regressum
1710 2655 1722 2690 :
1754 2645 1807 2690 ct
1833 2635 2000 2706 quod

399 2745 554 2802 capta
588 2733 740 2798 urbe,
772 2733 826 2786 in
857 2732 1085 2788 locoillo
1103 2733 1298 2786 solium
1323 2748 1478 2786 suum
1505 2729 1782 2800 positurus
1805 2737 1972 2784 esset.

399 2822 515 2881 Hoc
552 2838 681 2878 vero
708 2825 967 2893 praecepit
999 2831 1058 2879 ut
1090 2823 1312 2886 laceret,
1345 2838 1414 2878 ne
1447 2831 1634 2877 essent
1669 2821 1763 2891 qui
1787 2821 1977 2876 inanes

400 2917 541 2987 apud
603 2917 860 2986 papulum
901 2926 1222 2987 spargerent.
1287 2928 1588 2970 sermones.
1649 2912 1784 2969 Cum
1830 2913 1976 2967 enim

400 3025 591 3064 omnes
620 3011 866 3065 viderent
895 3011 1010 3065 haec
1052 3010 1120 3064 ab
1175 3010 1292 3078 ipso
1325 3009 1441 3064 lieri
1484 3010 1538 3064 in
1570 3007 1806 3080 Egypto
1834 3045 1850 3072 ,
1885 3005 1978 3061 ubi

402 3117 498 3156 rex
529 3100 749 3171 [Egypti
783 3102 1024 3172 regimen
1081 3103 1372 3157 exercebat
1403 3101 1808 3162 universorum,
1873 3111 1972 3152 nec

2069 1285 2224 1322 πτον.
2278 1266 2419 1320 Ἀλλ’
2448 1268 2550 1336 ὅρα
2585 1268 2768 1328 αὐτοῖς
2795 1261 2883 1319 οἷα
2929 1268 3312 1337 προφητεύειό
3354 1265 3684 1335 ’1ερεμέας,

2072 1361 2246 1430 στόμα
2264 1359 2399 1413 θεοῦ
2426 1359 2522 1413 ὥν.
2546 1360 2656 1413 Καὶ
2678 1359 2915 1429 οὐδαμοῦ
2941 1358 3160 1411 σκοπῶν
3185 1360 3236 1411 ετ
3258 1377 3313 1412 τι
3339 1359 3679 1426 ἐλύπησαν,

2072 1453 2211 1506 ἀλλὰ
2263 1452 2521 1522 καθάπερ
2552 1453 2736 1523 πατὴρ
2771 1453 3128 1522 φιλόστοργος
3173 1451 3464 1521 πανταχοῦ
3517 1469 3683 1520 scapo

2071 1544 2354 1598 ακολουθεί
2377 1545 2452 1614 τῷ
2483 1544 2636 1598 παιδὶ
2671 1543 2984 1614 μαινομένῳ
3006 1559 3019 1573 σ
3052 1544 3156 1613 οὐχ
3207 1543 3402 1608 ἁπλῶς
3428 1544 3490 1597 δὲ
3527 1545 3682 1612 μετὰ

2072 1635 2242 1688 ταῦτα
2267 1637 2334 1686 τὰ
2370 1633 2465 1687 τοῦ
2503 1635 2722 1704 Βαροῦχ
2749 1633 2971 1703 ἔθηκεν.

2142 1725 2297 1780 Λάϐε
2321 1724 2557 1790 σεαυτῷ
2577 1725 2788 1790 λίθους
2808 1724 3133 1793 μεγάλους.

2145 1815 2340 1887 Τῐθησι
2373 1815 2554 1878 λίθους
2578 1817 2636 1868 ὲν
2666 1815 2744 1886 τῷ
2769 1815 3014 1886 πλινθίῳ.
3068 1818 3215 1870 [ἰοιεῖ
3244 1834 3295 1868 τι
3347 1817 3440 1869 ἀεὶ
3488 1833 3680 1884 σωμαο

2005 1895 2046 1949 Β
2073 1909 2247 1974 τικδν,
2280 1909 2365 1963 ἵνα
2410 1910 2594 1982 πείσῃ,
2635 1908 2775 1963 ὥστε
2826 1912 3026 1974 αὐτοὺς
3078 1911 3440 1980 καταπλῆξαι
3478 1909 3676 1962 πὶέον.

2087 2002 2226 2056 Ἀλλ’
2255 2004 2355 2056 ούκ
2382 1997 2602 2072 ἴσχυσεν
2639 2003 2835 2066 αὐτοὺς
2859 2003 3001 2056 ἑλεῖν
3045 2002 3166 2056 οὐδὲ
3196 2006 3411 2056 πεῖσαι.

2149 2189 2348 2254 Οὕτως
2368 2183 2499 2242 εἷπε
2530 2187 2744 2254 Κύριος
2770 2184 2886 2238 τῶν
2915 2184 3256 2256 δυνάμεων,
3285 2171 3477 2253 stoici
3513 2182 3673 2251 ἑξῆς.

2147 2371 2490 2442 Προσέταξεν
2529 2368 2677 2440 αύτῷ
2703 2368 2834 2431 Θεὸς
2874 2367 2967 2422 ἐπὶ
3015 2368 3108 2421 τοῦ
3148 2369 3316 2420 τόπου
3349 2367 3467 2420 τῶν
3513 2366 3678 2418 xliv-

2079 2462 2218 2517 θων’
2249 2461 2410 2515 τοῦτο
2436 2461 2543 2532 γάρ
2569 2460 2717 2513 ἐστιν
2746 2460 2804 2512 ἐν
2837 2456 2916 2528 τῷ
2951 2455 3214 2527 πλινθείῳ
3255 2455 3449 2517 λίθους
3485 2471 3665 2506 καταο

2079 2552 2301 2616 θέσθαι,
2363 2551 2503 2606 ὥστε
2580 2547 2718 2604 εἶναι
2803 2549 2990 2620 σχῆμα
3069 2548 3282 2620 θρόνου,
3361 2547 3462 2600 καὶ
3512 2543 3675 2613 πηλῷ

2079 2645 2428 2716 καταχρίσαι.
2470 2644 2579 2698 Καὶ
2601 2643 2742 2696 οὕτω
2769 2645 2997 2712 προεῖπε
3031 2639 3125 2693 τοῦ
3169 2637 3670 2708 Ναϐουχοδονόσορ

2079 2736 2178 2808 τὴν
2208 2736 2415 2800 ἄνοδον,
2446 2735 2540 2788 καὶ
2567 2734 2642 2798 ὡς
2674 2733 2809 2787 ἐλὼν
2841 2733 2943 2804 τὴν
2979 2732 3136 2785 πόλιν
3173 2730 3265 2782 ὑπ’
3311 2727 3536 2782 ἐκείνου
3580 2726 3672 2779 τοῦ

2078 2829 2246 2882 τόπου
2277 2825 2369 2880 τὸν
2403 2825 2597 2880 ἑαυτοῦ
2621 2824 2809 2898 θρόνον
2837 2823 3015 2896 θήσει.
3040 2823 3210 2877 Τοῦτο
3234 2820 3289 2874 δὲ
3322 2817 3673 2890 προσέταξεν

2080 2917 2226 2988 αύτῴ
2255 2917 2502 2986 ποιῆσαι,
2525 2916 2673 2979 ὅπως
2697 2915 2762 2969 ἂν
2787 2914 2861 2987 μὴ
2894 2915 3072 2985 μάτην
3097 2911 3440 2982 φθέγγησθε.
3458 2909 3670 2981 ὐρῶνο

2080 3030 2171 3076 τες
2197 3013 2326 3083 γὰρ,
2355 3012 2438 3066 ὅτι
2468 3013 2524 3064 ὲν
2559 2991 2831 3080 ξᾹῐγύπτῳ
2863 3009 2993 3062 ἔνθα
3022 3010 3050 3062 ό
3074 3006 3223 3077 βασι)
3238 3007 3330 3070 ab;
3367 3004 3672 3068 ἐκαθέζετο

2081 3107 2180 3176 τῆς
2199 3105 2475 3174 Αἰγύπτου
2502 3105 2591 3157 ὑπ’
2618 3102 2799 3156 αὐτῶν
2825 3101 2933 3155 τῶν
2964 3099 3252 3172 βασιλειῶν
3274 3097 3440 3152 τοῦτο
3470 3095 3671 3159 ἐποίει,

403 3209 510 3247 ιιοιι
545 3202 599 3248 et
629 3208 810 3249 coram
854 3194 1042 3248 iisdem
1091 3173 1329 3264 regib’us,
1359 3193 1540 3247 dicere
1588 3190 1702 3261 jam
1755 3188 1978 3243 minimc

2130 3199 2183 3251 'nc
2214 3197 2294 3250 ἔτι
2315 3197 2496 3267 λέγειν
2524 3196 2778 3250 ἐδύναντο
2806 3195 2948 3250 κατὰ
2977 3195 3140 3265 χᾲριν
3171 3191 3265 3246 τοῦ
3302 3189 3669 3243 Βαϐυλωνέου

403 3272 677 3355 poterant,
730 3287 782 3340 in
820 3284 1101 3357 Babylonii
1152 3287 1384 3354 gratiam
1439 3285 1611 3356 ipsum
1648 3284 1794 3341 illius
1837 3299 1980 3355 prte-

403 3379 659 3434 nuntiare
699 3378 954 3433 reditum.
997 3377 1136 3445 Quin
1176 3379 1355 3450 potius
1411 3393 1516 3432 non
1580 3376 1844 3443 absentis,
1887 3377 1982 3432 sed

404 3470 552 3524 illius
583 3469 673 3538 qui
706 3469 776 3524 ibi
803 3469 1042 3524 dominio
1078 3470 1387 3540 potiebatur
1422 3468 1560 3522 inire
1583 3465 1848 3532 favorem,
1886 3481 1976 3521 ne-

406 3577 511 3632 que
537 3561 612 3616 illi
643 3562 944 3625 adulatutn,
981 3562 1072 3631 qui
1110 3576 1208 3616 nec
1233 3577 1356 3616 eum
1392 3560 1626 3615 audiret.

481 3651 643 3708 Vens.
699 3649 786 3720 10,
827 3653 911 3707 Η.
950 3651 1013 3707 Et
1041 3662 1198 3722 ponet
1234 3670 1384 3707 arma
1424 3669 1582 3719 super
1628 3668 1768 3715 eum,
1801 3661 1850 3706 et
1875 3650 1981 3705 ele-

406 3744 548 3798 nabit
577 3760 730 3798 arma
762 3760 859 3798 sua
898 3759 1056 3814 super
1085 3760 1194 3810 eos,
1220 3753 1270 3798 et
1302 3742 1633 3814 ingredietur
1659 3752 1707 3796 et
1732 3742 1983 3811 percutiet

406 3849 601 3893 terram
629 3836 872 3907 Egypti.

477 3926 722 3984 Obscure
751 3927 982 3998 positum
1023 3937 1106 3982 est
1149 3928 1203 3982 in
1249 3926 1438 3982 Graeco
1511 3942 1523 3978 :
1574 3925 1668 3979 sed
1716 3918 1982 3979 sententia

407 4019 958 4075 ltzecestuentorium
993 4034 1173 4082 suum,
1206 4019 1348 4088 quod
1390 4017 1615 4086 regibus
1676 4016 1732 4071 in
1789 4017 1986 4072 castris

407 4113 622 4182 erigere
647 4121 1070 4176 consueverunt,
1100 4111 1190 4164 hic
1211 4119 1434 4164 statuet.
1467 4108 1598 4163 Illud
1623 4109 1802 4184 igitur,
1831 4115 1985 4176 ponet

409 4221 561 4260 arma
583 4221 706 4271 sua,
737 4202 1019 4269 Hebrmus,
1072 4213 1119 4257 et
1167 4202 1413 4256 eatendet
1469 4200 1754 4255 tentorium
1805 4214 1982 4260 suum,

409 4296 550 4353 dixit
582 4313 597 4351 :
626 4305 819 4365 estque
847 4295 1037 4351 eadem
1089 4294 1142 4348 in
1185 4293 1432 4362 utrisque
1485 4291 1778 4346 sententia.
1809 4288 1978 4343 Mani-

410 4389 604 4444 festum
633 4389 781 4444 enim
804 4397 890 4444 est
941 4386 1090 4460 regia
1129 4399 1281 4441 arma
1330 4385 1384 4440 in
1424 4382 1661 4439 tentorio
1709 4382 1852 4452 regis
1885 4397 1986 4451 po-

407 4482 512 4536 sita
543 4480 733 4538 fuisse.

487 4669 554 4726 Et
583 4685 777 4739 ponam
807 4671 1060 4723 thronum
1080 4668 1218 4738 ejus.

486 4765 693 4820 Deinde
715 4779 783 4819 ne
811 4761 1182 4830 conjecturam
1207 4764 1346 4817 hanc
1371 4774 1495 4816 esse
1519 4759 1780 4830 opineris,
1813 4757 1988 4811 locum

407 4857 574 4914 etiam
609 4856 882 4925 designat,
913 4855 966 4908 in
998 4868 1110 4923 quo
1142 4853 1351 4922 lapides
1393 4861 1594 4922 ponat.-

482 4945 643 5001 γης.
683 4947 774 5001 12.
809 4943 878 4998 Et
911 4945 1187 4998 succendat
1221 4943 1414 5012 ignem.

476 5039 546 5094 Et
575 5041 640 5094 de
663 5052 853 5094 eorum
889 5038 994 5092 diis
1021 5037 1282 5107 loquitur,
1307 5050 1377 5091 ne
1414 5036 1482 5090 ad
1520 5034 1858 5104 impietatem
1895 5037 1990 5089 de-

410 5132 714 5194 clinarent;
749 5129 844 5184 sed
875 5126 1010 5182 nihil
1044 5136 1226 5182 actum
1257 5134 1365 5182 est.

480 5219 550 5276 Et
573 5219 852 5290 transferet
873 5234 983 5284 eos,
1009 5227 1058 5273 et
1081 5217 1338 5288 pediculis
1358 5217 1584 5271 excutiet
1607 5226 1800 5271 terram
1822 5215 1991 5286 [Ερμ-

409 5317 508 5389 pti,
537 5317 675 5370 sicut
694 5315 891 5370 excutit
911 5321 1093 5383 pastor
1109 5310 1466 5364 vestimentum
1496 5325 1670 5364 suum.

487 5407 601 5463 Hoc
629 5415 714 5462 est
741 5417 920 5470 vetus,
968 5405 1045 5460 ita
1097 5401 1256 5458 facile
1289 5399 1585 5473 Egyptutn
1625 5398 1992 5455 Nabuchodo-

413 5517 575 5558 nosor
597 5497 918 5571 possidebit.

484 5593 650 5652 νεεδ.
695 5591 784 5646 13.
836 5591 905 5646 Et
959 5600 1186 5644 conteret
1236 5589 1508 5643 columnas
1547 5587 1857 5657 Heliopolis,
1903 5588 1992 5657 qui

417 5690 608 5754 Euam,
634 5697 682 5742 et
709 5688 892 5741 domos
913 5687 1132 5739 deorum
1157 5699 1341 5738 eorum
1373 5683 1640 5737 comburet
1670 5682 1799 5751 igni.

491 5874 658 5930 Euam
699 5887 894 5929 nomen
927 5870 1077 5926 urbis
1126 5881 1292 5939 prope
1332 5865 1612 5937 Taplinas,
1671 5875 1726 5922 et
1756 5865 1987 5923 fortasse

2090 3288 2318 3359 μηνύειν
2343 3289 2553 3342 ἐκείνου
2589 3287 2686 3356 τὴν
2703 3287 2908 3342 ἄνοδον.
2932 3284 3152 3340 Μᾶλλον
3179 3283 3289 3354 γὰρ
3314 3279 3385 3335 ἃν
3412 3279 3495 3350 τῷ
3533 3297 3674 3348 παρ-

2085 3376 2199 3429 όντι
2238 3373 2376 3446 πρὸς
2403 3375 2565 3447 χάριν
2587 3373 2910 3446 ἐφθέγξατο,
2933 3374 2966 3446 ἢ
2988 3371 3325 3427 τὸν.ἀπόντα
3363 3371 3462 3424 καὶ
3507 3370 3671 3440 μηδὲν

2087 3469 2357 3523 ἀκούοντα
2390 3468 2774 3522 ἐκολάκευσεν.

2159 3663 2270 3718 Kal
2303 3661 2478 3728 θήσει
2515 3661 2588 3715 τὰ
2630 3661 2794 3714 ὅπλα
2840 3658 3028 3713 αὐτοῦ
3071 3654 3272 3710 ἐπάνω
3323 3649 3545 3715 αὑτοῦ,
3575 3649 3668 3702 καὶ

2086 3755 2220 3825 ἀρεῖ
2241 3755 2315 3810 τὰ
2337 3754 2496 3807 ὅπλα
2511 3750 2698 3806 αὑτοῦ
2727 3751 2819 3805 ἐπ’
2849 3748 3092 3816 αὐτοὺς,
3110 3746 3210 3802 καὶ
3225 3743 3665 3800 εἰσελεύσεται,

2087 3848 2186 3903 καὶ
2228 3844 2480 3911 πατάξει
2499 3844 2615 3912 τὴν
2647 3845 3097 3915 γῆν-Αἰγύπτου.

2170 3935 2423 4006 Ἀσαφῶς
2451 3937 2629 3988 κεῖται
2661 3936 2718 3987 ὲν
2741 3932 2818 4003 τῷ
2855 3929 3153 4002 Ἑλληνικῷ
3172 3946 3187 3961 ·
3213 3927 3242 3982 ὃ
3275 3928 3391 3999 γὰρ
3417 3923 3664 3996 βούλεται

2088 4031 2282 4095 εἰπεῖν,
2315 4028 2474 4082 τοῦτό
2505 4029 2675 4091 ἐστιν,
2725 4026 2807 4080 ὅτι
2859 4025 2957 4096 τὴν
2997 4022 3201 4094 σκηνὴν
3237 4019 3408 4074 αὐτοῦ
3443 4020 3514 4089 ἣν
3552 4016 3664 4078 £00;

2086 4123 2199 4185 τοῖς
2233 4117 2547 4192 βασιλεῦσιν
2599 4119 2656 4170 ὲν
2719 4117 2841 4178 ταῖς
2895 4111 3313 4184 στρατοπεδιαις
3365 4106 3661 4169 ποιεῖσθαι,

2088 4212 2325 4267 ἐνταῦθα
2356 4211 2558 4283 πήξειο
2590 4210 2653 4262 τὸ
2692 4205 2809 4272 οὖν,
2847 4206 3022 4275 θήσει
3066 4205 3142 4259 τὰ
3192 4204 3353 4257 ὅπλα
3392 4199 3606 4263 αὑτοῦ,
3639 4201 3664 4249 ό

2101 4303 2377 4373 Ἐϐραῖος,
2422 4301 2522 4355 atal
2563 4300 2814 4353 τανύσει
2844 4296 2961 4363 τὴν
2999 4293 3245 4362 σκηνὴν
3277 4291 3493 4355 αὑτοῦ,
3524 4291 3624 4358 ἔφη
3648 4305 3660 4316 °

2089 4396 2327 4461 σώζεται
2354 4394 2413 4448 δὲ
2437 4396 2471 4464 ἠ
2491 4392 2628 4462 αὐτὴ
2654 4391 2835 4444 ἔννοια
2860 4390 2918 4442 ὲν
2946 4387 3216 4457 ἐκατέρῳ.
3246 4384 3420 4454 Δῆλον
3438 4381 3573 4451 γὰρ,
3595 4381 3663 4442 ὠς

2087 4488 2160 4541 τὰ
2203 4486 2461 4556 βασιλικὰ
2511 4484 2652 4540 ὅπλα
2704 4484 2799 4538 ἐπὶ
2847 4481 2948 4551 τῆς
3007 4479 3216 4550 σκηνῆς
3265 4474 3363 4529 τοῦ
3402 4474 3662 4545 βασιλέως

2017 4571 2064 4626 Β
2093 4581 2291 4634 ἔκειτο.

2159 4673 2267 4726 Kal
2293 4671 2460 4737 θήσω
2486 4667 2673 4724 αὑτοῦ
2695 4666 2800 4721 τὸν
2824 4664 3064 4734 θρόνον.

2160 4759 2294 4816 Εἶτα
2328 4761 2417 4815 ἵνα
2450 4760 2526 4831 μὴ
2561 4759 2869 4829 στοχασμὸν
2916 4756 3165 4829 νομίσῃς,
3213 4754 3312 4810 καὶ
3352 4751 3448 4805 τὸν
3505 4753 3658 4806 τόπον

2088 4854 2260 4922 λέγει,
2297 4851 2428 4905 ἔνθα
2458 4850 2619 4921 θήσει
2646 4850 2776 4912 τοὺς
2822 4847 3028 4909 λίθους.

2165 4943 2280 4998 Kal
2299 4943 2515 4996 καύσει
2554 4940 2697 5008 πῦρ.

2160 5038 2270 5090 Καὶ
2305 5034 2436 5106 περὶ
2463 5032 2573 5087 τῶν
2605 5032 2744 5086 θεῶν
2769 5029 2951 5085 αὐτῶν
2978 5030 3150 5096 λέγει,
3174 5029 3261 5082 ἵνα
3298 5028 3374 5097 μὴ
3411 5029 3496 5086 εἰς
3540 5026 3654 5080 ἁσέο

2090 5129 2245 5182 δειαν
2275 5127 2621 5190 ὲκκλὶνωσιν,
2657 5125 2774 5179 ἀλλ’
2808 5124 2962 5177 οὐδὲν
2993 5124 3155 5176 πλέον
3182 5122 3427 5190 ἐγένετο.

2160 5217 2270 5273 Kal
2297 5216 2560 5272 ἀποικιεῖ
2582 5215 2827 5282 αὐτοὺς,
2850 5213 2950 5268 καὶ
2971 5213 3179 5283 φθερεῖ
3202 5211 3320 5283 γῆν
3340 5211 3648 5279 Αἰγύπτου,

2090 5312 2170 5377 ὡς
2187 5309 2440 5380 φθερίζει
2465 5309 2691 5378 ποιμὴν
2717 5308 2783 5362 τὸ
2811 5307 3044 5376 ιμάτιον
3073 5306 3282 5360 αὑτοῦ.

2163 5402 2443 5465 Τουτέστι,
2467 5402 2528 5455 τὸ
2559 5400 2792 5454 παλαιόν
2812 5415 2826 5429 ο
2851 5399 3027 5462 οὓτως
3058 5398 3297 5459 εὐκόλως
3322 5397 3541 5462 καθέξει
3564 5398 3648 5463 τῆς

2091 5495 2371 5564 Αἰγύπτου
2402 5498 2431 5549 ό
2460 5494 2962 5564 Ναθουχοδονόσορ.

2163 5588 2272 5644 Kal
2321 5587 2647 5654 συντρίψει
2692 5587 2836 5652 τοὺς
2895 5587 3170 5651 στύλους
3225 5583 3648 5646 Ἡλιουπόλεως

2094 5681 2235 5746 τοὺς
2260 5679 2460 5743 Ἐγὼν,
2483 5680 2582 5733 καὶ
2601 5679 2742 5746 τοὺς
2763 5680 2967 5744 οἴκους
2983 5675 3102 5732 τῶν
3116 5671 3473 5730 θεῶναὺτῶν
3491 5689 3648 5726 stata.

2095 5773 2308 5827 καύσει
2338 5771 2501 5836 πυρί.

2178 5860 2360 5916 Ἐνὼν
2382 5861 2550 5932 ὄνομα
2585 5861 2792 5926 πόλεώς
2830 5863 2940 5916 ἐστι
2974 5857 3204 5928 πλησίον
3241 5858 3478 5925 Τάφνας.
3508 5856 3642 5911 Ἴσως
