3810 6386
60 433 193 488 10Ιὸ

1144 432 1572 511 Fuscum“
1606 434 1675 490 IN
1713 435 2082 493 maestum.

3175 434 3311 493 IQM

57 548 110 601 δέ
138 544 276 599 κατά
309 559 409 616 μεν
433 544 706 617 ’Έλληνας
746 547 1128 614 Ἠλιούπολις
1176 549 1449 613 ἐκαλεῖτο,
1487 551 1627 604 κατά

1759 566 1852 618 [nm
1884 549 2091 605 Graecis
2121 547 2324 604 dicitur
2349 547 2666 617 Heliopolis,
2713 547 3095 621 Egyptiorum
3126 546 3310 619 lingua

56 641 108 693 δὲ
136 638 233 711 τὴν
266 639 583 707 Αἰγυπτίων
611 641 797 710 φωνὴν
835 639 1035 694 Ἐνών.

104 788 108 793 ,
645 731 900 786 Recita.
937 732 1070 786 MA'.

127 824 325 890 Οὕτως
346 817 481 891 εἶπε
506 823 742 892 Κύριος.

122 917 287 989 Ὅρα,
329 915 381 969 τί
405 915 597 969 τούτου
630 915 697 968 ἂν
720 916 933 986 γένοιτο
960 917 1336 988 σαφέστερον;
1363 918 1420 969 ἐν
1440 916 1629 986 ὄψεσιν

54 1001 197 1074 εἶχον
244 1005 315 1058 τὰ
367 1006 816 1076 παραδείγματα.
870 1007 985 1060 Οὐκ
1035 1003 1107 1078 ἦν
1145 1008 1321 1062 ταῦτα
1381 1006 1626 1080 ῥήματα,

52 1095 185 1149 ἀλλά
210 1096 516 1167 πράγματα
536 1096 573 1151 ἃ
601 1097 752 1151 ἐϐόα.
772 1097 883 1169 Τὴν
900 1097 1082 1152 αἰτίαν
1115 1097 1316 1170 ᾔδεσαν
1348 1099 1457 1153 τῶν
1484 1116 1630 1168 συμ-

52 1188 180 1259 6ε6η
188 1190 382 1244 κάτων.

121 1283 138 1299 ⁸
165 1281 280 1334 Καὶ
319 1282 432 1334 οὐκ
474 1280 723 1336 ἔσονται
773 1281 981 1349 αὐτοῖς
1021 1281 1436 1351 σεσωσμένος,
1508 1280 1630 1334 οὐδὲ

53 1372 512 1444 περιλειπόμενος
590 1373 769 1436 οὐδεὶς
846 1373 954 1426 τῶν
1029 1373 1331 1427 ἐπιλοίπων
1432 1372 1631 1427 Ἰούδα

52 1464 170 1518 τῶν
206 1465 513 1519 ἐλθόντων
558 1464 870 1533 παροικεῖν
924 1465 994 1518 ἐν
1041 1463 1117 1534 τῇ
1165 1465 1466 1534 Αἰγύπτῳ,
1520 1464 1628 1520 τοῦ

51 1556 431 1625 ἀποστρέψαι
483 1558 572 1623 είς
603 1555 722 1627 τήν
769 1556 960 1611 Ἰούδα
988 1557 1080 1626 ἐφ’
1126 1555 1208 1625 ἣν
1235 1558 1404 1611 αὐτοί
1455 1558 1628 1612 ἐλπί-

52 1646 207 1709 ζουσι
235 1647 367 1714 ταῖς
392 1648 620 1718 ψυχαῖς
647 1648 866 1713 αὐτῶν,
892 1649 1000 1703 τοῦ
1029 1648 1386 1718 ἐπιστρέψαι
1411 1648 1533 1703 exat
1555 1645 1628 1705 οὗ

49 1740 129 1811 μὴ
154 1740 656 1810 ἀποστρέψουσιν
674 1745 728 1796 οἱ
750 1741 1233 1812 διαπεφευγότες.

108 1835 286 1887 Πᾶσιν
343 1833 564 1886 ἀπειλεῖ
613 1828 846 1888 θάνατον
898 1837 1015 1898 τοῖς
1073 1836 1154 1898 είς
1208 1834 1310 1902 τὴν
1346 1834 1627 1902 Αἴγυπτον

1731 642 1887 697 Enon
1925 642 2239 697 vocabatur.

2323 731 2475 787 CAP.
2528 730 2719 787 XLIV.

1798 825 1963 881 Vens.
1996 826 2052 880 2.
2088 825 2183 878 Sic
2214 824 2343 878 dicit
2365 823 2646 877 Dominus.

1802 916 1959 983 Vide,
1986 916 2116 986 quid
2140 914 2381 969 clarius?
2401 928 2517 982 pra
2533 912 2710 967 oculis
2732 912 3011 969 habebant
3037 915 3310 983 exempla.

1729 1004 1849 1060 Non
1873 1015 2033 1059 erant
2054 1006 2172 1060 hac
2198 1004 2385 1065 verba,
2419 1004 2512 1057 sed
2545 1016 2633 1056 res
2664 1015 2788 1069 quae
2816 1002 3146 1061 clamabant.
3169 1004 3305 1060 Cau.

1730 1113 1846 1154 sum
1879 1098 2016 1153 bene
2045 1105 2242 1152 norant
2267 1110 2458 1151 eorum
2493 1109 2614 1166 quae
2638 1097 3006 1167 contigerant.

1800 1285 1819 1305 ‘
1844 1283 2005 1338 Vens.
2039 1282 2126 1337 14.
2142 1279 2214 1335 Et
2244 1296 2348 1335 non
2376 1280 2477 1334 erit
2505 1279 2683 1334 salvus
2700 1279 2984 1349 quispiam,
3013 1293 3192 1347 neque
3222 1294 3316 1335 re-

1731 1376 1923 1432 siduus
1956 1377 2023 1429 de
2048 1374 2296 1443 reliquiis
2320 1371 2489 1439 ludo,
2519 1373 2607 1441 qui
2631 1381 2880 1426 venerunt
2908 1382 2961 1425 ut
2988 1371 3218 1426 habitent
3258 1374 3315 1426 in

1730 1480 1872 1524 terra
1927 1467 2174 1537 Egypti,
2210 1466 2280 1520 ad
2324 1465 2689 1520 reuertendum
2744 1466 2801 1517 in
2851 1472 2994 1518 terra
3032 1462 3201 1528 Jttda,
3244 1463 3314 1518 ad

1729 1575 1887 1633 quam
1916 1558 2018 1627 ipsi
2051 1565 2266 1625 sperant
2291 1555 2571 1610 animabus
2598 1555 2713 1609 suis
2736 1556 2925 1609 reverti
2956 1555 3066 1619 ibi;
3093 1570 3192 1609 non
3229 1571 3313 1608 re-

1731 1662 2017 1715 uertentur,
2045 1650 2151 1704 nisi
2168 1649 2262 1721 qui
2286 1649 2569 1703 evaserint.

1800 1838 2069 1898 Omnibus
2096 1838 2182 1893 his
2209 1844 2441 1892 mortem
2471 1834 2733 1901 minatur,
2776 1834 2867 1904 qui
2903 1831 3199 1905 Egyptum
3230 1832 3313 1887 in-

51 1923 475 1995 είσεληλυθόσιν,
511 1925 588 1988 ὡς
620 1927 952 1998 μαχομένοις
997 1929 1064 1998 τῇ
1100 1926 1197 1981 τοῦ
1246 1927 1384 1981 Θεοῦ
1431 1928 1626 2000 γνώμῃ

1759 1936 1904 1999 :ressi
1929 1942 2079 1999 sunt,
2111 1940 2299 2003 utpote
2329 1931 2395 1984 iis
2429 1930 2522 2000 qui
2561 1928 2830 1984 voluntati
2882 1927 3082 1982 divinae
3117 1940 3177 1982 se
3210 1941 3311 1997 op-

49 2017 142 2069 καὶ
169 2016 396 2088 χείρονα
437 2016 746 2083 πείσεσθαι,
804 2019 837 2091 ἢ
870 2018 998 2083 τοὺς
1048 2019 1109 2072 ἐν
1179 2017 1579 2090 Ἱεροσολύμοις
1609 2035 1624 2051 ο

51 2112 318 2178 σώζεσθαι
346 2113 543 2184 μόνους
576 2114 682 2184 ἔφη
713 2114 978 2179 ἐκείνους,
1011 2113 1061 2167 οἳ
1097 2110 1208 2168 τῶν
1233 2112 1423 2166 κακῶν
1454 2130 1629 2167 κατα-

48 2205 327 2259 λαϐόντων
351 2205 451 2277 τὴν
486 2204 748 2262 Ἰουδαίαν
797 2203 1210 2277 μεταδιώξουσι,
1243 2204 1319 2268 ὡς
1352 2205 1417 2258 ἂν
1449 2207 1630 2274 γνοίεν

48 2298 262 2367 ἄμαχον
286 2292 454 2352 οὖσαν
483 2298 577 2352 τοῦ
619 2298 755 2352 Θεοῦ
786 2298 886 2370 τὴν
920 2299 1101 2370 ίσχὺν,
1130 2299 1224 2367 ἀφ’
1267 2290 1345 2351 ὧν
1371 2297 1467 2350 καὶ
1500 2297 1630 2360 τοὺς

47 2389 340 2454 δοκοῦντας
368 2385 508 2445 εἶναι
538 2392 595 2444 ἐν
619 2391 875 2460 ἀσφαλεῖ,
916 2391 1266 2463 ὑποχειρίους
1306 2391 1492 2444 δίδωσι
1516 2392 1631 2454 τοῖς

47 2483 287 2555 ἐχθροῖς,
315 2485 410 2538 καὶ
460 2485 670 2556 ἔρημον
707 2482 876 2540 οὖσαν
916 2485 1019 2557 τὴν
1051 2486 1157 2555 γῆν
1190 2485 1408 2550 οἰκίζει,
1443 2483 1630 2549 σώζων

48 2575 300 2638 ἅπαντας
331 2577 463 2640 τοὺς
494 2579 583 2631 ἐπ’
624 2578 802 2648 αὐτὴν
851 2575 1341 2645 καταφεύγονταςο
1393 2576 1490 2630 καὶ
1544 2576 1629 2629 ὅτι

47 2667 206 2721 τοῦτο
260 2667 436 2734 οὕτως
471 2671 610 2740 ἔχει,
641 2669 797 2741 δηλοῖ
845 2667 1054 2741 προῖὼν
1102 2668 1439 2742 σαφέστερον
1485 2668 1629 2725 οὕτω

46 2760 246 2828 λέγων’

128 2850 194 2904 Ὃ
224 2851 412 2921 λόγος
442 2850 517 2905 δν
549 2850 842 2920 “annos.

114 2942 273 3012 Αὕτη
291 2942 579 3012 βασίλισσα
599 2944 857 3016 οὐρανοῦ,
884 2945 1006 3000 είπὲ
1035 2963 1127 3018 μοι
1153 2964 1169 3014 ;
1200 2946 1348 3014 Θεὸς
1363 2945 1629 3016 ποιήσας

45 3033 151 3087 τὸν
178 3035 462 3104 οὐρανὸν,
487 3036 587 3089 καὶ
622 3036 737 3106 τὴν
766 3037 908 3108 γῆν,
944 3039 1036 3093 ἀεὶ
1062 3038 1308 3106 ἀκούεις,
1347 3039 1589 3110 συνεχῶς
1610 3054 1624 3069 ⁸

45 3125 139 3177 καὶ
163 3126 374 3196 ταύτην
430 3125 755 3197 βασίλισσαν
805 3129 1015 3193 καλεῖς,
1055 3129 1156 3199 τὴν
1195 3129 1463 3201 σελήνην;
1518 3129 1629 3183 Καὶ

1731 2026 2037 2098 posuerint,
2095 2032 2152 2081 et
2188 2022 2463 2078 atrociora
2524 2034 2802 2091 passuros,
2852 2020 2949 2085 ait,
3017 2019 3082 2074 iis
3113 2020 3202 2089 qui
3256 2019 3312 2073 in

1729 2117 2118 2188 Hierosolymis
2148 2121 2443 2180 steterunt,
2476 2121 2533 2168 et
2579 2113 2705 2168 illos
2759 2120 2968 2167 tantum
3022 2110 3312 2166 salvandos

1730 2211 1846 2282 qui,
1889 2209 2266 2282 grassantibus
2306 2206 2484 2271 malis,
2515 2203 2765 2259 Judaeum
2794 2202 3220 2271 conquirerent:
3256 2208 3315 2254 ut

1731 2303 2109 2373 perciperent,
2168 2300 2264 2355 Dei
2314 2299 2569 2353 virtutem
2631 2310 2752 2351 esse
2804 2292 3313 2363 inexpugnabilem;

1729 2409 1853 2450 cum
1886 2391 2140 2448 hostibus
2170 2390 2331 2445 dedat
2358 2388 2452 2458 qui
2484 2386 2659 2442 securi
2689 2384 3042 2447 videbantur,
3075 2380 3314 2436 alliciens

1733 2495 1792 2541 ut
1820 2484 2099 2540 habitetur
2120 2490 2176 2536 et
2207 2491 2350 2536 terra
2383 2481 2599 2535 deserta
2622 2519 2640 2545 ,
2674 2477 2905 2533 servatis
2928 2475 3180 2530 omnibus
3220 2473 3315 2542 qui

1731 2578 1798 2632 ad
1823 2589 1944 2631 eam
1969 2573 2339 2643 confugerint.
2367 2570 2482 2626 Hoc
2505 2578 2686 2624 autem
2718 2568 2793 2622 ita
2813 2580 2875 2622 se
2910 2566 3113 2621 habere
3140 2564 3317 2619 mani-

1732 2668 1925 2724 l’estius
1948 2668 2001 2722 in
2031 2663 2489 2735 subsequentibus
2517 2661 2671 2726 facit,
2704 2659 2789 2716 sic
2823 2658 3014 2714 dicens
3047 2674 3061 2711 :

1803 2851 1968 2908 Vens.
1995 2849 2086 2905 16.
2110 2848 2417 2905 Sermonem
2442 2860 2595 2916 quem
2623 2844 2829 2915 locutus
2851 2851 2950 2896 est.

1804 2946 2021 3009 litecne,
2054 2957 2261 3013 quaeso,
2296 2939 2482 3010 regina
2510 2936 2669 2993 caeli?
2690 2934 2862 2989 Audis
2886 2932 3128 2998 assidue,
3169 2930 3314 2985 Deus

1728 3040 1818 3111 qui
1857 3037 1982 3108 fecit
2016 3035 2205 3089 ccelum
2237 3041 2287 3087 et
2328 3041 2548 3094 terram,
2591 3040 2646 3083 et
2685 3028 2825 3081 hanc
2879 3024 3117 3095 appellas
3167 3024 3314 3093 regi-

1732 3146 1882 3196 nam,
1937 3126 2163 3182 lunam?
2199 3123 2360 3180 Certe
2412 3118 2575 3178 bene“
2603 3128 2749 3175 esset
2801 3116 2978 3171 vobis.
3030 3114 3312 3171 Undenam

44 3216 228 3282 καλῶς
263 3213 332 3291 ἦν
365 3217 518 3288 ὑμῖν.
556 3217 729 3272 Πόθεν
752 3215 848 3273 οὖν
880 3222 909 3274 ὁ
940 3219 1118 3291 λιμὸς,
1140 3220 1262 3275 εἰπέ
1293 3238 1383 3293 μοι
1410 3237 1424 3287 ;
1460 3219 1626 3274 πόθεν

1759 3223 1895 3294 gitur
1932 3220 2142 3275 fames?
2189 3216 2334 3273 unde
2368 3213 2548 3271 mors?
2575 3228 2610 3270 ο
2645 3210 3034 3282 impudentiam
3064 3209 3078 3262 ί
3106 3207 3230 3262 Ideo
3257 3207 3310 3261 in

40 3312 69 3364 ὁ
98 3310 338 3376 θάνατος
365 3329 380 3379 ;
425 3310 490 3365 Ὦ
522 3312 623 3383 τῆς
649 3311 1070 3384 ἀναισχυντίαςί
1103 3313 1204 3366 Διὰ
1235 3311 1395 3367 τοῦτο
1425 3313 1627 3377 αὐτοὺς

1759 3315 2047 3372 nemoriam
2074 3312 2243 3368 ducit.

42 3405 488 3476 ἀναμιμνήσκει.

114 3498 271 3566 Οὐχὶ
300 3498 408 3553 τοῦ
440 3498 804 3569 θυμιάματος
828 3493 902 3554 οὗ
931 3489 1326 3568 ὲθυμιάσατε.

108 3590 254 3662 Οὐχὶ
292 3590 381 3645 διὰ
409 3591 631 3664 τοῦτοὴ
692 3591 1067 3662 αίχμαλωσία,
1125 3593 1332 3662 φησίνς
1384 3592 1506 3663 οὐχὶ
1539 3592 1629 3647 διὰ

36 3679 198 3735 τοῦτο
235 3682 416 3736 πάντα
446 3682 514 3737 τὰ
561 3685 748 3749 κακᾶς
796 3683 923 3748 Πῶς
984 3684 1169 3745 καλῶς
1201 3680 1270 3755 ἦν
1302 3684 1465 3754 cura;
1502 3678 1628 3755 οὐχὶ

35 3773 128 3827 διὰ
162 3772 333 3827 τοῦτο
359 3778 458 3828 οὐκ
491 3774 730 3846 ἠδυνήθη
776 3777 921 3848 ὑμᾶς
972 3776 1222 3845 ἐνεγκεῖν
1263 3779 1291 3830 ὁ
1342 3776 1512 3845 Θεός;
1560 3778 1627 3831 Τί

37 3866 248 3929 κακίας
281 3868 463 3939 χεῖρον
495 3867 709 3937 γένοιτο
742 3868 844 3935 ἀν;
896 3871 1042 3923 ποῖοι
1072 3869 1393 3940 μαινόμενοι
1425 3870 1626 3940 ἐφθέγ-

38 3956 200 4021 ξαντο
223 3955 295 4011 ἂν
323 3957 495 4012 ταῦτα
520 3959 589 4013 τὰ
614 3961 840 4031 ῥήματα
866 3979 881 4029 ;
1432 3969 1439 3977 ’

106 4051 265 4105 Ἐὰν
287 4050 527 4120 γένηται
554 4053 640 4108 ἔτι
672 4054 859 4124 ὄνομά
891 4073 1011 4125 μου
1036 4055 1107 4110 ἐν
1138 4055 1218 4124 τῷ
1246 4058 1516 4128 στόματι.

107 4144 366 4198 Ἀπειλεῖ
392 4144 556 4199 πάλιν
577 4145 734 4217 λιμὸν
762 4147 857 4200 καὶ
887 4147 1122 4218 δεσμοὺς
1146 4148 1624 4222 ἀνασωζομένους,

36 4237 124 4290 ἵνα
146 4235 404 4307 μάθωσιν
424 4238 506 4291 ὅτι
534 4237 708 4310 ἀληθῆ
738 4239 911 4294 ταῦτά
933 4242 1104 4295 ἐστιν.
1136 4241 1247 4296 Καὶ
1262 4243 1393 4312 μετ’
1423 4243 1623 4314 ὀλίγαο

33 4329 138 4382 Διά
167 4328 338 4384 τοῦτο
371 4329 547 4394 οὕτως
595 4332 793 4396 αὐτοὺς
844 4333 1092 4403 ἀφῆκεν,
1146 4334 1236 4388 ἵνα
1291 4335 1628 4408 ἀπολογῆται

34 4421 178 4494 πρὸς
211 4420 298 4486 σὲ,
326 4422 409 4476 δτι
433 4421 659 4486 δικαίως
691 4423 874 4477 αὐτῶν
927 4424 1028 4495 τὴν
1077 4425 1234 4479 πόλιν
1294 4428 1624 4498 ἐνέπρησεν.

33 4513 213 4567 Ὅταν
249 4514 357 4584 γὰρ
381 4514 432 4567 oi
464 4515 819 4585 διαφυγόντες
844 4510 1077 4570 τοιοῦτοί
1107 4518 1236 4583 είσι,
1260 4518 1313 4573 τί
1345 4519 1454 4592 χρὴ
1486 4520 1618 4591 περὶ⁹

32 4605 149 4658 τῶν
177 4605 363 4660 ἄλλων
392 4609 568 4661 εἰπεῖν
588 4624 604 4674 ;

109 4697 232 4750 Καὶ
249 4696 609 4766 ἐκλείψουσι
630 4697 750 4766 πίίς
774 4700 931 4770 ἀνὴρ
947 4683 1170 4766 Ἰούδα,
1193 4704 1247 4756 οἱ
1274 4703 1625 4758 κατοικοῦν-

38 4804 144 4854 τες
179 4788 261 4841 ἐν
298 4784 374 4857 τῇ
400 4789 677 4859 Αίγύπτῳ
693 4790 763 4843 ἐν
788 4791 1079 4860 ῥομφαίᾳ,
1104 4791 1200 4846 καί
1234 4792 1304 4845 ἐν
1317 4792 1492 4863 λιμῷ,
1516 4793 1628 4861 ἓως

35 4880 117 4933 ἂν
145 4880 470 4946 ἐκλίπωσι,
509 4881 610 4936 καὶ
641 4885 697 4937 οἱ
737 4884 1119 4953 σεσωσμένοι
1158 4885 1275 4939 ἀπὸ
1324 4887 1628 4957 ῥομφαίας

34 4970 550 5042 ἀποστρέψωσιν
571 4974 641 5027 ἐκ
686 4973 801 5043 τῆς
836 4976 1140 5044 Αἰγύπτου
1185 4976 1257 5029 ἐν
1292 4976 1371 5046 τῇ
1397 4977 1587 5032 Ἰούδα
1610 4992 1624 5004 ·

35 5066 247 5135 ὀλίγοι
299 5064 524 5135 ἀριθμῷ
577 5066 815 5137 ἄνδρες.
853 5068 975 5121 Ὅτι
1018 5068 1334 5135 ποιοῦντες
1380 5071 1630 5138 ποιήσο-

28 5175 156 5227 μεν
197 5157 401 5213 πάντα
438 5159 548 5213 τὸν
595 5160 803 5231 λόγον,
856 5160 925 5228 ὃς
973 5161 1360 5227 ἐξελεύσεται
1399 5164 1470 5218 ἐκ
1521 5165 1628 5221 τοῦ

34 5253 353 5321 στόματος
375 5251 545 5323 ἡμῶν
565 5252 784 5323 θυμιᾷν
810 5253 886 5323 τῇ
901 5254 1272 5326 βασιλίσσῃ.
1624 5302 1629 5305 .

112 5341 407 5408 Τουτὲστι,
439 5345 509 5415 τῇ
543 5344 773 5416 στρατιᾷ
801 5342 896 5398 τοῦ
947 5345 1204 5417 οὐρανοῦ.
1248 5346 1543 5401 Κάνταῦθα
1572 5346 1628 5401 δὲ

35 5437 71 5506 ή
95 5434 401 5505 ὁμωνυμία
415 5434 514 5507 τὴν
539 5435 841 5507 ἐναλλαγὴν
861 5435 961 5508 τῆς
984 5438 1285 5509 ἑρμηνείας
1305 5438 1624 5512 ἐποιήσατο.

31 5526 265 5599 Μελχέδ
310 5527 421 5600 γὰρ
470 5531 705 5600 στρατιά
755 5534 895 5599 ἐστι,
945 5533 1160 5606 Μελχέθ
1209 5534 1266 5588 δὲ
1314 5533 1622 5606 βασίλισσα.

31 5618 242 5682 Οὕτως
263 5618 319 5672 δὲ
338 5619 715 5692 ἀναισχύντως
737 5621 836 5695 τὴν
866 5622 1126 5678 ἀσέϐειαν
1173 5625 1453 5696 μετιοῦσιν
1466 5622 1624 5693 αὖθις

33 5711 361 5782 ἀπειλήσας
412 5714 654 5784 παντελῆ
713 5714 1117 5786 αἰχμαλωσίαν,
1175 5716 1455 5784 ἀπόδειξιν
1518 5717 1626 5773 τῶν

38 5802 235 5871 λόγων
267 5804 503 5858 ποιεῖται
523 5805 592 5859 τὰ
622 5806 904 5877 ’παρόντα⁹
938 5808 1074 5879 φησι
1106 5809 1234 5880 γάρ’

1803 3500 1968 3556 Vsus.
2011 3500 2106 3555 21.
2136 3496 2327 3552 Nonne
2359 3494 2559 3550 incensi
2586 3492 2726 3563 quod
2762 3489 3098 3545 redolebatis.

1799 3595 1994 3650 Nonne
2030 3599 2253 3662 propter
2298 3589 2423 3655 hoc,
2471 3588 2569 3652 ait,
2608 3583 2932 3656 captivitas?
2959 3596 3138 3638 nonne
3173 3578 3312 3634 mala

1730 3685 1953 3745 omnia?
1979 3685 2260 3754 Quomodo
2304 3683 2442 3739 bene
2469 3680 2625 3735 vobis
2661 3677 2825 3733 erat?
2874 3689 3055 3731 nonne
3085 3681 3312 3743 propter

1731 3782 1836 3836 hoc
1867 3780 2007 3834 Deus
2032 3776 2178 3833 ferre
2206 3789 2302 3830 vos
2331 3789 2438 3829 non
2472 3769 2699 3843 potuit?
2723 3768 2860 3835 Quid
2895 3767 3012 3837 ipsa
3044 3764 3313 3836 improbi-

1733 3883 1845 3928 tate
1890 3868 2188 3940 improbius
2227 3865 2430 3922 l'uerit?
2470 3861 2574 3930 Qui
2620 3860 2866 3916 furentes
2907 3857 3073 3913 locuti
3124 3864 3313 3913 essent

1731 3965 1894 4021 verba
1928 3962 2080 4031 hate?

1801 4055 1967 4111 Vens.
2002 4052 2094 4110 26.
2130 4052 2195 4110 Si
2234 4053 2334 4108 erit
2369 4050 2513 4106 ultra
2550 4063 2740 4104 nomen
2778 4060 2949 4101 meum
2976 4045 3031 4097 in
3054 4058 3162 4097 ore.

1803 4148 2043 4204 Minatur
2080 4161 2294 4202 rursum
2333 4144 2528 4199 famem
2569 4149 2624 4198 et
2651 4139 2891 4203 vincula,
2930 4138 3022 4207 qui
3051 4153 3157 4191 non
3191 4152 3315 4205 per-

1732 4244 1907 4300 ibunt.
1943 4243 2016 4299 Ut
2038 4256 2169 4298 vera
2203 4240 2319 4295 hac
2344 4251 2465 4295 esse
2497 4236 2881 4307 intelligerent.
2914 4231 2982 4287 Et
3010 4232 3194 4301 paucis
3227 4231 3314 4283 in-

1731 4334 1986 4404 terjectis.
2023 4331 2147 4389 Ideo
2180 4332 2260 4387 sic
2280 4344 2374 4384 eos
2407 4327 2644 4397 reliquit,
2674 4333 2734 4381 ut
2778 4340 2839 4381 se
2873 4322 2968 4378 tibi
3007 4323 3200 4391 probet
3225 4320 3313 4375 ol'-

1731 4426 1966 4490 i‘ensum,
1991 4433 2047 4480 et
2074 4425 2217 4479 scias
2242 4422 2388 4492 juste
2419 4420 2696 4475 civitatem
2742 4429 2932 4472 eorum
2967 4412 3310 4480 absumptam

1732 4521 2004 4577 incendio.
2064 4519 2293 4586 Quando
2344 4517 2490 4573 enim
2525 4514 2660 4570 tales
2689 4520 2818 4569 sunt
2869 4510 2962 4581 qui
2996 4514 3309 4568 evaserunt,

1655 4620 1702 4677 Ι)
1728 4613 1856 4682 quid
1876 4611 2159 4668 dicendum
2189 4609 2258 4664 de
2279 4607 2438 4662 aliis?

1808 4704 1970 4759 Vnus.
2006 4702 2096 4757 27.
2148 4699 2218 4755 Ει
2245 4699 2452 4769 deﬁciet
2484 4696 2654 4752 omnis
2683 4695 2763 4750 vir
2785 4692 2955 4757 Iuda,
3008 4691 3310 4746 habitantes

1728 4799 1797 4852 in.
1814 4808 1959 4851 terra
1988 4793 2209 4865 Egypti
2239 4796 2293 4848 in
2319 4792 2500 4865 gladio
2534 4799 2584 4845 et
2619 4791 2672 4844 in
2710 4790 2876 4856 tame,
2903 4787 3068 4840 donec
3101 4783 3310 4853 defece-

1731 4892 1858 4945 rint.
1891 4887 1958 4943 Et
1990 4889 2080 4963 qui
2110 4885 2367 4942 evaserint
2411 4901 2444 4938 a
2487 4881 2688 4954 gladio,
2712 4889 3042 4935 revertentur
3064 4892 3129 4930 ea:
3168 4886 3310 4930 terra

1728 4979 1948 5050 .Egypti
1986 4982 2041 5035 in
2069 4990 2265 5034 terram
2303 4974 2474 5040 Juda,
2536 4974 2692 5044 pauci
2719 4986 2938 5025 numero
2990 4969 3113 5025 viri.
3155 4967 3310 5033 'Quo-

1730 5077 1872 5129 niam
1916 5074 2163 5144 facientes
2212 5071 2466 5142 faciemus
2499 5085 2652 5123 omne
2692 5067 2906 5122 verbum
2949 5064 3088 5120 auod
3146 5063 3310 5116 exibit

1731 5182 1795 5219 ex
1828 5181 1917 5219 ore
1940 5175 2141 5229 nostra,
2181 5165 2395 5217 adolere
2426 5160 2643 5231 regina.

1805 5347 2008 5403 Militiae
2028 5345 2156 5402 coeli
2185 5344 2456 5401 videlicet.
2490 5341 2586 5396 Hic
2609 5341 2774 5401 etiam
2811 5351 3087 5394 nominum
3120 5335 3313 5390 simili-

1732 5442 1858 5497 tudo
1880 5439 2213 5496 diverSitatis
2249 5435 2712 5505 interpretationis
2744 5448 2905 5489 causa
2943 5441 3047 5488 est.
3092 5429 3306 5485 Etenim

1731 5532 1973 5589 Melched
2019 5531 2208 5587 militia
2259 5540 2363 5595 est,
2419 5527 2662 5584 Melched
2716 5527 2923 5597 regina.
2987 5524 3079 5582 Sic
3123 5531 3307 5578 autem

1732 5624 2078 5694 impudenter
2110 5609 2374 5692 itnpietati
2405 5618 2850 5676 incumbentibus
2892 5617 3088 5673 iterum
3123 5624 3310 5668 extre—

1731 5731 1875 5771 mam
1904 5714 2277 5785 captivitatem
2313 5713 2572 5780 minatus,
2610 5728 2697 5768 res
2740 5718 3039 5782 praesentes
3085 5708 3137 5764 in
3182 5720 3311 5761 suo-

1732 5826 1850 5864 rum
1930 5811 2199 5868 dictorum
2265 5810 2733 5867 conﬁrmationem
2788 5807 3008 5866 adducit
3057 5824 3071 5862 :
3132 5805 3309 5875 inquit

1729 5902 1890 5955 enim.
