3854 6396
477 419 618 474 1015

561 535 784 589 Verbum
814 535 966 604 cujus
993 546 1316 602 permaneat.

547 627 704 690 Illud,
730 625 882 692 cujus
918 641 1100 681 sermo
1125 627 1510 696 complebitur,
1536 628 1807 700 signiﬁcat
1838 643 1934 684 vos
1967 641 2052 682 me

477 719 798 788 quaesituros
850 718 903 772 in
942 719 1118 783 malis,
1155 734 1252 773 nec
1299 721 1638 786 inventuros,
1692 721 1893 776 residui
1921 735 2052 776 vero

477 827 573 879 per
607 821 816 864 vestras
848 809 1188 865 calamitates
1221 813 1350 866 lient
1389 813 1664 868 meliores.

553 899 712 955 Vnus.
743 901 836 955 29.
873 901 940 954 Et
977 903 1074 956 hoc
1103 903 1310 970 signum
1335 904 1500 957 vobis.

460 1057 463 1060 _
548 992 866 1047 Vestrorum
891 993 1101 1062 signant
1142 993 1405 1048 malorum
1439 995 1565 1058 erit,
1591 993 1803 1049 Pharao
1831 995 2053 1065 capien-

478 1083 598 1135 dus.
633 1081 767 1136 Nam
800 1091 855 1136 et
882 1097 1003 1136 meo
1045 1083 1271 1138 consilio
1302 1099 1408 1138 non
1444 1085 1677 1154 propriis
1716 1085 1924 1142 viribus
1955 1086 2056 1140 Se-

478 1173 687 1226 deciam
744 1171 1070 1242 Babylonius
1113 1175 1276 1243 cepit,
1326 1174 1462 1230 feret
1503 1191 1629 1230 vero
1675 1185 1730 1231 et
1772 1176 1860 1232 ille
1913 1177 2053 1231 mala

483 1263 620 1328 haec,
661 1265 926 1332 tum,quia
961 1264 1156 1333 impius
1187 1275 1290 1331 est,
1327 1276 1434 1320 tum
1463 1277 1521 1322 ut
1559 1284 1654 1322 vos
1681 1268 1931 1324 sentiatis
1961 1284 2056 1338 per

481 1367 605 1406 eum
641 1371 654 1408 :
691 1353 900 1408 Bonum
921 1371 1032 1410 esse
1053 1371 1266 1423 sperare
1289 1356 1344 1408 in
1379 1355 1624 1421 Domino,
1648 1375 1807 1428 quam
1832 1359 1886 1412 in
1907 1359 2058 1427 prin-

482 1444 685 1512 cipibus
720 1447 787 1500 ³⁸.
824 1446 1142 1503 Terminan
1167 1455 1346 1503 autem
1389 1449 1492 1504 hoc
1527 1451 1788 1506 vaticinio
1817 1466 1940 1506 cum
1967 1451 2056 1506 bi-

483 1539 654 1592 storia
697 1538 1008 1606 coniuncto,
1061 1541 1390 1611 antiquioris
1445 1542 1692 1597 meminit
1735 1543 2050 1614 prophetia},

482 1640 644 1696 quam
713 1630 1045 1699 temporibus
1104 1629 1310 1689 Joacim
1361 1631 1574 1688 Baruch
1629 1634 1814 1691 dicere
1872 1633 2058 1706 jussus

485 1719 679 1774 fuerat.

557 1809 716 1864 Vens.
749 1811 836 1866 30.
870 1810 963 1869 Sic
989 1813 1124 1868 dixit
1160 1813 1416 1870 Dominus
1444 1831 1463 1870 :
1494 1814 1629 1872 Ecce
1657 1818 1796 1872 enim
1818 1834 1910 1889 ego
1944 1827 2056 1873 tra-

1242 414 1938 488 SUPPLEMENTUMOAD
1979 417 2036 472 S.
2077 415 2132 471 ι.
2173 413 2659 502 (ΖΙίῐῖἵδΟΒΤρΜι
2699 401 2971 474 orans:

3593 421 3733 478 1016

2079 539 2126 596 Α
2224 538 2418 605 Λόγος
2436 537 2600 602 τίνος
2617 535 2878 604 ἐμιιενεῖ.

2218 628 2285 680 Τί
2308 628 2386 691 δὲ,
2415 628 2561 691 τίνος
2597 629 2626 679 ὁ
2655 627 2812 695 λόγος
2849 630 3023 697 μενεῖ,
3063 628 3341 682 δείκνυσιν
3376 630 3455 694 ὡς
3507 630 3570 682 ἐν
3622 636 3736 697 τοῖς

2153 719 2345 780 κακοῖς
2381 734 2451 787 με
2486 716 2781 787 ζητοῦντες
2807 717 2905 787 οὐχ
2936 719 3199 788 εὑρήσετε
3223 736 3238 750 ο
3275 721 3325 771 οἱ
3373 720 3433 772 δὲ
3469 723 3735 776 κατάλοι-

2155 826 2246 862 ποι
2274 807 2361 861 διᾶι
2389 808 2498 862 τῶν
2534 809 2816 879 ὑμετέρων
2861 809 3208 880 παθημάτων
3245 811 3732 882 ὠφεληθήσονται.

2227 900 2338 953 Καὶ
2371 899 2548 953 τοῦτο
2580 900 2648 953 τὸ
2668 899 2944 968 σημεῖον.

2226 991 2460 1061 Σημεῖον
2478 989 2588 1043 τῶν
2620 990 2902 1060 ὑμετέρων
2935 991 3121 1044 κακῶν
3148 995 3177 1045 ὁ
3213 993 3416 1063 Φαραὼ
3451 995 3737 1065 ἁλωσόμε-

2154 1101 2264 1148 νος.
2329 1085 2464 1154 Ἐμῇ
2515 1083 2623 1154 γὰρ
2681 1083 2844 1154 βουλῇ
2878 1086 2974 1137 καὶ
3013 1086 3042 1138 δ
3080 1085 3425 1152 Βαϐυλώνιος
3470 1090 3736 1142 Σεδεκίαν

2156 1175 2402 1246 εἴληφεν,
2437 1175 2538 1227 ούκ
2586 1175 2694 1246 ἰδίᾳ
2721 1175 2986 1246 δυνάμει·
3025 1176 3276 1231 πείσεται
3321 1178 3381 1230 δὲ
3427 1181 3523 1232 καὶ
3557 1174 3735 1244 οὗτος,

2156 1268 2273 1336 ἅμα
2305 1267 2480 1338 μένων
2509 1267 2732 1338 ἀσεϐὴς,
2757 1266 2876 1338 ἅμα
2911 1268 2968 1320 δὲ
3005 1269 3098 1322 καὶ
3130 1270 3269 1342 πρὸς
3293 1271 3557 1340 αίσθησιν
3588 1272 3735 1339 ἄγων

2155 1361 2324 1430 ἡμᾶς,
2371 1358 2447 1423 ὡς
2498 1359 2751 1429 Ἀγαθὸν
2797 1360 3060 1421 ἐλπίζειν
3082 1361 3184 1415 ἐπὶ
3218 1364 3440 1430 Κύριον
3483 1363 3529 1431 ἢ
3565 1365 3742 1418 ἐλπί-

2156 1449 2273 1511 ζειν
2289 1451 2379 1504 ἐπ’
2433 1450 2709 1520 ἄρχουσι.
2740 1451 3104 1522 Συμπεράνας
3130 1453 3186 1506 δὲ
3219 1455 3427 1523 ταύτην
3457 1455 3562 1524 τὴν
3604 1473 3742 1526 προ-

2157 1537 2391 1607 φητείαν
2472 1538 2687 1610 ἱστορίᾳ
2745 1540 3270 1612 συμπεπλεγμένην,
3350 1546 3743 1614 πρεσϐυτέρας

2155 1629 2567 1702 ἀναμιμνήσκει
2598 1631 2958 1702 προφητείας,
2987 1633 3054 1703 ἢν
3075 1635 3134 1686 ἐν
3159 1637 3280 1698 ταῖς
3312 1636 3558 1706 ἡμέραις
3589 1639 3744 1692 Ἰωα-

2158 1721 2290 1788 κεὶμ
2327 1719 2406 1790 τῷ
2438 1720 2652 1791 Βαροὺχ
2681 1721 2857 1774 εἰπεῖν
2879 1721 3253 1792 προσετάχθη.

2224 1812 2424 1878 Οὕτως
2448 1809 2581 1866 εἷπε
2607 1813 2841 1880 Κύριοςο
2885 1811 3033 1865 Ἰδοὺ
3060 1813 3172 1881 γὰρ
3204 1811 3318 1880 ἐγὼ
3370 1812 3590 1882 δίδωμι
3636 1816 3744 1868 τεν

485 1900 608 1953 dum
662 1899 999 1958 Pharaonem
1059 1903 1256 1975 Vaphri
1293 1923 1461 1977 regem
1521 1907 1746 1978 Αἶρε]ρᾶ
1779 1913 1832 1965 in
1867 1926 2052 1966 manus

2168 1904 2370 1973 Φαραὼ
2418 1906 2642 1974 Οὔαφρι
2666 1904 2935 1969 βασιλέα
2975 1906 3279 1974 Αἰγύπτου
3339 1907 3605 1960 ἔκδοτον
3648 1913 3739 1971 εἰς

479 1991 810 2047 inimicorum
857 1995 992 2064 ejus,
1042 1997 1175 2051 etin
1223 2013 1411 2053 manus
1439 2003 1784 2070 quaerentium
1823 2004 2055 2056 animant

483 2085 622 2152 ejus,
644 2087 782 2140 sicut
819 2088 937 2141 dedi
973 2088 1245 2144 Sedeciam
1279 2107 1447 2161 regem
1475 2091 1616 2148 Juba
1639 2096 1696 2149 in
1720 2113 1905 2150 manus
1937 2095 2054 2153 Na-

481 2177 877 2233 buchodonosor
897 2182 1054 2250 regis.

551 2363 723 2433 Capta
759 2364 900 2419 enim
943 2363 1262 2432 Jerusalem,
1297 2367 1363 2422 de
1404 2383 1612 2423 summa
1675 2383 1854 2424 rerum
1888 2369 2058 2442 ,Εεν-

482 2454 628 2524 ptius
675 2454 874 2508 timens
909 2457 1057 2510 circa
1094 2457 1426 2526 Euphratem
1480 2474 1584 2512 una
1611 2474 1734 2514 cum
1759 2459 2055 2532 Babylonio

480 2558 677 2598 manus
716 2545 958 2599 conserit
990 2562 1003 2599 :
1032 2550 1252 2616 quando
1286 2558 1339 2602 et
1365 2558 1554 2618 captus
1579 2558 1684 2604 est.
1713 2551 1902 2620 Itaque
1931 2567 2053 2607 cum

479 2633 582 2688 hoc
614 2633 794 2688 adhuc
815 2635 1100 2702 lateret,et
1132 2638 1272 2692 bello
1296 2639 1348 2692 in
1381 2648 1667 2704 utramque
1699 2650 1909 2710 partem
1934 2657 2057 2695 ver-

479 2735 658 2796 gente.
689 2725 909 2798 [Egypti
937 2729 1210 2783 excidium
1233 2730 1492 2795 minatus,
1513 2741 1566 2785 et
1593 2729 1794 2787 Iudaeis
1819 2734 2052 2798 ruinam,

478 2819 534 2874 in
566 2835 784 2874 suorum
814 2838 1125 2880 sermonum
1171 2824 1544 2895 probationem
1598 2826 1900 2884 Pharaonis
1938 2828 2054 2884 cla-

479 2915 601 2966 dem
626 2913 849 2971 inducit.

1075 3053 1228 3111 CAP.
1285 3055 1447 3111 XLV.

2155 2000 2361 2070 χεῖρας
2391 1996 2622 2066 ἐχθρῶν
2649 1997 2860 2062 αὐτοῦ,
2902 1997 3002 2051 καί
3030 2000 3120 2062 εις
3147 1998 3350 2067 χεῖρας
3393 1997 3746 2065 ζητούντων

2155 2088 2271 2156 τὴν
2316 2087 2531 2156 ψυχὴν
2577 2086 2786 2152 αὑτοῦ,
2825 2086 2981 2142 καθὰ
3026 2086 3253 2142 δέδωκα
3292 2091 3403 2141 τὸν
3441 2090 3746 2143 Σεδεκίαν

2151 2179 2416 2246 βασιλέα
2453 2178 2643 2233 Ἰούδα
2675 2181 2764 2245 είς
2791 2177 2996 2247 χεῖρας
3034 2179 3586 2250 Ναϐουχοδονόσορ
3625 2183 3746 2247 βσ-

2154 2272 2377 2336 σιλέως
2403 2269 2786 2336 Βαϐυλῶνος.

2229 2365 2342 2434 Τῆς
2369 2363 2478 2434 γὰρ
2524 2362 2881 2432 Ἰερουσαλὴμ
2932 2361 3191 2433 ἁλούσης,
3223 2361 3408 2425 δείσας
3441 2363 3584 2432 περὶ
3633 2362 3747 2415 τῶν

2155 2459 2292 2513 ὅλων
2333 2459 2361 2510 ὁ
2400 2455 2725 2525 Αἰγύπτιος,
2777 2455 2908 2526 περὶ
2960 2455 3052 2508 τὸν
3083 2456 3372 2526 Εὐφράτην
3424 2455 3744 2525 συμϐάλλει

2153 2550 2234 2622 τῷ
2283 2547 2642 2602 Βαϐυλωνίων
2693 2547 2925 2617 βασιλεῖ,
2984 2546 3147 2618 ἡνίκα
3191 2549 3284 2600 καὶ
3353 2547 3522 2599 ἑάλω.
3571 2545 3746 2598 Οὔπω

2153 2644 2338 2697 τοίνυν
2365 2641 2561 2696 τούτου
2595 2640 2756 2712 δήλου
2792 2640 3180 2709 τυγχάνοντος,
3219 2639 3333 2694 ἀλλ’
3370 2639 3454 2692 ἔτι
3520 2638 3744 2709 μετεώ-

2159 2755 2253 2807 ρου
2271 2735 2366 2790 τοῦ
2394 2735 2634 2806 πολέμου
2660 2734 3028 2801 καθεστῶτος,
3068 2733 3373 2802 ἀπειλήσας
3397 2733 3502 2802 τῆς
3561 2733 3742 2800 Atr-.3.

2156 2845 2293 2882 πτου
2329 2826 2554 2892 ἅλωσιν,
2587 2827 2682 2879 καὶ
2732 2823 3003 2889 Ἰουδαίοις
3056 2824 3332 2878 ἀπώλειαν
3369 2863 3386 2888 ,
3447 2823 3744 2891 ἀπόδειξιν

2155 2920 2265 2974 τῶν
2286 2919 2461 2988 λόγων
2485 2918 2583 2988 τὴν
2610 2911 2779 2991 ἧτταν
2799 2915 2895 2970 τοῦ
2925 2914 3126 2987 Φαραὼ
3155 2914 3280 2986 ἐφη.

2747 3050 3000 3106 ΚΕΦΑΛ.
3038 3050 3172 3105 ME'.

547 3187 568 3212 ‘
605 3183 771 3242 Vens.
807 3189 856 3242 ί.
895 3185 1119 3244 Verbum
1150 3193 1287 3261 quod
1304 3193 1510 3248 locutus
1533 3206 1608 3248 est
1630 3193 1891 3250 Jeremias
1919 3199 2053 3263 'pro-

2227 3188 2244 3206 ⁹
2287 3186 2350 3238 '0
2371 3185 2578 3256 λόγος,
2609 3185 2682 3239 ὃν
2699 3184 3009 3253 ἐλάλησεν
3051 3185 3324 3254 Ἱερεμίας
3352 3186 3385 3238 ό
3414 3184 3742 3254 προφήτης

479 3279 657 3350 pheta,
682 3281 751 3333 ad
783 3280 991 3335 Baruch
1010 3283 1181 3350 filium
1212 3284 1410 3350 Nerine,
1434 3287 1647 3355 quando
1667 3288 1874 3354 scripsit
1895 3288 2050 3342 verba

2168 3278 2306 3346 πρὸς
2336 3277 2573 3346 Βαροὺχ
2604 3276 2740 3332 υἱὸν
2766 3278 3010 3346 Νηρίου,
3038 3276 3127 3329 ὅτι
3149 3278 3371 3347 ἔγραψε
3434 3277 3590 3343 τοὺς
3637 3281 3741 3333 ,ζό-

480 3373 592 3428 harc
629 3391 694 3428 ex
727 3390 814 3428 ore
846 3374 1089 3429 Ieremia
1112 3375 1164 3428 in
1188 3393 1324 3428 anno
1346 3389 1534 3447 quarto
1558 3375 1804 3430 Joacltim
1830 3376 1931 3444 ﬁlii
1963 3377 2054 3432 lo-

479 3467 574 3520 sia:
593 3467 725 3537 regis
757 3466 924 3521 Juda.

555 3652 846 3706 Existimat
869 3667 998 3708 sane
1027 3654 1245 3722 quidam
1273 3654 1388 3710 haec
1415 3656 1554 3725 apud
1583 3656 1919 3724 prophetam,
1946 3671 2052 3710 non

481 3753 543 3798 ut
575 3745 708 3798 ordo
743 3744 1070 3813 postulabat,
1105 3746 1278 3813 posita
1303 3761 1442 3812 esse,
1469 3748 1608 3802 unde
1635 3748 1711 3801 ait
1733 3752 2050 3810 notandum.

481 3834 624 3888 hunc
649 3833 968 3903 plerumque
991 3849 1112 3888 esse
1135 3835 1187 3889 in
1215 3833 1494 3904 Scriptura
1519 3852 1721 3892 morem
1749 3853 1934 3892 eormn
1961 3839 2052 3906 qui

480 3926 738 3980 historias
753 3929 1146 3997 conscripsere,
1177 3938 1235 3982 ut
1259 3945 1361 3983 non
1388 3931 1582 3986 seriem
1604 3933 1901 3999 spectarint
1922 3943 2055 3987 tem-

478 4018 648 4088 poris,
665 4018 758 4073 sed
780 4026 1009 4081 tantum,
1027 4029 1185 4088 prout
1201 4035 1285 4074 res
1310 4020 1536 4086 ferebat,
1557 4022 1608 4074 in
1628 4024 1918 4089 legentium
1937 4038 2056 4078 con-

482 4110 714 4165 texerint
734 4109 1038 4164 ulilitalem.
1067 4109 1171 4165 Sed
1197 4111 1385 4166 melius
1418 4113 1530 4167 lucc
1545 4130 1664 4167 cum
1683 4115 2054 4183 superioribus

477 4217 618 4256 nexa
657 4217 776 4257 esse
810 4212 1099 4258 assereret.
1147 4201 1358 4258 Etenim
1408 4220 1528 4258 cum
1578 4204 1823 4269 dixisset,
1863 4221 2053 4260 eorum

479 4295 570 4364 qui
613 4294 665 4348 iu
697 4294 934 4365 [Egypto
971 4305 1127 4350 erant
1163 4305 1370 4351 tantum
1405 4311 1498 4350 eos
1533 4298 1820 4352 salvantlos
1855 4301 1944 4368 qui
2003 4303 2055 4358 in

486 4384 728 4441 Judaeum
786 4385 1194 4456 confugissent,
1246 4387 1484 4454 reliquos
1524 4402 1650 4441 vero
1681 4404 1874 4443 omnes
1928 4406 2054 4460 per-

482 4477 724 4540 dendos.
767 4477 833 4532 its
895 4494 1000 4532 non
1049 4479 1400 4534 credentibus
1452 4479 1742 4534 confirmat
1775 4495 2056 4539 sermones

2155 3389 2300 3440 γους
2362 3370 2614 3435 τούτους
2677 3367 2796 3423 ἀπὸ
2833 3370 3131 3438 στόματος
3183 3367 3468 3439 Ἰερεμίου
3539 3370 3616 3423 ἐν
3660 3369 3742 3434 τῷ

2154 3463 2273 3518 ἔτει
2311 3459 2392 3526 τῷ
2416 3460 2673 3528 τετάρτῳ
2733 3460 2994 3530 ἰωακείμ
3047 3459 3183 3516 υἱοῦ
3254 3461 3489 3515 Ἰωσίου
3550 3462 3738 3526 ,Βασι-

2155 3553 2310 3618 λέως
2345 3550 2560 3606 Ἰούδα.

2228 3644 2458 3716 Οἰηθείη
2491 3643 2589 3714 μὲν
2614 3644 2680 3698 ἄν
2709 3661 2793 3707 τις
2824 3644 2887 3696 οὐ
2920 3643 3064 3697 κατὰ
3089 3642 3244 3708 τάξιν
3275 3643 3454 3698 ταῦτα
3512 3645 3737 3698 κεῖσθαι

2157 3733 2310 3804 παρὰ
2338 3733 2413 3804 τῷ
2444 3734 2723 3805 προφήτῃ,
2759 3732 2882 3786 ὅθεν
2929 3733 3086 3803 φησὶ,
3106 3733 3216 3785 δεῖν
3238 3733 3733 3803 ἐπισημαίνεσθαι,

2156 3824 2232 3887 ὡς
2287 3822 2561 3893 πολλαχοῦ
2593 3824 2711 3875 ἐστι
2762 3821 2921 3875 τοῦτο
2975 3822 3078 3893 τῆς
3124 3822 3350 3893 Γραφῆς
3406 3822 3469 3874 τὸ
3508 3824 3733 3892 ἰδίωμα,

2156 3916 2265 3970 τῶν
2315 3914 2620 3968 συνθέντων
2662 3913 2762 3978 τὰς
2809 3913 3073 3984 ἱστορίας,
3117 3915 3179 3968 οὐ
3243 3914 3346 3984 τῆς
3400 3914 3739 3978 ἀκολουθίας

2157 4007 2592 4078 φροντισάντων,
2635 4005 2773 4061 ἀλλὰ
2822 4005 2916 4059 τοῦ
2971 4007 3120 4070 ὅπως
3177 4006 3376 4076 δήποτε
3455 4006 3738 4060 συνθεῖναι

2158 4101 2299 4172 πρὸς
2347 4100 2620 4169 ὠφέλειαν
2652 4099 2760 4152 τῶν
2799 4099 3310 4168 ἀναγινωσκόντων.
3339 4099 3569 4152 Μᾶλλον
3604 4101 3649 4151 δ’
3673 4101 3741 4152 ἄν

2127 4189 2241 4256 ’τις
2278 4191 2702 4263 ἡρμόσθαιαύτὸ
2733 4208 2864 4261 φησι
2900 4191 3036 4262 πρὸς
3068 4190 3138 4244 τὰ
3159 4190 3458 4260 ἡγούμενα.
3505 4191 3740 4260 Ἐπειδὴ

2157 4286 2267 4357 γὰρ
2307 4287 2413 4356 ἔφη
2462 4283 2570 4338 τῶν
2607 4285 2663 4336 ἐν
2700 4281 2965 4354 Αἰγύπτῳ
3020 4283 3215 4352 μόνους
3272 4283 3553 4348 σώζεσθαι
3612 4285 3742 4344 τοὺς

2157 4381 2237 4444 είς
2261 4380 2364 4450 τὴν
2407 4377 2664 4431 Ἰουδαίαν
2695 4380 3022 4446 φεύγοντας,
3064 4377 3399 4430 ἀπόλλυσθαι
3425 4377 3482 4429 δὲ
3520 4377 3742 4439 πάντας

2155 4472 2284 4534 τοὺς
2309 4471 2555 4535 λοιποὺς,
2578 4471 2678 4523 ούκ
2708 4469 3044 4540 ἐπείσθησαν
3095 4470 3172 4534 δέ,
3209 4470 3316 4523 ἀπὸ
3337 4469 3447 4522 τῶν
3480 4470 3740 4524 παλαιῶν

478 4583 606 4623 suos
634 4583 699 4622 ex
725 4569 1124 4638 antiquioribus
1154 4569 1335 4625 rebus.
1374 4570 1442 4626 Ut
1471 4573 1614 4625 enim
1641 4571 1792 4635 olim,
1827 4573 1926 4637 ait,
1952 4574 2053 4628 Ba-

2168 4561 2504 4614 ἐπιστώσατο
2533 4560 2594 4614 τὸ
2620 4560 2938 4631 λεγόμενον.
2996 4561 3081 4624 Ὧς
3111 4561 3221 4632 γὰρ
3253 4562 3445 4621 πάλαι,
3484 4566 3683 4633 φησιν,
3712 4565 3741 4616 ὀ

478 4657 611 4712 ruch
644 4657 882 4714 infausta
916 4662 1215 4730 praedicens
1267 4661 1606 4730 periclitatus
1656 4678 1761 4717 non
1815 4671 1920 4731 est,
1953 4666 2050 4720 sed

477 4757 536 4803 ut
562 4749 635 4803 illi
671 4751 812 4804 Deus
843 4751 1164 4821 promiserat
1201 4751 1349 4806 solus
1375 4753 1616 4807 omnium
1647 4753 1902 4810 immunis
1929 4771 2056 4812 ser-

475 4849 635 4894 vatus
662 4850 745 4896 est
775 4855 791 4895 :
820 4842 900 4896 sic
926 4850 979 4896 et
1011 4857 1155 4897 nunc
1180 4843 1466 4900 credentes
1497 4853 1702 4900 servat.

552 5018 714 5074 Vens.
739 5020 795 5073 2.
828 5018 914 5074 Sic
935 5020 1068 5074 dixit
1103 5021 1381 5076 Dominus.

547 5104 666 5161 Non
701 5117 902 5164 temere
933 5123 1032 5164 nec
1073 5109 1378 5179 importune
1410 5127 1550 5167 nunc
1584 5114 1854 5168 sermonis
1886 5114 2049 5184 hujus

480 5199 749 5262 meminit,
783 5201 878 5255 sed
908 5211 965 5254 ut
990 5201 1256 5272 intelligas
1281 5218 1390 5273 quo
1416 5204 1471 5258 in
1514 5219 1607 5259 eos
1633 5205 1842 5260 Baruch
1869 5207 2052 5260 animo

481 5288 640 5344 foret.
699 5288 768 5344 Ut
800 5291 994 5346 deﬂeat
1039 5300 1093 5346 et
1125 5291 1296 5360 ploret
1349 5309 1542 5363 rogans
1583 5309 1682 5364 pro
1717 5295 1825 5351 illis
1859 5296 2049 5352 Deum.

480 5379 574 5435 Ille
603 5395 730 5434 vero
759 5381 859 5446 ait,
896 5381 999 5434 noli
1030 5397 1275 5452 quaerere
1309 5385 1557 5454 grandia.

550 5470 717 5526 Vens.
745 5474 800 5528 5.
835 5473 1120 5544 Postquam
1151 5486 1206 5528 tu
1237 5475 1445 5531 Baruch
1474 5477 1662 5530 dixisti
1688 5491 1708 5531 :
1747 5475 1866 5531 Heu
1899 5477 2046 5541 mihi,

480 5565 604 5636 quia
631 5561 835 5618 addidit
861 5565 1114 5621 Dominus
1139 5567 1367 5622 laborem
1391 5586 1545 5636 super
1567 5569 1803 5623 dolorem
1835 5586 2000 5623 meum
2029 5583 2048 5623 .'

481 5655 706 5711 dormivi
726 5657 780 5710 in
808 5659 1172 5728 gemitibus,et
1199 5661 1422 5730 requiem
1444 5679 1546 5717 non
1574 5662 1759 5716 inveni.

549 5832 594 5864 ³⁸
635 5831 776 5888 Psal.
805 5847 973 5900 cxvu,
1014 5834 1068 5890 9.

2155 4655 2368 4726 Βαροὺχ
2418 4653 2511 4706 ἐπὶ
2551 4652 2647 4706 τοῦ
2691 4654 2951 4723 ἰωακεὶμ
3001 4653 3287 4724 προλέγων
3339 4653 3406 4706 τὰ
3441 4654 3601 4708 δεινὰ
3660 4657 3734 4725 μὴ

2153 4746 2456 4811 ἀπολεῖται,
2510 4744 2977 4815 ἐπαγγειλάμενος
3020 4746 3078 4799 δε
3132 4745 3282 4817 αὐτῷ
3326 4745 3459 4811 Θεὸς
3511 4748 3738 4819 ἀϐλαδῆ

2156 4836 2389 4907 ἐφύλαξε
2420 4835 2581 4907 μόνον
2615 4835 2674 4900 ἐξ
2701 4836 2983 4903 ἁπάντων,
3015 4835 3158 4888 οὕτω
3191 4838 3289 4889 κα)⁸
3318 4835 3412 4890 νῦν
3442 4837 3577 4902 τοὺς
3620 4855 3743 4892 πει-

2157 4929 2420 5000 θομένους
2447 4927 2633 4991 σώζει.

2235 5022 2434 5086 Οὕτως
2459 5015 2589 5074 εἶπε
2617 5019 2851 5088 Κύριος.

2232 5111 2344 5180 Οὐχ
2378 5109 2563 5172 ἁπλῶς
2597 5109 2875 5179 μέμνηται
2908 5105 3100 5160 τούτου
3131 5107 3227 5160 τού
3255 5106 3416 5176 λόγου
3447 5108 3568 5173 νῦν,
3621 5108 3742 5162 οὐδὲ

2160 5202 2427 5273 ἀκαίρως,
2458 5201 2575 5254 ἀλλ’
2621 5201 2712 5255 ἴνα
2743 5199 2945 5273 μάθῃς,
2981 5200 3076 5252 καὶ
3119 5193 3230 5263 οἶος
3280 5202 3308 5254 ὁ
3350 5199 3574 5271 Βαροὺχ
3612 5201 3743 5272 περὶ

2159 5295 2359 5356 αὐτοὺς
2387 5289 2477 5364 ἦν,
2513 5292 2628 5357 πῶς
2657 5291 2848 5363 θρηνεῖ
2869 5290 2963 5344 καὶ
2987 5291 3339 5361 ἀποδύρεται,
3385 5291 3558 5358 ἀξιῶν
3614 5295 3744 5364 περὶ

2159 5386 2342 5441 αὐτῶν
2370 5387 2462 5440 τὸν
2496 5386 2650 5441 Θεόν.
2687 5384 2859 5448 Αὐτὸς
2891 5383 2947 5436 δέ
2977 5400 3110 5454 φησι
3137 5400 3148 5412 '
3177 5383 3268 5454 Μὴ
3294 5384 3450 5454 ζήτει
3496 5386 3742 5454 μεγαλα.

2243 5479 2399 5532 Ἐπεὶ
2427 5479 2508 5533 σὺ
2537 5476 2776 5546 Βαροὺχ
2806 5472 2996 5540 εἴπας·
3034 5475 3202 5543 Οἷμοι
3247 5475 3337 5528 ὅτι
3391 5480 3744 5545 προσέθηκε

2163 5572 2379 5640 Κύριος
2413 5571 2606 5624 κόπον
2656 5571 2758 5622 ἐπὶ
2814 5571 3007 5622 πόνον
3066 5583 3207 5636 μου.
3267 5567 3639 5638 Ἑκοιμήθην
3677 5567 3746 5622 ἐν

2168 5663 2548 5733 στεναγμοῖς,
2585 5662 2680 5716 καὶ
2715 5661 3065 5716 ἀνάπαυσιν
3087 5659 3202 5728 οὐχ
3232 5653 3435 5727 εὗρον.
