3810 6442
49 501 230 558 son
343 493 346 496 ’
1197 498 1626 556 FRAGMENTA
1665 496 1728 551 IN
1768 494 2134 550 tmumau.
3230 480 3367 547 ints

145 615 227 671 Ὀ
277 615 496 688 Βαροὺχ
552 614 1019 686 ἀποστελλόμενος
1055 614 1209 685 παρά
1245 613 1341 666 τοῦ
1405 613 1639 684 Ἱερεμιο

1854 607 2065 660 Βειτιιοιι
2096 607 2294 659 missus
2329 619 2356 657 a
2383 602 2641 667 Ieremia,
2669 609 2728 658 ut
2758 601 2812 656 in
2847 600 3126 657 civitatem
3157 603 3354 656 vatit-i-

47 706 138 759 τὰ
189 709 346 762 κατά
364 709 464 779 τῆς
488 709 702 772 πόλεως
742 707 1005 771 ἐξειπεῖν,
1030 704 1289 768 δεδοικὼς
1315 704 1416 776 τὴν
1443 703 1538 757 τοῦ
1573 703 1639 773 βα

1787 698 1872 752 uia
1911 698 2174 760 ediceret,
2206 711 2327 749 cum
2359 696 2492 750 iram
2529 695 2670 762 regis
2708 701 2764 748 et
2805 694 3137 762 reliquorum
3176 693 3364 748 innua-

46 799 284 865 σιλέως
307 801 500 872 ὀργὴν,
541 800 776 855 καὶτῶν
811 798 1016 852 λοιπῶν
1044 799 1146 868 τὴν
1180 797 1468 868 ὠμότητα,
1513 795 1639 851 ἀπιέ

1787 789 2012 843 nitatem
2043 798 2290 856 paveret,
2322 801 2518 839 munus
2557 786 2659 839 hoc
2691 787 2981 840 recusabat
3019 803 3031 840 :
3060 794 3115 840 et
3143 801 3208 841 ex
3257 788 3359 840 alia

43 906 158 942 ναι
189 893 302 946 οὐκ
343 892 618 959 ἐδούλετο,
661 893 862 946 ἐννοῶν
891 891 948 944 δὲ
991 891 1178 955 πάλιν,
1237 892 1320 944 ὅτι
1368 891 1471 960 οὐχ
1504 891 1534 944 ὁ
1574 905 1639 942 τυ

1787 887 1954 949 parte,
1987 893 2108 933 cum
2135 893 2239 931 una
2267 893 2452 932 secum
2484 877 2884 944 consideraret,
2915 877 3215 948 periculum
3253 894 3356 932 nou

42 979 188 1048 χὼν
233 983 485 1046 κίνδυνός
533 983 652 1036 ἐστι
693 981 1012 1054 παραϐῆναι
1069 978 1167 1034 τοῦ
1225 981 1508 1051 προφήτου
1544 979 1638 1032 τοὺ

1787 975 2232 1026 contemnendum
2278 970 2566 1025 imminere
2606 971 2650 1026 si
2692 969 2852 1024 verba
2887 986 2994 1025 non
3028 983 3358 1038 exsequere-

40 1071 280 1140 λόγους
313 1074 494 1147 (τοῦτο
514 1076 624 1145 γάρ
641 1077 760 1128 ἐστι
781 1075 857 1145 τῷ
879 1073 999 1144 Θεῷ
1032 1073 1312 1145 πέμποντι
1343 1070 1639 1142 ἀντειπεῖν)

1787 1079 1880 1123 ur.
1940 1064 2042 1118 hoc
2077 1064 2342 1116 enim-est
2377 1061 2489 1116 Deo
2543 1063 2776 1117 mittenti
2825 1077 2885 1117 se
2931 1077 3226 1132 opponere,
3257 1077 3356 1115 an-

45 1164 120 1216 ὲν
162 1167 518 1239 στενοχωρίᾳ
564 1165 854 1237 κατείχετο
880 1180 897 1196 ⁸
947 1165 1129 1220 ἀπιών
1167 1182 1227 1219 τε
1288 1163 1397 1234 γὰρ
1441 1162 1671 1216 θάνατον

55 1259 440 1325 προσεδόκα,
474 1259 570 1312 καὶ
602 1259 680 1329 μὴ
704 1257 1031 1329 πειθόμενος
1064 1259 1125 1311 οὐ
1161 1254 1546 1326 διαφεύξεσθαι
1568 1253 1670 1324 τὴν

42 1347 380 1417 τιμωρίαν,
411 1347 536 1401 οὔτε
557 1347 636 1419 τῷ
666 1347 786 1419 Θεῷ
817 1347 1201 1420 προσκρούων.
1230 1346 1304 1400 Τὸ
1325 1343 1441 1401 οὖν’
1462 1349 1667 1414 Προσ-

43 1437 258 1504 έθηκε
282 1440 500 1508 Κύριος
528 1441 722 1494 κόπον
761 1440 862 1493 ἐπὶ
890 1441 1085 1495 πόνον
1122 1456 1243 1510 μου
1267 1453 1282 1470 ⁸
1327 1441 1518 1495 πόνον
1565 1435 1667 1508 μὲν

44 1529 238 1582 καλεῖ
269 1528 371 1598 τὴν
396 1527 572 1599 λύπην
601 1524 670 1599 ἦν
692 1525 840 1598 εἶχον
862 1528 993 1600 περὶ
1021 1528 1118 1580 τοῦ
1146 1524 1276 1580 λαοῦ
1298 1539 1312 1554 ⁸
1366 1521 1557 1574 κόπον
1606 1519 1666 1573 δὲ

41 1617 174 1686 τῆς
214 1619 404 1690 ψυχῆς
425 1620 526 1690 τὴν
562 1620 742 1685 ἀνίαν,
770 1619 868 1674 καὶ
915 1621 1015 1690 τὴν
1059 1617 1190 1689 περὶ
1221 1615 1316 1669 τοῦ
1373 1613 1666 1684 μέλλοντος

44 1713 364 1781 φροντίδα.
394 1713 468 1768 Τὸ
500 1713 580 1778 δὲ,
618 1714 980 1784 Ἐκοιμήθην
1017 1712 1089 1766 ἐν
1134 1705 1517 1778 στεναγμοῖς,
1563 1706 1662 1760 καὶ

43 1802 433 1859 ἀνάπαυσιν
464 1807 576 1875 οὐχ
603 1801 789 1874 εὗρον
810 1823 824 1837 ο
853 1806 930 1869 ὡς
951 1808 1010 1859 ἐν
1043 1802 1290 1877 φροντίδι
1320 1798 1575 1872 ἐσχηκὼς
1601 1798 1665 1854 τὸ

45 1896 340 1967 πρᾶγμα,
373 1894 516 1950 ὥστε
543 1897 681 1968 μήτε
713 1897 884 1951 ὕπνου
913 1896 1056 1969 μετά
1079 1895 1324 1960 ἀνέσεως
1346 1895 1553 1964 τυχεῖν.

119 2170 338 2238 Οὕτως
356 2166 487 2226 εἶπε
509 2172 743 2241 Κύριος
765 2172 924 2228 Ἰδοὺ
943 2172 980 2229 ἄ
1003 2173 1366 2244 ᾠκοδόμησα
1381 2171 1498 2244 ἐγὼ
1518 2177 1660 2229 καθ-

36 2259 217 2328 ελῶ,
249 2262 293 2316 d
326 2264 636 2333 ἐφύτευσα
688 2264 804 2335 ἐγὼ
859 2265 1136 2333 exculto,
1183 2265 1284 2321 καὶ
1319 2266 1660 2335 σύμπασαν

37 2352 182 2421 τὴν
212 2354 336 2423 γῆν
361 2356 628 2426 ἐκείνην,
654 2357 755 2410 καὶ
792 2357 874 2413 σὺ
903 2356 1095 2427 ζητεῖς
1119 2356 1356 2424 σεαυτῷ
1380 2357 1658 2428 perdia;

29 2443 137 2511 μὴ
180 2442 365 2514 ζήτει.

125 2538 458 2606 Τουτέστιν,
491 2542 566 2597 Οὐ
597 2544 953 2615 προσήκοντα
981 2542 1233 2616 λογισμῷ
1274 2543 1478 2616 δικαίῳ
1506 2544 1658 2616 εῐλη-

43 2646 197 2697 φας.
227 2631 329 2686 Διά
363 2633 472 2704 γὰρ
500 2635 602 2706 τὴν
634 2637 896 2691 ἀσέϐειαν
933 2637 1030 2692 τοῦ
1059 2636 1303 2709 πλήθους
1345 2637 1492 2692 κατὰ
1516 2637 1654 2693 πάν-

40 2736 176 2774 των
217 2723 676 2797 ἀποφηναμένου,
721 2729 816 2783 καὶ
862 2728 1196 2800 βουλομένου
1267 2747 1370 2801 μου
1413 2729 1506 2785 διὰ
1553 2731 1654 2801 τῆς

43 2813 308 2886 ἀπειλῆς
339 2819 651 2884 ἀπαλλάξαι
702 2823 814 2876 τῶν
853 2823 1140 2889 κινδύνων,
1177 2824 1242 2878 σὺ
1268 2824 1392 2878 οὐδὲ
1422 2824 1653 2895 ἀθυμεῖν

42 2903 178 2970 [Ion
215 2908 502 2984 εὐθυμεῖν]
539 2912 766 2980 ἐθέλεις,
813 2915 846 2987 ἢ
878 2916 1138 2986 φροντίδα
1167 2915 1291 2970 τινὰ
1326 2915 1420 2970 τοῦ
1467 2917 1652 2988 πράγ-

44 3013 242 3066 ματος
272 3002 562 3057 ποιεῖσθαι.
613 3005 687 3058 Τὸ
733 3007 866 3078 γὰρ,
914 3007 999 3062 Σὺ
1031 3007 1225 3076 ζητεῖς
1273 3007 1513 3076 σεαυτῷ
1552 3027 1652 3079 μευ

44 3091 246 3161 τάλα,
268 3094 424 3148 τοῦτο
449 3098 707 3167 σημαίνει
733 3115 746 3128 ·
775 3100 1048 3165 τουτέστι,
1076 3101 1140 3154 τὸ
1171 3103 1307 3173 μηδέ
1332 3102 1648 3156 λυπεῖσθαι·

41 3185 140 3237 ὅτι
171 3185 285 3257 γὰρ
310 3188 371 3242 ού
397 3191 525 3262 περὶ
563 3194 853 3265 συμφορᾶς
883 3193 1016 3246 αύτὸ
1056 3211 1214 3264 φησι,
1245 3195 1440 3265 μηνύει
1468 3196 1528 3249 τὸ
1554 3199 1651 3248 ἐπ-

41 3277 340 3348 αγόμενον
360 3295 373 3309 ο
404 3281 538 3354 φησὶ
564 3286 672 3355 γάρ
691 3301 709 3318 ·

146 3371 304 3425 Ἰδοὺ
328 3373 445 3442 ἐγὼ
473 3375 672 3446 ἐπάγω
691 3376 846 3431 κακὰ
872 3376 974 3431 ἐπί
1002 3377 1214 3433 πᾶσαν
1237 3377 1460 3447 σάρκα,
1484 3380 1651 3450 λέγει

41 3461 306 3530 Κύριος,
341 3465 439 3518 καὶ
468 3465 641 3520 δώσω
668 3466 784 3534 τὴν
810 3467 1024 3537 ψυχήν
1055 3484 1175 3523 σου
1205 3472 1294 3534 εὶς
1325 3469 1544 3540 εὕρεμα
1581 3471 1652 3525 ἐν

44 3555 248 3608 παντὶ
281 3559 460 3622 τόπῳ,
499 3554 572 3614 οὗ
597 3559 706 3614 ἐὰν
725 3560 960 3630 ,βαδίσῃ
979 3560 1123 3616 ἐκεῖ.

129 3648 432 3702 Τουτέστιο
461 3653 552 3723 Μὴ
581 3651 749 3720 φοϐοῦ
777 3670 790 3682 ο
850 3653 1104 3707 ἀπελθὼν
1157 3653 1280 3708 εἰπὲ
1314 3653 1392 3725 τῷ
1429 3653 1544 3726 λαῷ
1582 3654 1650 3708 τά

45 3740 224 3810 παρά
246 3742 341 3795 τοῦ
371 3745 652 3815 προφήτου
684 3746 976 3817 λεγόμενα,
1005 3745 1065 3802 εὖ
1105 3747 1284 3813 εἰδὼς,
1319 3749 1395 3813 ὡς
1442 3751 1502 3802 ού
1535 3766 1651 3803 κοι-

46 3837 332 3906 νωνήσεις
355 3837 541 3900 αὐτοῖς
573 3839 674 3908 τῆς
723 3842 1034 3912 συμφορᾶς,
1065 3841 1187 3894 οὐδέ
1239 3859 1294 3895 τι
1331 3841 1649 3914 διαθήσουσί

48 3941 120 3978 σε
147 3927 325 3981 κακόν
351 3943 365 3957 ⁸
393 3929 484 3982 τὸν
515 3930 572 3983 δέ
603 3931 804 4001 τρόπον
831 3933 932 4003 τῆς
963 3934 1238 4006 σωτηρίας
1278 3934 1538 4006 ἀνωτέρω
1568 3933 1651 3987 τέ-

48 4018 252 4073 θεικεν
278 4023 306 4074 ὁ
336 4023 650 4094 Προφήτης,
669 4026 869 4095 φήσας*
894 4029 1004 4080 Καὶ
1027 4029 1406 4098 κατέκρυψεν
1423 4028 1650 4095 αὐτοὺς

45 4114 286 4181 Κύριος
323 4114 422 4168 καὶ
464 4119 577 4186 οὐχ
612 4119 990 4186 εὑρίσκοντο.

129 4206 247 4259 Kal
277 4206 359 4260 σὺ
389 4207 694 4276 ζητήσεις.

131 4296 282 4350 Μίαν
319 4299 474 4353 πόλιν
495 4301 623 4372 ὃλην
655 4301 964 4373 ἐξαρπάσαι
1007 4305 1272 4361 κινδύνων
1329 4311 1648 4380 προσκρού-

50 4390 244 4442 σασάν
287 4408 375 4460 μοι
407 4390 613 4464 ζητεῖς.

131 4479 248 4533 Kal
271 4480 444 4536 δώσω
480 4484 598 4554 τὴν
609 4487 842 4556 ψυχήν.

134 4571 315 4625 ’Όπου
341 4573 385 4626 δ’
421 4575 488 4628 ἂν
520 4573 607 4651 ᾖς,
631 4580 692 4631 οὐ
745 4581 818 4651 μὴ
850 4581 1014 4654 πείσῃ
1059 4582 1254 4638 δεινόν.
1293 4583 1434 4637 Ἀλλ’
1494 4583 1647 4654 ὅμως

1772 1154 1963 1222 gustiis
2009 1155 2174 1207 animi
2231 1156 2614 1223 premebatur;
2665 1170 2790 1207 nam
2839 1163 2913 1217 et,
2963 1154 3010 1208 si
3045 1154 3172 1220 iret,
3209 1169 3355 1208 mor—

1773 1258 1880 1299 tem
1915 1246 2018 1301 sibi
2041 1257 2286 1318 paratam
2318 1249 2706 1318 exspectabat,
2739 1256 2814 1313 el,
2845 1248 3020 1302 sinon
3057 1246 3352 1310 obedisset,

1773 1353 1876 1392 non
1917 1353 2076 1407 posse
2112 1352 2171 1394 se
2217 1338 2455 1410 ell'ugere
2488 1339 2823 1410 punitionem
2863 1345 3040 1404 norat,
3077 1351 3198 1407 quae
3219 1336 3356 1392 divi-

1772 1432 1856 1483 nis
1907 1431 2178 1486 mandatis
2231 1432 2579 1487 resistentem
2637 1433 2914 1486 manebat.
2955 1429 3123 1499 Igitur
3175 1429 3351 1484 illud:

1772 1522 1990 1576 Addidit
2042 1522 2300 1577 Dominus
2361 1523 2596 1577 laborem
2651 1539 2808 1592 super
2855 1522 3090 1576 dolorem
3143 1535 3351 1585 meum,

1770 1615 2017 1669 dolorum
2075 1624 2236 1670 vocat
2289 1629 2604 1679 maerorem,
2645 1630 2805 1686 quem
2837 1612 3075 1670 habebat
3107 1627 3206 1682 pro
3257 1629 3356 1682 po-

1770 1709 1929 1776 pulo;
1995 1708 2260 1772 laborem,
2309 1707 2476 1762 animi
2530 1705 2918 1773 alllictionem,
2967 1713 3022 1762 et
3066 1706 3214 1762 circa
3263 1717 3352 1760 res

1769 1797 1979 1854 futuras
2005 1797 2452 1864 sollicitudinem,
2481 1797 2720 1853 Dormivi
2768 1798 2828 1854 in
2856 1798 3154 1870 gemitibus,
3183 1809 3230 1854 et
3267 1815 3353 1854 re-

1768 1891 1942 1960 quiem
1981 1907 2085 1946 non
2137 1891 2309 1946 inveni
2360 1905 2381 1945 :
2429 1891 2586 1962 quasi
2637 1906 2752 1948 rem
2805 1907 2929 1948 cum
2985 1892 3351 1950 sollicitudine

1695 1975 1738 2031 Β
1770 1984 2058 2052 meditans,
2115 1987 2189 2040 ita
2248 1993 2310 2040 ut
2365 2001 2466 2042 nee
2515 2001 2708 2042 somno
2767 1986 2952 2057 quiete
3001 1985 3165 2056 potiri
3215 1985 3350 2042 mihi

1767 2091 2086 2131 concessum
2111 2075 2296 2132 fuerit.

1838 2169 2004 2224 Vsus.
2031 2170 2086 2224 4.
2122 2169 2212 2224 Sic
2241 2171 2376 2224 dixit
2407 2169 2662 2224 Dominus
2690 2185 2709 2224 :
2742 2171 2880 2226 Ecce
2910 2187 3029 2241 quae
3058 2170 3346 2239 tediﬁcaui,

1783 2276 1878 2332 ego
1910 2261 2197 2322 destrnam.
2224 2279 2343 2333 qua:
2362 2264 2612 2332 plantavi,
2641 2278 2734 2334 ego
2761 2262 2942 2332 evello,
2972 2272 3020 2318 et
3057 2264 3347 2319 universam

1765 2362 1961 2406 terram
1981 2353 2150 2421 illam,
2177 2365 2224 2409 et
2257 2366 2313 2408 tu
2329 2357 2523 2426 quieris
2549 2357 2644 2411 tibi
2665 2356 2934 2428 grandia?
2957 2355 3066 2410 noli
3090 2371 3346 2428 querere.

1834 2538 1948 2595 Hoc
1969 2548 2076 2605 est,
2107 2541 2362 2612 cogitasti
2387 2558 2506 2613 qua:
2532 2542 2696 2615 justas
2747 2545 2973 2602 minime
2988 2532 3348 2603 ~conveniunt

1762 2630 2204 2700 ratiocinationi;
2248 2648 2372 2689 cum
2419 2635 2564 2689 enim
2596 2645 2820 2706 propter
2867 2638 3050 2707 populi
3089 2639 3343 2708 impieta-

1767 2732 1875 2780 tem
1911 2736 2100 2783 conlra
2130 2741 2320 2782 omnes
2347 2727 2720 2796 decernerem,
2759 2743 2823 2784 ac
2853 2745 2952 2799 per
2983 2731 3159 2786 minas
3183 2745 3217 2786 e
3251 2746 3346 2800 pe-

1761 2819 1946 2875 riculis
1970 2819 2131 2874 velim
2162 2834 2378 2888 eruere,
2409 2829 2464 2874 tu
2497 2835 2597 2876 nec
2644 2822 2885 2878 dolorem
2921 2838 3023 2878 nec
3075 2823 3344 2879 sollicitu-

1761 2911 1939 2966 dinem
1976 2911 2057 2967 vis
2086 2911 2386 2968 dimittere.
2437 2911 2655 2968 Etenim
2698 2912 2874 2970 illud:
2917 2914 2996 2969 Tu
3027 2915 3219 2986 quaeris
3251 2915 3346 2972 tibi

1759 3004 2008 3072 grandia,
2052 3003 2156 3060 hoc
2187 3005 2460 3076 signiﬁcat
2502 3022 2519 3060 :
2568 3004 2647 3061 Ne
2676 3020 2914 3064 maerore
2943 3017 3173 3079 angatur
3195 3010 3345 3064 vide-

1759 3095 1885 3151 licet
1911 3113 1923 3149 :
1955 3096 2059 3151 hoc
2089 3107 2270 3152 autem
2307 3112 2413 3152 non
2445 3098 2828 3168 pronuntiasse
2854 3099 2920 3156 de
2949 3100 3258 3157 calamitate
3285 3101 3342 3158 id

1759 3188 1956 3244 indicat
1987 3191 2132 3260 quod
2155 3191 2403 3262 sequitur
2423 3206 2438 3222 ο
2469 3192 2600 3247 dicit
2625 3193 2769 3248 enim
2797 3207 2814 3248 :

1825 3375 1962 3431 Ecce
1999 3393 2092 3447 ego
2136 3378 2333 3434 induco
2363 3379 2506 3433 mala
2556 3395 2714 3449 super
2745 3397 2950 3435 omnem
2991 3399 3225 3443 carnem.
3258 3392 3336 3438 ait

1753 3467 2043 3534 Dominus,
2069 3479 2116 3524 et
2143 3470 2280 3524 dabo
2305 3472 2542 3525 animum
2565 3481 2708 3525 tuam
2733 3473 2789 3526 in
2821 3490 2927 3526 rem
2959 3475 3218 3528 inventam
3239 3491 3257 3530 :
3280 3477 3338 3530 in

1754 3563 1896 3616 omni
1922 3562 2036 3618 loco
2091 3579 2402 3633 quocunque
2429 3563 2582 3617 iveris
2606 3564 2697 3617 ibi.

1832 3651 1998 3719 Quasi
2031 3652 2427 3710 diceret:Noli
2482 3654 2678 3708 timere
2723 3655 2942 3723 abiens;
2993 3657 3079 3712 dic
3139 3659 3338 3728 populo

1753 3742 1892 3799 dicta
1925 3744 2226 3814 prophetae,
2259 3758 2357 3814 pro
2385 3752 2537 3797 certo
2581 3743 2791 3800 habens
2815 3756 2866 3800 te
2915 3747 3074 3816 hujus
3105 3747 3336 3802 calami-

1753 3835 1880 3891 tatis
1911 3837 2136 3892 minime
2163 3837 2280 3892 fore
2316 3835 2660 3906 participem,
2694 3853 2871 3911 neque
2896 3839 3096 3908 aliquid
3122 3840 3216 3894 tibi
3245 3842 3336 3894 in-

1751 3929 1926 3984 ferent
1956 3927 2082 3984 mali
2133 3945 2148 3984 :
2200 3929 2420 3984 modum
2479 3927 2796 3985 salvationis
2855 3946 3018 4001 supra
3083 3933 3337 4000 exposuit

1750 4020 2041 4093 Propheta,
2073 4037 2193 4076 cum
2224 4022 2398 4078 dixit:
2429 4019 2500 4075 Et
2534 4021 2820 4079 occultavit
2853 4040 2941 4080 eos
2971 4023 3252 4092 Dominus,
3283 4033 3335 4080 et

1750 4129 1852 4166 non
1886 4114 2304 4167 inveniebantur.

1820 4207 1982 4261 Vsus.
2021 4206 2073 4260 5.
2116 4207 2272 4260 Et'tu
2302 4223 2529 4277 quwres.

1823 4296 1996 4352 Unam
2051 4297 2320 4368 integram
2381 4299 2662 4355 civitatem
2709 4312 2741 4354 ο
2792 4297 3051 4368 periculis
3116 4295 3329 4365 eripere

1747 4386 1879 4440 mihi
1901 4384 2165 4441 oll'ensam
2199 4387 2421 4456 quieris.

1821 4476 1889 4530 Et
1918 4478 2052 4530 dabo
2076 4479 2314 4532 animam
2345 4487 2515 4533 tuam.

1819 4569 2143 4639 Ubicunque
2173 4569 2363 4637 fueris,
2401 4572 2528 4627 mali
2557 4571 2693 4627 nihil
2741 4571 2964 4642 patieris
2993 4589 3007 4627 :
3037 4581 3092 4626 et
3139 4581 3319 4626 tamen

47 4662 160 4717 καὶ
188 4661 364 4729 οὕτως
389 4667 662 4725 ἐπέκειτο.
696 4671 816 4725 Ἵνα
850 4673 1054 4746 μάθῃς,
1091 4676 1174 4729 ὅτι
1202 4676 1324 4746 οὐχὶ
1351 4676 1411 4729 τὸ
1448 4675 1639 4729 ἐαυτοῦ

1792 4660 1840 4714 le
1869 4661 2122 4715 instabat.
2159 4661 2266 4717 Sed
2301 4671 2358 4717 et
2385 4662 2465 4718 sic
2491 4671 2550 4717 ut
2586 4663 2738 4718 noris
2767 4662 2915 4718 illum
2941 4678 3046 4718 non
3077 4663 3200 4729 sibi,
3231 4663 3326 4718 sed

47 4756 314 4825 ἐσκόπει,
342 4758 481 4814 ἁλλά
531 4761 592 4814 τὸ
625 4762 736 4816 τῶν
783 4765 1016 4820 πολλῶν.
1078 4767 1271 4838 Ἡμεῖς
1322 4767 1412 4832 δὲ,
1440 4768 1530 4821 ὅτε
1577 4767 1648 4820 τὰ

48 4847 311 4940 ἡμέτερα
330 4849 388 4904 ἐν
416 4851 690 4925 ἀσφαλείᾳ
705 4850 792 4940 ᾗν,
821 4857 942 4912 τότε
962 4857 1070 4914 τῶν
1087 4859 1288 4913 λοιπῶν
1311 4858 1648 4930 ἐποιούμεθα

48 4939 244 5007 λόγον.

135 5035 156 5052 ⁹
177 5031 295 5085 Earl
321 5032 584 5105 δύναμιν
629 5039 840 5108 Φαραὼ
864 5044 1077 5111 Νεχαὼ
1127 5042 1437 5109 ,βασιλέως
1467 5045 1646 5112 Αίγύ-

49 5137 240 5186 πτου,
264 5121 333 5189 ὃς
358 5120 438 5194 ἦν
463 5126 708 5197 ποταμῷ
729 5131 1014 5204 Εὐφράτῃ
1037 5133 1108 5186 ἐν
1129 5133 1391 5201 Χάρμης,
1415 5133 1648 5188 ὃνέπά-

48 5211 210 5275 ταξε
266 5214 807 5288 Ναϐουχοδονόσορ
838 5221 1150 5286 ,βασιλεὺς
1187 5223 1548 5290 Βαϐυλῶνος
1577 5225 1648 5278 ἐν

47 5302 142 5369 τῷ
195 5303 313 5358 ἔτει
363 5306 443 5373 τῷ
505 5311 764 5378 τετάρτῳ
819 5314 953 5369 υἱοῦ
1021 5315 1280 5386 Ἰωακεὶμ
1332 5316 1647 5386 ,βασιλέως

67 5396 290 5453 Ἰούδα.

134 5487 260 5541 ’Ὁτι
291 5488 464 5545 ταῦτα
493 5492 614 5546 τότε
666 5495 902 5568 εἴρηταιο
933 5498 994 5552 ού
1027 5498 1133 5570 γάρ
1181 5502 1329 5554 ἐστιν
1357 5501 1500 5574 ἁρχὴ
1547 5503 1647 5574 τῆς

53 5578 340 5647 Αἰγύπτου
369 5581 637 5650 ὁράσεως,
679 5586 816 5667 ἀλλ’,
847 5588 922 5653 ὡς
971 5591 1242 5663 προέφην,
1298 5594 1366 5647 τὰ
1396 5596 1517 5648 τότε
1549 5598 1648 5667 ρη-

56 5670 226 5725 θέντα
248 5672 680 5748 ύπομιμνήσκει.
711 5666 883 5745 Οὗτος
898 5681 1008 5755 γὰρ
1037 5686 1065 5738 ὁ
1099 5685 1298 5756 Νεχαὼ
1327 5686 1536 5741 ἀνελὼν
1557 5666 1646 5743 τδν

69 5763 289 5816 Ἰωσίαν
345 5767 684 5838 κατέστησεν
728 5773 978 5844 Ἰωάχαζ.
1049 5777 1325 5832 Ἐπελθὼν
1353 5780 1410 5834 δὲ
1459 5783 1487 5835 ὁ
1534 5782 1646 5835 Να-

57 5855 472 5930 ϐουχοδονόσορ,
505 5863 685 5915 ἀνεῖλε
745 5864 844 5933 μὲν
891 5865 982 5920 τὸν
1040 5867 1293 5940 Ἰωάχαζ,
1337 5874 1641 5944 κατέστησε

57 5947 119 6000 δὲ
142 5947 233 6001 τὸν
265 5949 523 6023 ἰωακείμ
545 5970 560 5986 ο
590 5954 666 6021 ὡς
691 5956 784 6012 οὖν
809 5958 906 6020 τῆς
931 5959 1100 6014 αὑτοῦ
1133 5961 1414 6032 βασιλείας
1450 5983 1562 6038 παρ
1574 5984 1632 6020 α·

1753 4753 2042 4808 multorum
2072 4754 2233 4810 saluti
2261 4755 2567 4811 consulere.
2599 4756 2670 4811 At
2715 4771 2816 4811 nos
2853 4771 2976 4811 cum
3009 4771 3096 4811 res
3130 4767 3328 4811 nostrae

1753 4853 1867 4900 tuto
1892 4845 2012 4901 loco
2051 4855 2198 4913 sunt,
2235 4855 2364 4902 tunc
2399 4846 2629 4902 aliorum
2671 4847 2911 4917 gerimus
2943 4861 3150 4901 curam.

1817 5036 1837 5055 θ
1867 5035 2032 5092 Vsus.
2064 5035 2120 5092 2.
2156 5035 2328 5104 Super
2359 5037 2602 5092 uirtutem
2629 5035 2929 5091 Pharaonis
2952 5035 3167 5090 Nechao
3191 5038 3328 5108 regis

1747 5126 1991 5200 Egypti,
2026 5128 2118 5199 qui
2135 5137 2247 5182 erat
2283 5127 2352 5182 ad
2374 5130 2573 5197 [lumen
2615 5127 2941 5198 Euphratem
2982 5130 3038 5181 in
3063 5128 3327 5192 Charmis,

1747 5237 1896 5291 quem
1909 5219 2160 5290 percussit
2181 5217 2669 5274 Nabuchodonosor
2691 5235 2780 5272 rex
2799 5216 3090 5288 Babylonis
3113 5219 3167 5271 in
3188 5234 3328 5272 anno

1750 5321 1937 5383 quarto
1973 5311 2220 5366 Joachim
2267 5314 2404 5382 regis
2430 5309 2598 5365 Juda.

1819 5497 1970 5564 Quod
1989 5497 2103 5553 haec
2123 5505 2250 5551 tunc
2271 5495 2414 5550 dicta
2440 5494 2573 5562 sint,
2598 5509 2703 5550 non
2727 5494 2869 5550 enim
2893 5501 2976 5549 est
2997 5493 3325 5563 principium

1747 5591 1971 5646 visionis
2000 5589 2240 5660 Aligypti,
2271 5587 2388 5654 sed,
2425 5595 2485 5641 ut
2519 5585 2838 5654 praemonui,
2864 5585 3111 5640 meminit
3135 5599 3324 5648 eorum

1747 5699 1868 5754 qua:
1899 5692 2022 5738 tunc
2049 5690 2356 5737 evenerant.
2403 5679 2502 5735 Hic
2535 5679 2734 5749 quippe
2785 5675 3025 5743 Nechao,
3059 5675 3210 5732 Josia
3243 5677 3326 5730 iu-

1752 5773 1998 5839 terfeclo,
2026 5773 2147 5828 loco
2198 5772 2342 5828 illius
2385 5770 2624 5827 Joacliaz
2655 5769 2940 5824 constituit
2977 5786 2991 5823 :
3031 5783 3155 5822 cum
3197 5780 3327 5822 vero

1747 5869 2250 5924 Nabuchodonosor
2280 5865 2616 5931 advenisset,
2644 5861 2849 5918 occidit
2883 5860 3142 5924 Joachaz,
3182 5868 3238 5914 et
3269 5859 3324 5911 in

1747 5966 1866 6038 ejus
1902 5964 2084 6022 locum
2110 5965 2291 6036 posuit
2321 5961 2607 6030 Joacbim;
2652 5961 2801 6017 velut
2833 5959 3000 6032 igitur
3033 5969 3134 6018 suo
3157 5968 3328 6025 regno
