3810 6416
510 470 652 526 1019
1259 460 1824 521 SUPPLEMENTUM
1863 465 1955 520 Al)
1997 466 2014 519 ξ

2212 468 2690 529 IHRYSOSTOMI
2727 468 2983 527 OPERA.
3614 471 3716 526 Im

508 585 803 653 discerpto,
827 579 1119 650 Egyptius
1140 576 1193 633 in
1211 578 1546 647 Euphratem
1566 590 1625 631 se
1647 578 1953 645 conferens,
1976 596 2007 631 ιι

2212 584 2486 655 ιπωμένης
2516 583 2546 634 ὁ
2576 582 2884 653 Αἰγύπτιος
2917 583 3002 644 είς
3020 577 3113 634 τὸν
3150 578 3455 651 Εὐφράτην
3477 581 3716 652 γενόμενυς

508 689 632 729 cum
667 672 1200 728 Nabuchodonosore
1234 685 1424 725 manus
1473 672 1735 726 conserit.
1764 668 1931 742 Igitur
1958 685 2012 726 cu

2212 675 2486 746 ιυμὸάλλει
2534 676 2614 747 τῷ
2666 672 3172 746 Ναϐουχοδονόσορ.
3259 671 3540 727 Ἰουδαίων
3579 676 3716 729 τοίνυν

505 764 678 821 Judaei
713 778 903 835 magna
934 763 1037 819 sibi
1065 765 1134 819 de
1157 762 1535 834 (Egyptiorum
1569 765 1764 819 robore
1796 763 2009 834 promitt

2210 764 2403 833 ιεγάλα
2430 766 2561 837 περὶ
2595 765 2694 836 τῆς
2729 765 3020 835 δυνάμεως
3050 761 3369 831 Αἰγυπτίων
3399 761 3714 831 φρονούντων,

509 866 649 921 rent,
680 856 1026 926 maximeque
1058 856 1113 910 in
1143 870 1332 911 eorum
1372 856 1604 910 ﬁderent
1635 855 1861 920 auxilio,
1892 864 1947 910 et
1965 854 2013 907 cl

2214 856 2281 909 ut
2312 855 2449 927 πρὸς
2475 856 2575 927 τὴν
2592 855 2821 909 ἐκείνων
2849 852 3174 926 συμμαχίαν
3195 851 3531 923 κεχηνότων,
3551 853 3718 909 ἀπειλᾶ

507 951 628 1006 dem
661 951 921 1014 minatur.
948 960 1003 1006 et
1040 949 1253 1004 ruinam
1277 948 1517 1016 Nechao,
1545 956 1599 1003 et
1620 948 1820 1004 bellum
1852 948 2011 1002 indici

2215 948 2281 999 :al.
2310 948 2409 1018 τὴν
2440 941 2634 1021 ἧτταν,
2679 948 2775 1001 καὶ
2812 946 2914 1018 τὴν
2957 944 3235 999 ἀπώλειαν
3272 943 3368 997 τοῦ
3424 943 3628 1013 Νεχαὼ,
3653 951 3719 1002 ul

506 1052 561 1098 et
587 1042 969 1114 Egyptiorum
990 1042 1255 1096 auxilium
1281 1041 1443 1097 inane
1462 1039 1581 1097 l‘ore
1605 1039 1933 1095 determinat
1953 1054 2010 1094 co

2215 1038 2433 1110 ιηρύξας
2466 1039 2731 1110 πόλεμον,
2770 1038 2865 1091 καὶ
2915 1035 3156 1108 ματαίαν
3192 1033 3523 1105 συμμαχίαν
3553 1034 3719 1106 ἀποφη-

510 1144 594 1189 tra
627 1134 948 1189 resistentes
979 1133 1216 1192 Iudaeos.

2187 1132 2420 1203 νάμενος
2444 1131 2521 1194 ὡς
2549 1130 2690 1201 πρὸς
2728 1128 3025 1191 Ἰουδαίους
3048 1125 3539 1196 άποτεινομένους.

581 1224 733 1281 Alius
755 1233 872 1279 erat
902 1224 1115 1279 Pharao
1143 1224 1231 1279 hic
1259 1222 1478 1291 Vaphre
1508 1236 1538 1276 a
1575 1220 1818 1277 Nechao.
1846 1217 2081 1291 (Consi-

2262 1223 2455 1287 ’Δλλος
2496 1218 2566 1295 ἦν
2595 1224 2625 1275 ὁ
2650 1222 2857 1293 Φαραὼ
2907 1223 2938 1276 ὁ
2978 1219 3246 1292 οὑαφρὴν
3290 1211 3456 1281 οὗτος
3502 1218 3531 1270 ὁ
3574 1219 3718 1290 Nque

509 1318 639 1371 dera
681 1316 951 1385 quomodo
979 1323 1137 1369 ntea
1177 1327 1392 1384 quoque
1430 1314 1574 1368 Deus
1605 1311 1876 1381 exemplis
1905 1311 1958 1365 in
1996 1325 2013 1366 ε

2213 1315 2308 1371 τοῦ
2367 1314 2611 1388 Naxum].
2648 1317 2793 1387 Ὅρα
2851 1315 2973 1379 πῶς
3026 1314 3115 1369 διὰ
3162 1312 3620 1384 παραδειγμάτων
3656 1319 3717 1369 καὶ

510 1422 634 1460 nam
664 1421 759 1461 eos
790 1414 1023 1460 mentem
1064 1406 1402 1475 revocabat.)
1432 1403 1680 1459 Victoria
1719 1404 1807 1459 hic
1849 1403 2014 1458 maxil

2222 1408 2500 1482 μπροσθεν
2554 1409 2757 1472 αὐτοὺς
2794 1405 3167 1479 ἐσωφρόνιζεν
3206 1407 3238 1459 ὁ
3279 1406 3441 1469 Θεὸς.
3495 1404 3718 1473 Ἠττηθεὶς

508 1512 803 1569 oppressus
825 1499 1041 1568 quando
1060 1506 1114 1553 et
1138 1496 1385 1553 Joachim
1418 1499 1636 1553 occisus
1686 1507 1807 1566 est;
1840 1496 1974 1552 nihil
2002 1505 2012 1551 I

2212 1501 2399 1571 ιφόδρα
2433 1495 2613 1565 οὗτος,
2648 1501 2739 1554 ὅτε
2767 1500 2864 1554 καὶ
2904 1498 3163 1569 Ἶωακεὶμ
3200 1496 3455 1571 ἀνῃρέθη
3483 1512 3500 1526 ⁸
3537 1497 3620 1550 καὶ
3657 1499 3716 1551 σξιο

509 1605 631 1646 men
667 1592 951 1661 probiores
997 1601 1315 1648 evaserunt.
1350 1591 1418 1646 Et
1452 1591 1574 1645 vide
1604 1591 1750 1661 quod
1806 1590 2013 1660 profect

2214 1596 2275 1648 ὲὲν
2306 1594 2709 1664 ἐπιεικέστεροι
2748 1592 3038 1663 γεγόνασι.
3065 1592 3178 1645 Καὶ
3226 1591 3331 1663 ὅρα
3370 1590 3480 1643 ποῦ
3530 1592 3718 1660 ἀπήντη-

507 1691 596 1739 est
619 1683 685 1738 ad
720 1682 1033 1753 Ephratem.

2190 1703 2306 1752 σεν,
2329 1686 2425 1739 ἐπὶ
2452 1684 2740 1757 Εὐφράτῃ.

585 1774 744 1831 Vens.
774 1774 827 1829 5.
854 1774 1138 1830 Assuuiite.
2271 1775 2654 1832 'Arald6ete.

578 1866 758 1935 Quare
785 1865 951 1937 igitur
983 1866 1286 1938 pr0phetia:
1311 1867 1414 1922 hoc
1462 1869 1628 1921 sumit
1651 1866 1863 1921 initium
1896 1863 2082 1920 dicens

2260 1869 2419 1932 Τίνος
2449 1864 2543 1923 οὖν
2567 1868 2758 1922 ἕνεκεν
2795 1866 3028 1940 ἄρχεται
3060 1866 3163 1938 τῆς
3190 1864 3559 1939 προφητείας,
3589 1865 3714 1935 λέγων

510 1967 569 2013 ιιι
596 1973 654 2013 se
676 1958 846 2013 armis
871 1957 1197 2012 induerent?
1224 1966 1279 2013 et
1301 1968 1559 2013 accurate
1579 1956 1843 2026 exprimit
1863 1955 2014 2010 univt

2213 1958 2656 2025 εαθοπλίζεσθαι;
2720 1960 2817 2013 κα)⁴
2867 1959 3008 2030 μετά
3062 1958 3268 2030 πολλῆς
3318 1957 3430 2026 τῆς
3490 1957 3717 2028 ἀκριὸείις

510 2066 627 2106 sam
658 2065 845 2105 eorum
876 2062 1209 2106 armaturam
1245 2050 1358 2107 fere
1392 2051 1567 2105 instar
1598 2051 1884 2106 ductorum
1916 2063 2014 2104 exe

2213 2053 2374 2107 ἱπεισι
2420 2052 2522 2124 τὴν
2554 2051 2771 2106 ὅπλισιν
2814 2050 3000 2107 αὐτῶν
3038 2052 3255 2115 πᾶσαν,
3302 2050 3595 2120 μονονουχὶ
3635 2050 3717 2113 τοὺς

510 2142 673 2208 citus,
708 2143 801 2213 qui
852 2143 1056 2198 milites
1087 2145 1156 2196 ad
1204 2156 1441 2212 pugnam
1492 2142 1772 2197 instruunt
1804 2150 1859 2195 et
1892 2141 2014 2195 coht

2211 2146 2533 2218 ιτρατηγοὺς
2566 2141 2908 2215 μιμούμενος
2953 2142 3083 2207 τοὺς
3125 2144 3364 2211 ἄγοντας
3402 2143 3489 2205 εἰς
3518 2142 3715 2211 πόλεμον,

512 2235 730 2290 tantur?
762 2236 843 2289 An
871 2248 1002 2291 vero
1031 2237 1146 2291 haec
1176 2236 1383 2291 ironice
1408 2233 1637 2306 profert.

2212 2239 2286 2291 ιαι
2340 2235 2929 2308 παρακελευομένουςς
2959 2236 3082 2307 ἦτοι
3131 2233 3571 2305 εἰρωνευόμενος
3609 2231 3716 2285 τοῦτό

2276 2347 2351 2385 σι.

582 2420 749 2475 Vsns.
778 2420 831 2475 5.
853 2420 991 2486 Quia
1016 2420 1199 2491 fortes.

2192 2348 2351 2401 φησι.

2262 2422 2417 2475 Διότι
2448 2423 2504 2475 οί
2528 2418 2789 2490 ἰσχυροί.

584 2514 743 2580 Vide,
773 2516 990 2571 modum
1019 2516 1186 2571 etiam
1216 2517 1337 2573 belli
1363 2518 1517 2586 quasi
1541 2531 1781 2589 praesens
1809 2514 2088 2586 prosequi-

2264 2512 2430 2583 Ὅρα,
2457 2513 2553 2566 καὶ
2576 2512 2668 2565 τὸν
2690 2510 2894 2581 τρόπον
2937 2508 3088 2579 λέγει
3137 2509 3233 2563 τοῦ
3290 2506 3559 2580 πολέμου,
3584 2508 3716 2579 ὥσπερ

514 2616 623 2670 tur,
655 2607 925 2677 quomodo
955 2608 1256 2677 capientur.
1508 2644 1511 2647 -
1617 2638 1622 2643 ~

1617 2638 1622 2643 -
2192 2606 2405 2678 παρὼν,
2435 2604 2543 2659 τίνι
2577 2604 2767 2675 τρόπῳ
2789 2602 3111 2659 ἁλώσονται.

582 2699 750 2756 Vsns.
780 2700 835 2756 6.
868 2699 993 2756 Non
1015 2700 1208 2772 fugiat.

1180 2711 1208 2759 ε.
2263 2698 2360 2768 Μὴ
2401 2696 2684 2767 φευγέτω.

582 2792 701 2849 Νοιι
755 2794 949 2864 pedum
997 2796 1275 2864 celeritas,
1314 2812 1421 2852 non
1481 2796 1732 2867 corporis
1762 2797 1950 2863 rolmr,
1985 2810 2086 2851 nec

2262 2787 2401 2843 Οὔτε
2442 2787 2621 2843 ποδῶν
2648 2786 2911 2858 ταχύτης,
2945 2785 3072 2840 οὔτε
3119 2784 3379 2857 σώματος
3429 2786 3595 2856 ἰσχὺς,
3634 2785 3716 2838 οὕτε

511 2882 806 2951 quidquam
832 2883 977 2941 aliud
1004 2887 1248 2957 prodest,
1282 2903 1406 2944 cum
1436 2888 1619 2943 omnia
1669 2886 1945 2955 deﬁciant,
1985 2902 2015 2941 ιι

2210 2878 2322 2933 ἱλλο
2376 2877 2534 2932 οὐδὲν
2587 2877 2811 2947 ὠφελεῖ,
2859 2875 3082 2930 πάντων
3135 2874 3617 2946 περιϐεϐλημένον
3643 2873 3714 2947 lia.

511 2972 653 3029 adsit
676 2974 770 3030 Dei
794 2977 1074 3033 auxilium.

2212 2966 2707 3041 ιποὸεϐλημένων],
2744 2968 2794 3022 εἰ
2847 2966 2924 3039 μὴ
2956 2966 3232 3039 πάρεστιν
3255 2967 3289 3037 η
3317 2965 3423 3019 τοῦ
3451 2964 3597 3049 Θεοῦ.
3632 2964 3716 3036 βοή-

2193 3062 2336 3116 θεια.
3321 3058 3330 3068 ’

585 3154 751 3210 Vens.
783 3155 834 3211 7.
868 3155 996 3222 Quis
1033 3167 1110 3211 est
1133 3158 1233 3212 iste
1263 3158 1354 3229 qui
1379 3160 1535 3229 quasi
1554 3161 1771 3230 ﬂumen.

1476 3160 1535 3214 isi
1554 3161 1771 3230 ﬂumen.
2268 3154 2364 3219 Τίς
2379 3146 2559 3219 οὗτος
2585 3151 2666 3218 ὡς
2688 3152 2980 3222 ποταμός.

584 3244 701 3299 Νοιι
756 3255 963 3300 tantum
1018 3258 1241 3318 propter
1285 3264 1474 3304 eorum
1536 3250 1943 3307 multitudinem
1992 3265 2086 3309 eos

2264 3247 2339 3301 Οὐ
2367 3245 2456 3299 διὰ
2496 3244 2558 3299 τὸ
2593 3244 2824 3316 μέγεθος
2867 3244 2962 3297 καὶ
3013 3242 3179 3315 μόνον
3228 3241 3423 3297 αὐτῶν
3460 3240 3540 3313 τῷ
3592 3239 3714 3309 Νείλῳ

511 3334 634 3391 Nilo
663 3347 961 3408 comparat,
1004 3340 1098 3396 sed
1134 3341 1298 3396 etiam
1346 3342 1487 3412 quod
1540 3343 1745 3398 scirent
1775 3343 1999 3410 ﬂumen,

2210 3338 2562 3412 παραϐάλλει,
2597 3338 2735 3392 ἀλλὰ
2772 3338 2868 3391 καὶ
2893 3337 2983 3393 διὰ
3010 3336 3071 3392 τὸ
3101 3337 3301 3392 εἰδέναι
3321 3337 3533 3399 αὐτοὺς
3558 3334 3637 3388 τὸν
3658 3352 3714 3386 τι·

512 3429 850 3485 subitaneum
898 3430 1018 3497 ejus
1064 3431 1493 3497 incrementum;
1542 3443 1598 3488 et
1644 3435 1940 3490 ostendita
1975 3436 2016 3489 ί)

2209 3428 2387 3500 ταμὸν,
2416 3429 2514 3509 καὶ
2558 3426 2660 3501 τὴν
2700 3427 2909 3500 ἀθρόαν
2965 3428 3151 3499 ὁρμήν
3180 3442 3197 3456 ·
3250 3428 3346 3481 καὶ
3394 3425 3620 3491 δεικνὺς,
3662 3425 3713 3478 ὅτι

510 3531 883 3592 comparatum
906 3522 1137 3591 bellum;
1176 3540 1301 3580 nam
1325 3537 1382 3582 et
1409 3524 1604 3582 ﬂuvius
1636 3526 1899 3583 divinitus
1925 3542 2014 3597 an;

2209 3524 2343 3595 ταρὰ
2370 3523 2466 3577 τοῦ
2495 3521 2632 3576 Θεοῦ
2657 3522 2691 3593 ἡ
2721 3521 3028 3594 στρατηγία
3053 3537 3070 3554 ο
3108 3521 3207 3576 καὶ
3256 3520 3376 3593 γάρ
3426 3521 3625 3582 ἐκεῖνος
3649 3519 3713 3571 ὑπὸ

514 3623 622 3668 llll'.

2189 3616 2328 3671 Θεοῦ
2367 3615 2548 3682 αὔξει.

582 3705 745 3761 Vens.
781 3706 870 3764 10.
907 3706 1134 3765 Victima
1165 3711 1324 3765 enim.

1115 3728 1134 3764 ι
1165 3711 1324 3765 enim.
2261 3710 2391 3763 Ὀτι
2416 3708 2619 3764 θυσία.

580 3799 651 3855 Ut
682 3800 1000 3856 ostenderet
1038 3816 1201 3871 quam
1246 3803 1356 3857 Deo
1383 3810 1596 3872 gratum
1627 3812 1774 3858 esset
1800 3804 1925 3870 hoc,
1951 3803 2084 3859 nihil

2262 3802 2384 3857 Ἵνα
2411 3801 2583 3874 δείξῃ,
2620 3801 2740 3866 πῶς
2762 3799 3053 3872 εὐφραίνει
3081 3798 3174 3853 τὸν
3200 3798 3334 3852 Θεὸν
3396 3797 3465 3851 τὸ
3510 3797 3705 3868 πρᾶγμα..

513 3893 824 3948 humanitus
847 3893 925 3950 ﬁt.
958 3893 1212 3963 Alioquin
1250 3894 1599 3965 accingimini
1634 3910 1728 3950 vos
1765 3915 1778 3950 :
1824 3911 1931 3951 non
1962 3912 2017 3967 pr

2205 3893 2343 3947 ιύδὲν
2391 3892 2737 3963 ἀνθρώπινον
2782 3892 3061 3962 γίγνεται.
3088 3890 3248 3944 Ἐπεὶ
3282 3887 3709 3961 παρασκευάζεὰ

512 3983 706 4049 hihco;
738 3990 798 4039 ut
841 3984 1103 4041 noveritis
1132 3984 1338 4041 [rustra
1387 4001 1510 4042 esse
1566 3988 1677 4043 Deo
1716 3988 1918 4043 bellum
1948 3989 2016 4043 im

2204 3986 2369 4056 ίμείς,
2389 3986 2544 4040 οὐδὲν
2571 3986 2792 4053 κωλύω,
2820 3986 2910 4039 ἵνα
2944 3984 3178 4056 μάθητε,
3231 3982 3297 4037 τὸ
3351 3983 3470 4055 πρὸ
3514 3982 3601 4036 τὸν
3622 3979 3708 4034 Θεὸν

512 4089 661 4131 cere.

2191 4077 2450 4148 πολεμεῖν
2480 4078 2755 4149 περιττόν.

586 4164 749 4223 Vsns.
788 4168 876 4223 il.
904 4168 1139 4224 Ascende
1162 4167 1390 4235 Galaad,
1415 4178 1464 4224 et
1480 4185 1627 4224 sume
1646 4169 1871 4225 resinam
1897 4170 2089 4242 uirgini

2273 4172 2553 4240 Ἀνὰὄηθι
2574 4172 2844 4238 Γαλαὰδ,
2878 4171 2978 4227 καί
3005 4172 3153 4227 λάϐε
3190 4172 3461 4240 ῥητίνην
3509 4165 3709 4236 παρθένιι

507 4261 638 4335 ﬁlim
672 4260 913 4333 zEgypti.
968 4260 1037 4317 In
1083 4279 1272 4318 vanum
1333 4263 1697 4333 maltiplicasti
1738 4265 2011 4319 medicami

2204 4264 2433 4335 θυγατρί
2456 4266 2780 4335 Αίγύπτου.
2815 4265 2923 4331 Εἰς
2948 4263 3132 4319 κενὸν
3172 4263 3533 4332 ὲπλήθυνας
3555 4256 3708 4330 Mariti

512 4369 627 4410 tua.
672 4351 889 4410 Utilitas
917 4371 1020 4409 non
1056 4364 1129 4409 est
1161 4355 1311 4411 inte.

2189 4366 2329 4408 σου.
2362 4352 2641 4423 Ὠφέλεια
2672 4356 2785 4410 οὐκ
2815 4356 2949 4410 ἐστι
2968 4370 3090 4409 σοι.

584 4444 697 4502 Hoc
724 4455 823 4511 est,
852 4455 910 4502 et
942 4456 997 4501 tu
1032 4462 1136 4501 una
1172 4462 1295 4502 cum
1327 4446 1549 4520 reliquis
1587 4463 1745 4520 opem
1798 4449 1939 4506 feres
1984 4450 2082 4506 illi.

2260 4445 2543 4510 Τουτέστι,
2581 4444 2915 4517 Σύμπραξον
2940 4446 3080 4517 αὐτῇ
3113 4444 3211 4497 καὶ
3241 4445 3307 4497 σὺ
3334 4443 3489 4514 μετά
3515 4440 3613 4494 τῶν
3634 4440 3705 4490 λα-

511 4538 715 4596 Galaad
739 4538 885 4594 enim
917 4538 1195 4596 Israelitas
1234 4550 1529 4612 nuncupat,
1564 4555 1628 4597 ex
1674 4541 1816 4608 loco,
1842 4543 2015 4598 nomin

2201 4534 2330 4591 πῶν.
2358 4536 2577 4591 Γαλαὰδ
2604 4536 2712 4609 γάρ
2745 4538 2873 4601 τοὺς
2911 4535 3259 4608 Ἰσραηλίτας
3306 4535 3488 4603 λέγει,
3533 4532 3632 4587 ἀπὸ
3647 4527 3705 4580 τοῦ

510 4632 712 4688 accolis
734 4634 859 4689 dato
889 4652 903 4689 :
937 4642 1057 4689 erat
1081 4643 1138 4689 et
1166 4635 1513 4691 sacerdotum
1535 4635 1750 4702 civitas,
1784 4637 1928 4693 unde
1957 4638 2007 4692 ai

2201 4632 2363 4684 τόπου
2387 4630 2664 4701 ὀνομάσας
2690 4630 2819 4694 τοὺς
2852 4629 3225 4694 ἐνοικοῦντας.
3250 4623 3361 4681 Ἦν
3384 4628 3448 4682 δι
3468 4628 3556 4681 καὶ
3575 4623 3705 4696 ἱερέων

513 4724 677 4780 Sume
697 4726 945 4793 resinam,
976 4726 1079 4782 boc
1106 4736 1214 4793 est,
1242 4727 1619 4797 emplastrum.
1644 4728 1723 4783 Ac
1748 4729 1793 4784 si
1837 4730 2017 4785 dicere

2244 4723 2370 4789 θλις,
2399 4723 2482 4778 διό
2509 4739 2680 4796 φησι·
2734 4722 2892 4778 Λάϐε
2904 4723 3186 4792 ῥητίνην,
3218 4720 3529 4785 τουτέστιν,
3558 4716 3705 4788 {pair

512 4816 976 4884 Quemadmodum
1005 4819 1136 4873 olim
1170 4821 1337 4875 Deum
1369 4820 1558 4875 colens
1585 4820 1784 4891 popqu
1817 4836 1975 4893 opem
2006 4823 2016 4876 Ι

2199 4833 2373 4889 στρον.
2411 4818 2530 4871 Ἵνα
2562 4816 2694 4888 είπη
2715 4854 2731 4883 ,
2766 4817 2858 4882 Ὠς
2883 4816 3050 4871 πάλαι
3080 4813 3386 4869 εὐσεϐοῦσα
3418 4806 3703 4884 ἐϐοήθειςτῷ

513 4912 672 4965 rebas
699 4925 795 4978 per
827 4909 1217 4974 sacerdotium,
1240 4912 1320 4966 sic
1345 4927 1509 4980 nunc,
1539 4927 1664 4969 cum
1692 4913 1877 4984 iniqua
1903 4930 2017 4985 ger:

2198 4908 2304 4979 λαῷ
2329 4909 2419 4963 διὰ
2446 4909 2550 4980 τῆς
2575 4910 2877 4981 ίερατείας,
2910 4909 3054 4962 οὕτω
3088 4906 3184 4962 νῦν
3229 4905 3611 4978 παρανομοῦσα
3645 4902 3702 4953 ὼ-

510 5000 823 5056 vulneratos
851 4999 906 5055 in
943 4999 1086 5057 bello
1133 5000 1408 5056 medicare
1443 5000 1527 5057 fac
1551 5002 1753 5056 valeas.
1807 5000 2014 5074 lmprop

2196 5001 2383 5073 νήθητι
2406 5000 2661 5056 ἰάσασθαι
2681 5003 2806 5066 τοὺς
2824 4999 3333 5074 τραυματισθέντας
3349 5000 3412 5054 ὲν
3432 4998 3511 5070 τῷ
3524 4997 3700 5066 πολέιιιεν

514 5092 703 5148 rabant
734 5091 881 5146 enim
915 5091 1024 5147 illis
1065 5105 1209 5161 saepe
1236 5092 1290 5147 in
1333 5093 1534 5162 pretiis
1555 5108 1678 5148 cum
1714 5093 1962 5150 hostibus
1993 5096 2018 5149 ιι

2196 5093 2467 5160 ὠνείδιζον
2496 5094 2554 5148 δὲ
2582 5094 2794 5159 αὐτοῖς,
2816 5093 2894 5158 ὡς
2928 5092 3191 5156 πολλάκις
3224 5092 3316 5145 διὰ
3336 5087 3700 5164 προφητῶντῶ

511 5183 643 5240 bitis
675 5182 900 5239 salutem
938 5197 1034 5239 eos
1063 5180 1287 5254 a'deptos
1317 5184 1388 5239 ob
1424 5185 1831 5254 prophetarum,
1883 5186 1977 5256 qui
2013 5187 2015 5238 ξ

2195 5187 2380 5241 αὐτόθι
2406 5186 2810 5242 κατοικούντων
2853 5187 2956 5256 τῆς
3009 5184 3292 5257 σωτηρίας
3331 5180 3699 5251 ἀξιωθέντωνέ*

513 5275 850 5342 habitabant,
880 5275 1094 5341 merita,
1123 5291 1188 5333 ac
1220 5278 1265 5333 si
1300 5277 1510 5334 diceret
1540 5297 1553 5334 :
1593 5277 1751 5333 Nunc
1776 5291 1895 5349 quae
1924 5278 2017 5349 im]

2195 5284 2313 5342 ταῖς
2329 5281 2467 5353 πρὸς
2487 5282 2616 5345 τοὺς
2640 5280 2924 5346 ἐναντίους
2963 5280 3185 5351 μάχαις.
3222 5279 3343 5333 Ἵνα
3369 5277 3518 5349 εἴπῃ,
3539 5277 3609 5329 ὅτι
3628 5270 3699 5325 Νῦν

514 5367 654 5439 agis,
693 5366 959 5422 idolorum
992 5377 1144 5426 utere
1176 5370 1383 5426 auxilio
1415 5370 1468 5425 in
1510 5371 1670 5426 rebus
1702 5371 2018 5440 prmsentibu

2194 5373 2488 5437 άσεδοῦσα,
2527 5373 2734 5445 χρῆσαι
2787 5373 2854 5426 ὲκ
2897 5374 2996 5444 τῆς
3035 5372 3146 5427 τῶν
3193 5370 3431 5425 εἰδώλων
3470 5365 3698 5437 συνεργίας

514 5469 570 5516 et
596 5458 861 5517 auxiliare
880 5458 1157 5534 Egyptio,
1185 5477 1346 5534 quem
1382 5467 1574 5521 ducem
1608 5464 1873 5537 sequeris.

2194 5469 2303 5530 τοῖς
2331 5464 2741 5537 προκειμένοις,
2777 5465 2873 5519 καὶ
2915 5464 3187 5535 βοήθησον
3231 5462 3310 5535 τῷ
3360 5460 3635 5531 Αἰγυπτίῳ.
3664 5454 3698 5506 ὃν

2192 5556 2504 5627 προστάτην
2534 5558 2643 5627 ήγῇ
2656 5594 2669 5608 .

583 5645 700 5705 Hoc
728 5648 895 5706 etiam
938 5651 1143 5708 ironice
1185 5653 1280 5709 ait.
1308 5653 1442 5708 Nam
1466 5654 1728 5724 quidquid
1766 5657 2085 5724 tentaveris,

2265 5649 2377 5702 Καὶ
2401 5648 2568 5702 τοῦτο
2618 5647 3050 5721 εἰρωνευόμενος
3078 5665 3093 5679 ”
3131 5650 3213 5704 ὅτι
3266 5649 3369 5702 ὅσα
3399 5647 3466 5702 ἂν
3506 5644 3697 5711 miunt.

501 5747 571 5809 ,ει
595 5754 948 5811 quoscunque
972 5744 1266 5800 auxiliares
1293 5744 1599 5807 vocaveris,
1628 5744 1789 5802 inane
1811 5747 1936 5801 erit.

2195 5741 2287 5794 καὶ
2320 5741 2643 5811 συμμάχους
2673 5742 2834 5805 ὅσους
2887 5741 2954 5795 ἃν
2987 5742 3247 5815 καλέσῃς,
3287 5741 3458 5795 ταῦτα
3505 5731 3695 5805 περιττά·

588 5829 755 5888 Vens.
786 5832 875 5887 ιε.
906 5834 1045 5901 Quia
1083 5848 1345 5907 pugnator
1369 5840 1617 5892 adversus
1646 5847 2009 5908 pugnatorem.

2268 5833 2397 5886 "Ott
2426 5831 2705 5903 μαχητὴς
2741 5834 2893 5903 πρὸς
2912 5835 3196 5905 μαχητήν
3224 5834 3541 5902 ἠσθένησε.

586 5914 702 5975 Hoc
732 5930 840 5992 est,
870 5924 1268 5997 et_auxiliarius
1297 5937 1351 5984 ct
1385 5928 1632 6000 princeps
1658 5931 1710 5985 in
1747 5929 1973 5999 idipsum
2008 5944 2090 5983 reo

2270 5923 2552 5993 Τουτέστι,
2586 5926 2679 5979 καὶ
2702 5928 2731 5980 ὁ
2770 5925 3077 5998 σύμμαχος,
3104 5927 3198 5980 καὶ
3228 5924 3512 5992 ὀέξαρχος,
3543 5914 3622 5974 ἐπί
3655 5910 3694 5964 εὖ
