3810 6452
58 346 171 406 {021
1119 336 1549 396 FRAGMENTA
1586 337 1654 393 IN
1691 336 2062 394 JEREMIAM.
3126 343 3269 400 4022

47 459 168 518 αὐτὸ
206 437 431 511 ἔπεσον
477 450 823 522 ἀμφότεροι·
857 452 948 506 ἵνα
987 452 1143 524 εἴπῃ,
1202 450 1394 514 Οὐδεὶς
1425 467 1583 522 περι-

1723 449 1933 505 iderunt
1974 450 2205 521 utrique.
2237 448 2405 519 Quasi
2435 452 2641 510 diceret
2674 471 2689 509 :
2720 452 2910 512 Nullus
2945 471 3014 512 ex
3061 456 3147 513 bis
3173 460 3264 528 qui

46 553 238 624 ελείφθη
258 552 366 606 τῶν
390 553 531 622 μετὰ
559 551 654 604 τοῦ
678 548 895 617 Νεχαώ.
931 547 1077 613 Ἕως
1102 546 1293 617 τοῦτου
1318 551 1386 601 τὰ
1417 546 1587 600 πάλαι

1723 554 1812 593 um
1860 538 2081 595 Necbuo
2116 551 2297 606 erant,
2350 547 2634 599 remansit.
2690 544 2984 617 Hucusqne
3030 548 3267 618 antiquae

44 647 277 722 διηγητὰ,
312 646 410 701 καὶ
451 644 641 700 λοιπὸν
672 644 906 715 ἄρχεται
957 642 1062 712 τῆς
1108 641 1228 695 κατ’
1270 641 1586 709 Αἰγυπτίων

1727 632 2057 699 errationes,
2081 642 2140 688 et
2175 633 2303 690 hinc
2325 644 2510 691 contra
2533 635 2821 709 Egyptios
2852 630 3083 696 visionis
3112 641 3268 697 ducit

1730 739 2016 780 l'lnCIDlllm
2026 762 2041 778 ι

43 743 439 898 ὀρέἷεέῗάδηλον
459 825 565 897 τῆς
593 826 906 898 συμφορᾶς,
939 825 1022 880 ὅτι
1068 823 1379 895 ἡσθένησαν
1430 823 1490 876 ἐν
1517 823 1583 893 τῇ

1730 739 2041 794 rmcipmm.

1762 815 1947 873 Palam
1976 817 2117 872 facta
2145 816 2448 882 calamitas,
2480 819 2534 873 iu
2562 820 2680 876 acie
2705 820 3052 879 defecerunt.

41 922 345 997 παρατάξει.

98 1017 414 1083 Ἐπίστηθι,
473 1011 575 1067 καὶ
622 1009 952 1079 ἐτοῖμασον
986 1005 1240 1077 σεαυτῇ,
1304 1007 1398 1062 ὅτι
1441 1023 1584 1060 κατ-

37 1111 200 1182 έφαγε
215 1106 478 1179 μάχαιρα
504 1103 621 1172 τὴν
647 1099 921 1172 σμίλακά
944 1118 1085 1159 σου.

97 1198 366 1261 Τουτέστι,
406 1196 506 1268 τὴν
550 1194 783 1266 δύναμίν
838 1209 959 1258 σου,
996 1192 1031 1263 ἢ
1083 1192 1184 1263 τὴν
1236 1188 1540 1258 ἀσφάλειαν
1568 1203 1582 1219 ο

35 1292 285 1365 ἐχρήσατο
311 1288 369 1342 δέ
403 1286 711 1359 μεταφορᾷ.
762 1282 974 1354 Σμίλαξ
1018 1283 1128 1352 γὰρ
1168 1279 1381 1337 ἄκανθα
1431 1279 1580 1331 ἐστιν

32 1364 118 1441 ἐπὶ
141 1364 272 1436 πολὺ
295 1378 672 1449 ἐκτεινομένη,
766 1377 1065 1447 κέχρηνται
1086 1372 1324 1444 μάλιστα
1369 1370 1428 1423 ἐν
1474 1370 1588 1431 τοῖς

31 1460 232 1549 ἀγροῖς,
255 1473 305 1527 oi
339 1469 632 1542 φραγμοὺς
663 1465 968 1531 ποιοῦντες,
1001 1464 1091 1518 διὰ
1122 1462 1183 1517 τὸ
1227 1460 1589 1535 περιπλοκαῖς

31 1564 320 1639 κεχρῆσθαι
344 1561 590 1627 πολλαῖς,
625 1560 723 1614 καὶ
754 1557 978 1629 ἀσφαλῆ
1000 1557 1092 1612 τὸν
1124 1554 1382 1627 φραγμὸν
1418 1551 1587 1624 ἐργά-

31 1660 229 1726 ζεσθαι.

94 1752 215 1805 Ὀτι
244 1749 524 1818 κατέφαγε
552 1745 805 1818 μάχαιρα
830 1742 930 1815 τὴν
963 1735 1353 1814 σμίλακεῖσου·
1389 1736 1587 1808 βοτάνη

31 1840 137 1894 ἐστὶ
172 1838 347 1893 πάντα
381 1836 837 1908 κατατρὼγουσα.

89 1929 256 1986 Atat!
286 1928 513 1999 ἔφυγεν
550 1928 583 1982 ὁ
613 1927 850 1997 μόσχος
879 1924 1054 1978 σουό
1092 1919 1412 1986 ἐκλεκτός;

100 2020 189 2084 Ὠς
225 2018 365 2091 πρὸς
401 2017 694 2080 Ἰουδαίους
737 2014 911 2084 λέγει.
945 2013 1164 2083 Μόσχον
1215 2012 1272 2065 δε
1310 2009 1460 2079 λέγει
1498 2008 1589 2061 τὸν

31 2111 337 2181 Αίγύπτιον,
371 2109 447 2173 ὡς
474 2108 718 2180 ἰσχυρόν.
749 2104 971 2175 Ἐπειδὴ
1015 2104 1275 2174 τοιαύτην
1313 2104 1446 2177 περὶ⁵
1494 2100 1591 2154 αὐ·-

31 2204 110 2260 τοῦ
130 2203 230 2275 τὴν
260 2200 529 2273 ὑπόληψιν
560 2195 731 2271 εῐχον.
752 2195 887 2252 Εἶτα
909 2199 943 2268 ἡ
978 2196 1128 2251 αἰτία
1149 2212 1165 2227 ο

89 2298 213 2352 οὐκ
238 2296 497 2365 ἔμεινεν,
522 2292 612 2347 ὅτι
639 2292 854 2362 Κύριος
875 2289 1227 2358 παρέλυσεν
1258 2287 1469 2342 αὐτόν.

83 2389 161 2446 οὐ
187 2388 298 2461 γὰρ
312 2388 381 2460 τῇ
402 2384 499 2441 τοῦ
518 2383 654 2439 Θεοῦ
675 2384 950 2459 ἀποφάσει
989 2383 1223 2454 ἠδύνατο
1249 2379 1587 2449 ἀντιστῆναι.

91 2573 153 2627 '0
176 2570 434 2642 βασιλεύς
495 2586 613 2632 σου,
654 2565 1023 2638 ἀληθέστερον
1070 2565 1127 2618 δὲ
1172 2565 1202 2618 ὁ
1249 2563 1374 2629 θεὸς
1420 2565 1593 2635 Αἰγυ-

31 2664 212 2731 ττίων,
249 2664 278 2717 ὁ
297 2664 465 2727 Ἀπις
488 2676 502 2692 ο
536 2660 679 2717 οὕτω
706 2659 817 2731 γὰρ
845 2658 1073 2712 ἐκάλουν
1091 2657 1183 2711 τὸν
1214 2657 1437 2730 μόσχον,
1467 2658 1595 2728 ἀχυ-

31 2758 263 2827 ὶοφάγον
291 2754 421 2809 ὄντα
448 2753 543 2810 καὶ
565 2753 698 2806 Θεὸν
732 2749 1115 2822 νομιζόμενον.

79 2848 398 2913 Ἕκαστος
428 2845 581 2914 πρὸς
606 2846 715 2898 τὸν
765 2842 1038 2910 πλησίον
1075 2840 1265 2895 αὐτοῦ
1306 2840 1594 2904 ἐλάλουν,

31 2939 107 2994 :al
147 2933 353 2993 εἶπον⁸
400 2933 793 3006 Ἁναστῶμεν,
817 2935 916 2989 καὶ
948 2932 1419 3002 ἀναστρέψωμεν
1448 2934 1597 3002 πρὸς

31 3032 114 3086 ’ὸν
144 3028 311 3085 λαὸν
342 3027 513 3099 ἡμῶν
532 3027 649 3083 ἀπὸ
673 3025 1003 3103 προσῴπου
1039 3026 1342 3095 μαχαίρας
1379 3025 1596 3093 Ἓλλη-

31 3122 213 3192 ταιῆς.

72 3219 177 3286 Τὸ,
230 3216 514 3285 ἕκαστος,
581 3214 861 3280 τουτέστι,
934 3213 1045 3268 τῶν
1097 3214 1424 3286 συμμάχων.
1477 3215 1595 3269 Ἵνα

31 3310 163 3382 [my
202 3310 495 3378 Ἐγνωσαν
522 3308 646 3362 τότε
675 3307 854 3377 μάτην
882 3304 1304 3377 ἐπικουροῦντες
1335 3306 1597 3375 τῷΑίγυ-

31 3402 171 3473 atq).
196 3401 279 3456 Τὸ
296 3401 374 3466 δὲ,
394 3400 515 3456 ἀπὸ
535 3398 861 3470 προσώπου
879 3397 1181 3467 μαχαίρας
1206 3396 1593 3466 Ἑλληνικῆς,

31 3495 98 3547 ἓκ
133 3492 329 3557 ἄλλως
362 3491 474 3564 [Ion
539 3493 600 3545 οὐ
647 3489 857 3562 καλῶς)
918 3491 1290 3562 ἡρμήνευται.
1374 3490 1432 3542 '0
1488 3490 1598 3560 γὰρ

31 3585 285 3655 Εὸραῖος
313 3583 488 3647 οὕτως
521 3582 670 3653 ἔχει’
714 3582 860 3655 Ἀπρ
893 3584 1198 3649 μαχαίρας
1249 3579 1454 3646 ὀξείας
1498 3580 1598 3634 καὶ

31 3676 313 3748 φοδρᾶς.
347 3675 539 3730 Ἔστιν
563 3674 622 3728 δὲ
661 3672 945 3727 κάνταῦθα
985 3672 1094 3726 άπὸ
1126 3673 1231 3742 τῆς
1275 3672 1597 3742 ἐπωνυμίας

55 3764 363 3836 ἐναλλαγὴ
398 3763 501 3834 τῆς
527 3762 847 3834 ἑρμηνείας.
873 3761 947 3815 Τὸ
998 3761 1105 3832 γὰρ
1156 3759 1448 3814 Ἰωάνναν
1498 3777 1598 3831 ση-

31 3857 196 3911 αίνει
236 3855 569 3922 Ἕλληνες,
597 3850 788 3923 ἐπειδὴ
824 3850 934 3904 ἀπὸ
959 3849 1155 3904 τούτου
1193 3852 1403 3914 Ἴωνες.
1445 3849 1520 3904 Τὸ
1539 3850 1597 3905 δὲ

31 3949 143 4004 ἱνα
173 3946 452 4021 σημαίνει
483 3946 544 4000 τὸ
574 3944 685 4011 ὀξὺ
716 3944 812 3998 καὶ
864 3944 1172 4013 τμητικόν.
1206 3942 1340 3996 Ἀπὸ
1368 3938 1461 3996 οῦν
1497 3943 1599 4013 τῆς

31 4041 361 4112 ιοιότητος,
390 4038 511 4092 ἀντὶ
537 4037 654 4099 τοῦ,
679 4036 991 4106 Μαχαίρας
1032 4034 1254 4102 ὀξείας,
1281 4037 1599 4107 Μαχαίρας

31 4127 401 4201 ἶλληνικῆς
420 4129 796 4200 ἡρμήνευσαν.

46 4224 251 4295 Ὅρα,
286 4220 404 4284 πῶς
435 4220 616 4274 πάντα
653 4216 901 4288 ἀκριϐῶς
928 4217 1242 4289 διαγράφει,
1279 4219 1375 4271 καὶ
1427 4218 1601 4273 ἐνδια-

31 4317 180 4371 ρίὸει
228 4314 348 4370 ἀπὸ
367 4313 461 4367 τοῦ
485 4312 692 4383 σφόδρα
722 4312 967 4384 θαρρεῖν.

101 4407 451 4466 Καλέσατε
497 4406 568 4461 τὸ
602 4405 792 4476 ὄνομα
829 4404 1039 4476 Φαραὼ
1077 4405 1387 4472 ,βασιλέως
1426 4405 1601 4475 Αιγύ-

1621 1803 1663 1859 Β

1756 1001 1922 1060 Vens.
1954 1003 2044 1059 M.
2076 970 2198 1068 Sta,
2237 1014 2285 1059 et
2306 1020 2550 1075 praepara
2574 1006 2694 1074 tibi,
2711 1007 2837 1077 quia
2860 1009 3125 1064 devoravit
3143 1010 3263 1081 gla-

1686 1097 1806 1151 dius
1827 1096 2092 1152 smilacem
2118 1107 2285 1151 tuam.

1761 1187 2031 1245 Virtutem
2062 1197 2208 1242 luam
2242 1203 2457 1259 nempe,
2489 1188 2571 1244 vel
2600 1190 2947 1244 securitatem
2976 1208 2992 1245 :
3026 1206 3156 1246 usus
3184 1201 3269 1248 est

1691 1291 1872 1336 autem
1901 1283 2240 1351 metaphora.
2269 1281 2474 1336 Smilax
2500 1282 2644 1336 enim
2665 1290 2750 1337 est
2770 1283 2945 1352 spina,
2969 1297 3089 1352 quae
3116 1283 3270 1339 valde

1689 1372 2025 1438 extenditur,
2057 1388 2233 1443 eaque
2271 1382 2500 1426 utuntur
2532 1373 2624 1443 qui
2675 1388 2837 1440 agros
2882 1375 3103 1444 sepibns
3156 1375 3267 1429 cir-

1690 1465 1968 1529 cumdant,
1998 1464 2245 1535 plurimis
2267 1463 2413 1520 enim
2440 1463 2897 1535 circumplexibus
2923 1476 3068 1522 tutas
3091 1467 3269 1522 reddit

1690 1569 1870 1627 sepes.

1758 1739 2026 1808 Quoniam
2054 1740 2335 1798 devoravit
2361 1740 2571 1813 gladius
2592 1742 2873 1799 smilacem
2897 1751 3076 1811 tuam;
3103 1746 3269 1801 herba

1691 1843 1776 1888 est
1798 1817 1978 1887 omnia
2010 1833 2324 1887 corrodens.

1761 1923 1925 1980 Vens.
1957 1924 2045 1980 l5.
2084 1926 2266 1990 Quare
2284 1926 2421 1997 fugit
2446 1927 2638 1982 vitulus
2673 1938 2794 1981 tuus
2820 1928 3015 1982 electus
3040 1928 3068 1982 .’

1774 2018 1852 2072 Ad
1876 2016 2098 2073 Judrcos
2131 2028 2341 2088 spectat
2364 2020 2450 2074 hic
2483 2035 2683 2075 sermo.
2708 2018 2947 2076 Vitulunt
2979 2033 3157 2076 autem
3178 2035 3272 2090 ap-

1692 2108 1858 2178 pellat
1907 2107 2224 2180 Egyptium
2276 2110 2352 2164 uti
2412 2110 2639 2173 fortem,
2713 2127 2838 2166 cum
2899 2112 3062 2168 talem
3117 2113 3270 2168 illum

1694 2199 1979 2256 baberent.
2007 2199 2273 2271 Deinceps
2304 2200 2463 2257 aliert
2500 2203 2765 2258 rationem
2801 2221 2815 2257 :

1769 2293 1888 2347 Non
1918 2293 2170 2363 perstitit,
2196 2295 2322 2363 quia
2353 2294 2609 2348 Dominus
2651 2293 2892 2348 dissolvit
2919 2311 3059 2351 sum.

1763 2383 1951 2453 Neque
2004 2386 2150 2439 enim
2191 2385 2632 2441 determinationi
2675 2386 2875 2441 divina:
2917 2394 3129 2457 poterat
3183 2401 3274 2442 re-

1693 2476 1913 2530 sistere.
2265 2522 2270 2527 .

1764 2568 1881 2622 ilex
1917 2578 2061 2635 tuus,
2096 2568 2226 2633 imo,
2248 2565 2382 2637 Apis
2402 2565 2781 2640 Egyptiorum
2807 2569 2978 2637 deus;
3016 2569 3097 2625 sic
3122 2571 3270 2624 enim

1696 2658 1925 2712 vitulum
1956 2656 2222 2713 vocabant
2266 2658 2450 2728 paleas
2491 2659 2896 2724 comedentem,
2938 2669 2993 2716 et
3021 2674 3120 2729 pro
3156 2660 3267 2717 Deo

1696 2749 1967 2806 habitum.

1760 2839 1924 2897 Vnus.
1967 2839 2056 2896 16.
2094 2837 2460 2912 Unusquisque
2482 2842 2551 2895 ad
2584 2844 2885 2911 proximum
2919 2859 3074 2897 suum
3097 2846 3276 2914 loque-

1698 2935 1911 2998 bantur,
1935 2941 1984 2987 et
2008 2933 2252 2987 dixerunt
2280 2948 2300 2986 :
2336 2932 2651 3005 Surgamus,
2675 2944 2722 2989 et
2743 2945 3070 2990 revertamur
3089 2939 3157 2989 ad
3176 2951 3275 3005 po-

1695 3024 1879 3094 pulum
1900 3032 2143 3081 nostrum
2166 3040 2199 3077 a
2236 3024 2375 3095 [acie
2396 3024 2563 3095 gladii
2586 3023 2781 3080 Graeci.

1773 3212 2143 3284 Unusquisque
2172 3211 2562 3268 lmderatorum
2595 3225 2811 3282 nempe.
2831 3212 2997 3280 Quasi
3020 3212 3228 3269 diceret
3257 3229 3274 3270 τ

1698 3303 1851 3360 Tunc
1873 3305 2074 3360 frustra
2105 3319 2166 3360 se
2203 3302 2477 3376 IEgyptiis
2502 3305 2752 3360 auxiliari
2790 3315 3185 3375 cognoverunt.
3206 3305 3279 3359 Il-

1699 3397 1785 3452 lud
1819 3412 1972 3463 vero,
2004 3415 2035 3450 a
2057 3397 2192 3467 [acie
2216 3397 2386 3467 gladii
2418 3394 2612 3463 (ἐνίησί,
2641 3411 2747 3452 non
2778 3407 2927 3452 recte
2953 3397 3278 3467 interpreta-

1700 3500 1810 3544 tum
1840 3500 1944 3544 est.
1989 3489 2248 3545 Hebraeus
2278 3491 2420 3545 enim
2454 3491 2525 3544 ita
2559 3490 2725 3544 habet
2770 3506 2785 3544 :
2819 3494 2858 3544 Α
2903 3489 3084 3560 gladio
3113 3498 3274 3544 acuto
3378 3529 3387 3535 .

1696 3591 1742 3636 et
1776 3581 2021 3637 violento.
2075 3580 2245 3636 Porro
2292 3590 2347 3636 et
2379 3581 2467 3636 hic
2519 3582 2800 3638 nominum
2848 3581 3147 3636 similitudo
3194 3581 3279 3636 di-

1698 3676 2010 3730 versitatem
2046 3672 2510 3743 interpretationis
2563 3674 2794 3744 peperit.
2848 3672 3062 3727 Etenim
3098 3671 3276 3727 Joan-

1697 3779 1836 3832 nam,
1874 3763 2142 3832 siguilicat
2217 3760 2450 3826 Graecos,
2496 3777 2618 3817 cum
2672 3763 2739 3819 ab
2791 3761 2896 3817 hoc
2955 3762 3119 3818 Iones
3170 3760 3276 3816 orti

1697 3858 1827 3911 sint.
1878 3854 2020 3910 Jona
2053 3870 2183 3910 vero
2222 3854 2493 3924 signiﬁcat
2552 3863 2790 3919 acutum,
2836 3863 2893 3910 et
2928 3855 3126 3927 habens.
3172 3854 3278 3908 vim

1695 3948 1910 4002 secandi
1949 3961 1971 4002 :
2011 3963 2041 4001 a
2088 3947 2446 4003 similitudine
2483 3947 2667 4018 itaque
2727 3961 2828 4018 pro
2868 3943 3047 4016 gladio
3096 3955 3275 4013 acuto,

1696 4037 1933 4109 gladium
1971 4055 2200 4110 gra'cum
2230 4040 2572 4110 interpretati
2597 4049 2744 4095 sunt.

1767 4218 1933 4287 Vide,
1966 4229 2026 4275 ut
2057 4231 2250 4275 exacte
2283 4221 2466 4275 omnia
2514 4218 2812 4284 describat,
2849 4220 3276 4303 immoreturqne

1698 4309 1840 4378 quod
1876 4309 2186 4365 certissima
2211 4309 2284 4362 illi
2310 4310 2440 4364 sint.

1775 4402 1793 4423 θ
1817 4397 1980 4453 Vnus.
2004 4399 2093 4453 l7.
2118 4397 2316 4454 Vocate
2335 4414 2521 4453 nomen
2540 4396 2841 4453 Pharaonis
2875 4401 3011 4471 regis
3030 4400 3274 4470 Egypti,

31 4525 143 4563 που
178 4544 199 4571 ,
268 4500 515 4568 Σανωὲ,
591 4498 814 4569 Ὲσηρὲ,
868 4500 1155 4568 Ἐλμοήθ,
1196 4497 1400 4565 καιρὸς
1448 4511 1591 4566 παρ-

1723 4487 1895 4553 ianoe,
1925 4486 2106 4553 Ebire,
2136 4487 2404 4555 Elmoeth,
2423 4497 2626 4557 tempus
2642 4488 2878 4544 transiit.

31 4599 361 4752 28:25.5“
385 4677 547 4738 αὗται
578 4682 689 4734 εἰσὶ
723 4682 822 4751 μὲν
861 4677 1170 4751 Ἐϐραῖκαί.
1219 4678 1520 4750 Ἐρμηνεία
1543 4678 1601 4733 δέ

31 4800 94 4848 >ς
130 4775 307 4834 εἶναι
339 4775 489 4830 δοκεῖ
513 4775 624 4829 τῶν
652 4771 855 4839 λέξεων
884 4773 968 4826 τό·
1007 4772 1220 4840 Καιρὸς
1256 4769 1597 4842 ἀπεγένετο.

64 4873 209 4945 γὰρ
238 4868 429 4935 Σαύν,
452 4863 609 4938 ἦχον
638 4865 916 4936 σημαίνει,
953 4864 1135 4926 εἰονεὶ,
1169 4862 1229 4916 τὸ
1250 4863 1597 4930 ἐξάκουστον,

31 4967 57 5020 ἱ
92 4962 475 5034 περίφημον.
498 4958 574 5010 Τὸ
602 4955 659 5010 δὲ
690 4954 888 5023 Ἐϐῆρ,
920 4952 1246 5022 παρῆλθες.
1278 4953 1351 5006 Τὸ
1365 4953 1424 5007 δέ
1469 4953 1625 5008 Ἐλ-’

32 5055 166 5123 ὴθ,
226 5049 669 5119 παραγέγονεν.
720 5046 842 5099 ἰνα
883 5040 977 5098 οὖν
1020 5044 1172 5110 είπη,
1202 5042 1283 5097 ὅτι
1331 5043 1360 5096 ὁ
1398 5041 1600 5114 Φαραὼ

31 5147 367 5205 ἱκουστος,
401 5140 498 5194 καὶ
527 5136 807 5216 πανταχοῦ
844 5137 911 5208 τῇ
942 5131 1071 5207 δόξῃ
1102 5132 1374 5205 βοώμενος
1393 5176 1408 5201 ,
1443 5127 1600 5200 οὗτος

31 5255 50 5302 ;
102 5230 468 5306 προσούσης
487 5228 715 5296 ἐξέπεσε
745 5225 933 5297 τιμῆς,
960 5226 1057 5279 καὶ
1086 5220 1189 5296 ἧκε
1218 5223 1318 5295 τῆς
1345 5224 1467 5279 κατ’
1496 5227 1597 5279 αὖ-

31 5328 43 5380 i
85 5321 472 5391 ἀποφάσεως
503 5321 532 5374 ὁ
556 5319 772 5390 καιρός.
804 5317 879 5371 Τὸ
896 5317 974 5381 δέ,
1000 5314 1313 5370 Καλέσατε
1332 5316 1398 5371 τὸ
1410 5318 1599 5388 ὄνομα

31 5416 201 5481 τοῦ,
239 5410 392 5467 κατὰ
418 5410 481 5464 τὸ
504 5410 604 5480 τῆς
625 5409 775 5473 θείας
805 5407 1031 5482 Γραφῆς
1079 5406 1296 5479 ἰδίωμα,
1333 5407 1395 5462 τὸ
1428 5409 1600 5481 ὄνομα

31 5513 78 5565 ςὶ
118 5504 495 5579 πράγματος
529 5501 744 5557 ἐλαϐεν.

31 5599 289 5673 [ατρὸς
315 5595 672 5669 παρεγένετο,
699 5595 798 5648 σὺν
816 5597 1029 5667 ταραχῇ
1045 5590 1199 5668 ἦχος,
1223 5596 1593 5668 παραχθέντα,

31 5716 74 5751 ιι
146 5707 253 5747 πε
268 5687 327 5761 ρὶ
361 5688 641 5758 συνθήκας
689 5687 989 5758 ἀγνώμονα
1039 5687 1206 5742 αὐτόν
1257 5706 1392 5760 φησι
1440 5706 1596 5759 γεγε.

31 5787 206 5847 θπι.
249 5781 476 5854 ’Ὠσπερ
503 5781 650 5837 ἐστὶν
675 5780 705 5834 ὁ
746 5780 946 5853 Θαϐὼρ
974 5784 1035 5838 ἐν
1058 5784 1171 5847 τοῖς
1199 5782 1373 5854 ὄρεσι,
1399 5783 1492 5839 καὶ
1520 5784 1594 5848 ὡς

1774 4673 2055 4728 Dictiones
2118 4672 2202 4727 ita:
2228 4680 2352 4727 sunt
2382 4669 2678 4725 liebraicze.
2710 4670 3088 4741 Interpretatto
3150 4688 3279 4729 vero

1702 4765 2000 4820 dictionum
2032 4765 2248 4819 videtur
2273 4762 2673 4835 quodammodo
2697 4776 2819 4819 esse
2853 4764 2984 4819 illud
3011 4781 3025 4818 :
3054 4763 3277 4835 Tempus

1703 4859 1938 4915 transiit.
1974 4859 2186 4913 Etenim
2243 4856 2391 4913 Saou
2445 4874 2631 4913 sonum
2672 4858 3277 4932 signiﬁcat,insignem

1705 4950 1988 5018 videlicet,
2019 4959 2072 5006 et
2131 4949 2279 5005 fama
2309 4966 2503 5022 magna
2539 4958 2750 5006 notum.
2782 4950 2946 5019 Eber,
2987 4954 3275 5020 trausiisti,

1702 5041 1948 5098 Elmoetlt
1973 5045 2249 5113 prwteriit.
2277 5041 2356 5098 Ac
2386 5042 2435 5097 si
2465 5042 2695 5109 diceret,
2726 5041 2939 5098 Pharao
2969 5046 3148 5116 magni
3184 5061 3281 5101 no-

1702 5136 1884 5202 minis,
1913 5146 1966 5189 et
1996 5136 2196 5206 ubique
2248 5144 2516 5190 terrarum
2553 5133 2724 5204 gloria
2765 5135 3032 5205 volitans;
3073 5137 3161 5192 hic
3185 5139 3277 5193 de-

1700 5227 1874 5282 bitunt
1931 5227 2036 5283 sibi
2093 5227 2358 5283 honorem
2396 5226 2601 5293 amisit,
2637 5237 2692 5282 et
2725 5227 3011 5282 sententia:
3041 5228 3094 5282 in
3152 5244 3275 5283 eum

1699 5317 1822 5375 lata:
1854 5329 2064 5389 tempus
2089 5320 2324 5375 advenit.
2354 5316 2549 5373 Vocate
2598 5334 2786 5372 nomen
2815 5318 2951 5389 ejus,
2981 5323 3275 5375 secundum

1700 5413 1897 5469 divinae
1958 5411 2258 5483 Scriptura;
2338 5413 2727 5482 proprietatem
2807 5427 3006 5469 nomen
3058 5428 3159 5484 pro
3220 5430 3279 5471 re

1698 5505 1949 5575 sumpsit.
2316 5500 2319 5503 λ

1770 5597 2007 5667 Tempus
2039 5597 2281 5663 advenit,
2313 5613 2438 5654 cum
2469 5599 2699 5654 tumultu
2744 5599 3023 5671 strepitus,
3058 5613 3087 5653 a
3124 5608 3276 5654 recto

1700 5690 2031 5757 abductum,
2077 5688 2158 5746 vel
2206 5689 2554 5762 fcedil'ra'gum
2600 5705 2724 5747 eum
2775 5692 2947 5747 fuisse
2991 5693 3087 5746 ait.
3120 5691 3274 5759 Quod

1699 5790 1786 5841 est
1810 5781 2029 5841 Thabor
2052 5782 2106 5839 in
2142 5782 2437 5853 montibus,
2477 5793 2534 5840 et
2554 5783 2697 5842 sicut
2723 5783 3005 5842 Carmelus
3031 5785 3083 5841 in
3115 5785 3273 5851 mari,
