3854 6400
87 334 243 392 i025

165 453 184 474 '
213 452 349 507 ὀτι
392 453 820 527 ἐξολοθρεύσει
843 463 1058 531 Κύριος
1075 482 1217 534 τους
1243 470 1676 542 Ἀλλοςεύλους,
1716 483 1756 541 Α

75 542 238 611 τοὺς
265 549 676 616 καταλοίπους
702 549 822 604 τῶν
856 555 1066 620 νήσων
1098 558 1200 612 καί
1225 563 1672 631 Καππαδοκίας.

165 638 326 691 ’Πτοι
351 638 462 711 [Ion
489 641 689 716 οὕτως]
716 645 818 714 τῆς
846 649 1118 718 παραλίου
1147 652 1345 723 νήσους
1372 655 1550 722 καλεῖ,
1580 657 1676 712 καὶ

76 729 172 784 ὅτι
197 730 308 784 ἀπὸ
335 733 446 786 τῶν
475 735 656 804 νήσων
677 735 869 792 αὐτόθι
897 739 1228 814 κατῴκησαν
1251 745 1672 816 πολεμούμενοι,

77 822 306 888 ἑλόντες
351 826 479 890 τούς
531 826 630 900 ήδη
677 829 946 902 πρότερον
994 835 1388 900 κατοικοῦντας
1439 838 1629 893 αὐτόθι
1655 855 1671 872 ο

76 916 454 985 ἐμμείναντες
475 917 532 971 δὲ
561 918 640 990 τῷ
661 921 832 991 τόπῳ.
863 921 973 975 Καὶ
1003 926 1400 992 Καππαδοκίας
1420 929 1478 982 δὲ
1500 930 1669 997 λέγει,

75 1007 162 1071 ὼς
191 1012 561 1080 νενικηκότων
588 1012 822 1080 τούτων,
849 1016 942 1070 καὶ
971 1018 1244 1088 ἑλομένων
1269 1022 1460 1075 αὐτόθι
1487 1040 1672 1076 κατοι-

75 1103 229 1156 κεῖν.
289 1103 449 1158 Οὕτω
487 1105 596 1177 γὰρ
650 1107 746 1160 καὶ
792 1106 862 1162 δι’
911 1110 1103 1180 ἑτέρου
1158 1117 1439 1184 προφήτου
1492 1115 1666 1184 λέγει’

79 1189 246 1260 τοὺς
287 1196 706 1266 Ἀλλσερύλους
724 1199 844 1254 ἀπὸ
865 1202 1560 1276 Καππαδοκίαάἤγατον.

158 1283 322 1338 Ἦκει
345 1288 715 1356 φαλάκρωμα
737 1289 836 1344 ἐπὶ
865 1289 1083 1352 Γάζαν·
1120 1293 1418 1366 dar-4‘15po
1458 1298 1666 1354 Ἀσκά-

72 1376 232 1440 λων,
256 1376 354 1429 καί
383 1376 456 1430 τὰ
483 1379 668 1434 λοιπὰ
690 1379 810 1433 τῶν
843 1381 914 1436 ἐν
949 1383 1154 1454 Ἀκήμ.

164 1467 283 1520 Ἵνα
305 1468 458 1541 είπῃ,
482 1470 686 1534 πάντες
715 1472 764 1525 oi
797 1474 1028 1546 ἰσχυροί.

155 1557 291 1624 Πῶς
310 1559 642 1629 ἠσυχάσει;

156 1651 435 1722 Πόρθησιν
469 1654 570 1723 μὲν
607 1654 709 1726 τῆς
748 1657 1056 1729 Ἰδουμαίας
1087 1662 1344 1732 προλέγει
1386 1667 1415 1719 ὁ
1451 1669 1666 1739 προφή-

1204 352 1626 413 FRAGMENTA
1676 356 1745 411 IN
1779 358 2148 418 JEREMIAM.

3215 387 3234 440 ί
3247 387 3352 442 026

1856 481 1873 498 ‘
1920 476 2085 534 Vens.
2129 481 2184 534 4.
2241 481 2504 548 Quoniam
2559 490 2969 562 depopulabilur
3010 498 3153 555 Deus
3207 505 3358 559 Allo-

1777 568 1986 638 phylos,
2018 572 2272 643 reliquias
2295 577 2614 648 insularum,
2647 595 2695 638 et
2720 585 3080 657 Cappadocia:

1849 661 1941 717 Sic
1973 666 2138 721 maris
2180 668 2342 723 vieini
2367 671 2575 730 insulas
2599 681 2864 747 nominat,
2902 692 2955 738 et
2997 687 3139 754 quod
3209 691 3350 748 bello

1778 754 1954 807 vexati
1971 770 2036 809 ex
2067 757 2256 814 insulis
2281 761 2352 816 ibi
2379 765 2712 835 habitarunt,
2737 773 2924 840 primis
2948 778 3348 838 habitatoribus

1776 844 2023 910 devictis,
2055 854 2460 924 manserintque
2487 857 2540 911 in
2570 859 2661 914 illo
2686 862 2823 918 loco.
2851 865 3202 937 Cappadociae
3221 891 3350 932 vero

1775 934 1927 998 dicit,
1961 939 2113 1005 quasi
2136 940 2186 993 hi
2212 956 2330 995 eam
2368 945 2720 1013 vicissent,et
2779 955 2849 1009 ibi
2882 934 3126 1017 habitare
3170 965 3348 1033 elege-

1774 1027 1902 1077 rint.
1940 1025 2034 1082 Sic
2065 1032 2208 1084 enim
2238 1041 2291 1087 et
2322 1049 2419 1104 per
2439 1037 2602 1092 alium
2639 1047 2958 1113 prophetam
2991 1051 3161 1108 dicit:
3193 1025 3345 1111 Allo-

1768 1116 1951 1186 pltylos
1980 1136 2046 1174 ea:
2074 1122 2407 1192 Cappadocia
2441 1131 2729 1190 duxerunt.

1844 1301 2008 1360 Vens.
2040 1307 2094 1362 5.
2142 1308 2290 1366 Venit
2322 1314 2593 1370 calvitium
2616 1321 2787 1390 'super
2821 1323 3021 1379 Gazam
3049 1345 3068 1383 .·
3100 1331 3341 1401 projecta

1767 1401 1841 1444 est
1871 1395 2096 1449 Ascalon
2127 1408 2177 1451 et
2208 1401 2429 1471 reliqua,
2448 1421 2565 1474 quae
2585 1421 2704 1462 sum
2725 1411 2783 1466 in
2812 1413 2984 1470 Acim.

1837 1481 1915 1536 Ac
1937 1483 1984 1536 si
2013 1485 2243 1554 diceret,
2279 1506 2469 1548 omnes
2495 1497 2686 1553 fortes.

1830 1570 1995 1628 Vens.
2025 1576 2074 1632 7.
2112 1579 2387 1644 Quomodo
2413 1589 2636 1656 quiesce!
2659 1591 2685 1643 ?

1833 1665 2068 1723 Idumeae
2095 1670 2450 1745 direptionem
2490 1684 2729 1748 praedicit
2765 1690 3049 1757 propheta,
3085 1707 3246 1763 quam
3279 1707 3335 1753 et

72 1761 203 1814 τηςο
225 1745 326 1816 τὴν
346 1746 404 1798 δὲ
434 1746 610 1818 αὐτήν
646 1764 781 1819 φησι
809 1753 904 1804 καὶ
939 1751 1193 1824 suum.
1210 1758 1330 1828 ἥτις
1361 1759 1478 1812 ἐστὶ
1506 1759 1644 1832 χώρα

1771 1755 2040 1816 Tlmmam
2092 1775 2270 1832 vocat,
2303 1783 2424 1838 quae
2445 1745 2588 1828 Esau
2631 1745 2782 1848 regio
2810 1745 2914 1838 est.

70 1836 176 1891 τοῦ
225 1837 417 1893 Ἡσαῦ.
435 1895 438 1899 ,

658 1977 910 2034 ΚΕΦΑΛ.
947 1981 1091 2034 MH'.

145 2107 166 2127 ’
189 2105 595 2162 Ἀνεπαύσατο
624 2108 806 2165 Μωὰϐ
827 2111 897 2166 ἐκ
923 2113 1189 2180 παιδίου,
1222 2113 1320 2168 καὶ
1357 2115 1655 2184 πεποιθὼς

63 2194 152 2269 ἦν
174 2199 273 2253 ἐπὶ
299 2197 373 2268 τῇ
396 2200 547 2271 δόξῃ
579 2203 790 2258 αὐτοῦ.

147 2296 272 2349 Ὅτι
311 2294 401 2348 διὰ
447 2296 650 2359 παντὸς
685 2296 1010 2367 ἀπήλαυσεν
1051 2297 1348 2371 εὐθηνίας,
1376 2300 1472 2354 καὶ
1513 2303 1619 2371 ήσυ

60 2388 218 2457 χίας,
248 2386 344 2441 καὶ
373 2386 476 2456 διὰ,
491 2386 651 2440 τοῦτο
679 2387 853 2441 ταῦτα
882 2387 1073 2454 ἔπαθε,
1094 2392 1160 2462 τῇ
1201 2391 1471 2464 εὐπαθείᾳ
1515 2393 1652 2464 πρὸς

57 2481 224 2534 οὐδὲν
253 2480 372 2534 δέον
395 2482 762 2552 χρησάμενος.

131 2572 250 2623 ’Τὸ
293 2571 701 2642 ἀπροσδόκητον
749 2570 918 2626 κακὸν
952 2571 1228 2645 ἠϐουλήθη
1269 2575 1644 2646 παραστῆσαι.

55 2664 330 2718 Βούλεται
367 2665 476 2735 γάρ
516 2665 715 2729 εἰπεῖν,
765 2663 849 2716 ὅτι
890 2663 952 2728 ἐξ
986 2663 1162 2735 ἀρχῆς
1210 2666 1376 2738 μέχρι
1416 2667 1512 2720 τοῦ
1551 2666 1646 2724 νῦν

55 2759 338 2814 πέπονθεν
371 2759 547 2826 οὐδὲν,
576 2759 678 2830 οὐχ
715 2759 798 2813 ὅτι
825 2760 919 2814 καὶ
951 2760 1056 2832 ήδη
1079 2761 1232 2832 παρά
1260 2769 1355 2816 τοῦ
1387 2764 1646 2835 Σεναχειο

57 2853 200 2922 ρεὶμ
230 2851 328 2922 οὐχ
357 2851 523 2904 έάλω’
554 2850 586 2923 ἢ
615 2851 728 2922 γὰρ
761 2850 858 2921 οὐχ
890 2850 1101 2922 ἡττήθη
1139 2853 1197 2904 ὲν
1230 2852 1512 2923 πολέμοις.
1566 2855 1647 2909 Τὰ

52 2945 173 3015 γὰρ
198 2944 298 3014 τῆς
327 2943 671 3014 προφητείας
689 2942 784 2996 τοῦ
823 2942 1050 2996 Ἡσαΐου
1076 2941 1222 2997 κατὰ
1247 2943 1346 3013 τῆς
1365 2945 1646 3000 Μωαϐίτι-

52 3037 184 3100 δος,
234 3035 459 3106 ἐξῆλθεν
498 3035 590 3088 ἐπὶ
621 3033 717 3088 τοῦ
761 3034 1162 3106 Σεναχειρείμο
1203 3035 1344 3091 ἀλλά
1393 3037 1642 3108 βούλεται

2306 1994 2460 2052 CAP.
2499 1997 2729 2060 XLVIII.

1821 2121 1841 2143 ⁶
1867 2120 2029 2176 Vens.
2059 2123 2143 2176 II.
2181 2124 2388 2192 Quievit
2417 2129 2577 2186 Moab
2605 2150 2638 2187 α
2674 2137 2915 2205 parvulo,
2943 2151 2986 2194 et
3011 2141 3180 2210 ﬁdens
3215 2155 3330 2201 erat

1753 2228 1914 2282 super
1939 2214 2110 2283 gloria
2141 2235 2260 2272 sua.

1830 2303 1985 2370 Quod
2027 2322 2245 2379 semper
2275 2312 2518 2368 omnium
2569 2332 2749 2374 rerum
2810 2324 2965 2392 copia
3028 2329 3332 2398 tranquilli.

1756 2404 1972 2467 taleque
2024 2399 2357 2471 abundavit,
2429 2406 2634 2463 idcirco
2685 2421 2742 2466 et
2798 2415 2917 2470 haec
2970 2431 3168 2486 passus
3222 2431 3327 2488 est,

1751 2491 2120 2559 prOSperitate
2163 2511 2268 2549 non
2313 2498 2517 2554 utiliter
2558 2517 2708 2558 usus.

1823 2581 1842 2599 ‘
1866 2579 2064 2637 Malunt
2101 2585 2530 2656 inexspectatum
2561 2595 2730 2649 voluit
2761 2596 3021 2663 indicare,
3059 2614 3112 2656 et
3136 2619 3330 2661 sensus

1749 2678 1852 2736 est,
1878 2673 1945 2727 ab
1971 2674 2128 2729 initio
2156 2677 2223 2730 ad
2261 2679 2403 2733 hunc
2429 2680 2570 2736 diem
2592 2685 2725 2738 nihil
2748 2702 3142 2756 perpessusest
3174 2712 3188 2748 :
3221 2711 3325 2749 non

1749 2763 1892 2832 quod
1914 2764 1966 2819 in
1987 2765 2130 2822 bello
2155 2782 2184 2821 a
2214 2768 2558 2826 Senachirim
2591 2789 2694 2829 non
2720 2776 3076 2849 fueritcapta.
3101 2783 3252 2839 Isaias
3277 2787 3326 2820 "

1747 2855 1893 2910 enim
1949 2858 2210 2914 vaticinia
2261 2869 2452 2916 contra
2501 2863 2852 2923 Moabitidem
2903 2873 3156 2930 etTectum
3207 2893 3327 2933 sor-

1748 2945 1844 2998 tita
1899 2956 2027 3001 sunt
2087 2955 2330 3018 tempore
2389 2949 2756 3019 Senachirim,
2793 2958 2887 3014 sed
2915 2962 3055 3027 quod
3091 2961 3136 3016 si
3188 2977 3328 3031 pra:-

1745 3038 1918 3092 sentia
1963 3039 2402 3109 considerentur,
2430 3045 2567 3100 nihil
2597 3062 2754 3117 passa
2803 3063 2924 3119 est;
2979 3054 3124 3108 haud
3175 3061 3322 3112 enim

52 3129 205 3184 κατά
243 3130 536 3200 σύγκρισιν
572 3127 684 3182 τῶν
712 3127 997 3198 παρόντων
1034 3128 1204 3199 μηδὲν
1232 3130 1406 3201 αὐτὴν
1436 3148 1640 3185 πεπον-

1771 3128 1868 3184 ieri
1911 3140 2125 3199 poterat
2165 3143 2223 3188 ut
2260 3149 2322 3190 ea
2350 3137 2471 3192 sine
2506 3153 2740 3196 maerore
2787 3144 3010 3200 omnino
3055 3149 3326 3218 transige-

52 3222 216 3278 θέναι
238 3238 254 3253 ο
289 3222 410 3276 οὐδὲ
441 3221 550 3293 γάρ
583 3221 861 3290 ἐνεδέχετο
894 3220 1245 3276 παντάπασιν
1284 3221 1508 3288 ἀλύπως
1547 3225 1645 3278 αὐ-

50 3315 159 3386 τὴν
197 3315 504 3383 διαγαγεῖν.
542 3313 612 3365 Ἣ
649 3311 899 3383 βούλεται
928 3313 1176 3382 σημᾶναι
1205 3313 1268 3366 τὸ
1299 3313 1512 3385 χρόνιον
1540 3315 1643 3384 τῆς

51 3408 300 3469 ἀνέσεως
328 3423 344 3438 ο
380 3405 506 3459 οὐδὲ
535 3405 646 3477 γάρ
678 3404 861 3472 ὀλίγος
901 3405 1136 3478 ἀριθμὸς
1167 3406 1305 3460 ἐτῶν
1351 3408 1500 3461 ἐστιν
1531 3407 1642 3461 ἀπὸ

47 3503 154 3558 τοῦ
214 3501 483 3566 Ἐζεκίου.
530 3500 616 3569 ἐφ’
666 3495 839 3571 οὗπερ
887 3500 982 3554 καὶ
1036 3500 1213 3571 πέρας
1262 3500 1331 3554 τὰ
1364 3501 1505 3555 κατά
1548 3501 1640 3554 τὸν

49 3593 421 3665 Σεναχειρεὶμ
447 3591 632 3656 ἔλασε,
660 3591 825 3662 μέχρι
863 3594 966 3660 τῆς
992 3589 1248 3654 ἁλώσεως
1271 3589 1372 3660 τῆς
1401 3589 1638 3662 ἐσχάτης

59 3684 494 3756 Ἱεροσολύμων,
552 3685 647 3738 καὶ
697 3684 799 3754 τῆς
850 3683 994 3738 κατά
1047 3683 1155 3736 τῶν
1209 3681 1414 3738 λοιπῶν
1465 3682 1637 3737 ἐθνῶν

46 3780 246 3836 ἀνόδου
293 3777 388 3831 τοῦ
433 3775 930 3848 Ναϐουχοδονόσορ.
985 3774 1110 3832 Ὅτι
1143 3775 1200 3829 δὲ
1240 3773 1416 3829 ταῦτα
1463 3772 1638 3838 οὕτως

45 3874 188 3944 ἔχει,
225 3869 422 3942 μηνύει
449 3870 518 3923 τὰ
543 3869 882 3939 ὲπαγόμενα.

119 3965 234 4020 Kal
283 3965 396 4018 οὐκ
443 3960 688 4032 ἐνέχεεν
717 3961 787 4026 ἐξ
819 3961 1061 4031 ἀγγείου
1088 3963 1176 4028 εις
1203 3961 1479 4032 ἀγγεῖον,
1533 3963 1634 4017 καὶ

41 4061 138 4124 εις
183 4056 553 4125 ἀποικισμὸν
590 4056 703 4109 οὐκ
751 4053 1069 4123 ᾠχήσατοο
1097 4054 1196 4108 διὰ
1247 4053 1424 4111 τοῦτο
1458 4055 1632 4110 ἔσται

41 4149 242 4219 γεῦμα
297 4146 486 4202 αὑτοῦ
541 4146 614 4200 ἐν
659 4144 823 4212 αὐτῷ
844 4186 860 4213 ,
918 4145 1020 4200 καί
1065 4145 1224 4216 ὀσμὴ
1273 4147 1465 4203 αὐτοῦ
1517 4149 1631 4202 οὐκ

42 4241 358 4308 ἐξέλιπεν.

116 4331 540 4404 Παραδείγματι
569 4332 844 4404 ἐχρήσατο
878 4373 892 4398 ,
923 4331 1012 4385 ἵνα
1048 4330 1214 4385 αὐτοῦ
1251 4331 1350 4404 τῆς
1388 4333 1626 4400 ἀνέσεως

1750 3231 1890 3276 rent.
1925 3222 2020 3278 Vel
2054 3233 2263 3295 tempus
2284 3227 2484 3297 quietis
2522 3231 2830 3299 signiﬁcare
2855 3237 2986 3289 vult.
3019 3234 3131 3292 Nec
3177 3240 3321 3292 enim

1743 3314 2002 3370 minimus
2037 3325 2122 3369 est
2151 3332 2416 3372 annorum
2443 3335 2723 3385 numerus,
2749 3323 2793 3377 si
2825 3338 2854 3376 a
2887 3333 3129 3395 tempore
3184 3329 3324 3381 Eze-

1749 3404 1885 3459 chiae
1910 3417 2312 3474 computentur,
2334 3425 2441 3480 quo
2459 3426 2545 3464 res
2561 3427 2590 3466 e
2613 3411 2952 3468 Senachirim
2971 3418 3316 3485 gestmﬁnetn

1743 3496 2008 3566 habuere,
2037 3515 2206 3570 usque
2235 3501 2302 3556 ad
2328 3502 2571 3558 ultimam
2610 3504 3105 3577 Hierosolymorum
3139 3513 3317 3580 capti-

1739 3587 1984 3653 vitatem,
2013 3599 2068 3642 et
2099 3590 2328 3645 reditum
2385 3590 2930 3650 Nabuchodonosoris
2960 3597 3026 3651 ad
3079 3599 3316 3668 reliquas

1739 3689 1949 3751 gentes.
1982 3680 2108 3736 Haec
2143 3698 2305 3752 porro
2333 3683 2407 3740 ita
2453 3699 2514 3739 se
2547 3685 2749 3741 habere
2794 3687 3038 3743 iudicant
3085 3704 3148 3745 ea
3195 3707 3315 3761 qua:

1737 3773 2061 3832 subduntur.

1803 3956 1872 4011 Et
1890 3973 1993 4011 non
2017 3958 2354 4027 effundebant
2379 3959 2442 4013 de
2469 3976 2588 4013 vase
2618 3961 2672 4013 iu
2705 3975 2820 4024 vos,
2845 3970 2895 4015 et
2951 3963 3005 4016 in
3055 3969 3312 4021 tramitti-

1734 4050 2031 4120 grationent
2062 4066 2164 4104 non
2193 4051 2362 4116 abiit;
2385 4051 2501 4106 ideo
2538 4052 2636 4106 erit
2660 4062 2847 4121 gustus
2886 4054 3003 4122 ejus
3062 4055 3117 4109 in
3171 4061 3307 4125 ipso,

1732 4152 1778 4196 et
1811 4142 1947 4196 odor
1976 4144 2092 4212 ejus
2115 4159 2218 4197 non
2241 4142 2460 4210 defecit.

1792 4325 2068 4395 Exemplo
2097 4341 2228 4381 usus
2257 4336 2364 4392 est,
2397 4337 2454 4382 ut
2486 4328 2604 4398 ejus
2628 4330 2825 4398 quietis
2888 4339 3100 4401 tempus
3140 4333 3306 4403 signi-

36 4428 137 4484 τὸν
173 4426 370 4498 χρόνον
397 4424 640 4495 σημάνῃ·
669 4425 746 4488 ὡς
778 4422 888 4495 γὰρ
917 4419 1082 4488 οἶνος,
1115 4425 1268 4495 φησὶ,
1303 4424 1525 4524 βληθεὶς⁹
1547 4427 1628 4524 είς

1771 4427 1941 4472 caret.
1968 4417 2144 4471 Veluti
2173 4419 2318 4472 enim
2346 4420 2554 4484 vinum,
2585 4421 2684 4486 ait,
2718 4422 2770 4476 in
2804 4437 2932 4478 vase
2962 4425 3303 4490 obseratum,

36 4494 274 4590 ἀγγεῖον
317 4519 411 4571 ἐπὶ
443 4494 698 4572 πλεῖστον
727 4494 919 4588 χρόνον
962 4494 1398 4618 φυλαττόμενος,
1425 4517 1521 4618 καὶ
1550 4518 1624 4618 μὴ

1771 4512 1776 4564 i
1817 4510 1972 4564 multi
2007 4510 2268 4577 temporis
2291 4510 2466 4578 spatio
2497 4513 2826 4568 custoditum
2853 4529 2961 4568 non
3008 4527 3308 4572 commute-

38 4608 526 4682 μεταϐαλλόμενος
549 4647 565 4672 ,
601 4607 700 4678 τὴν
737 4607 837 4678 μὲν
865 4606 1043 4677 τρύγα
1075 4605 1398 4675 καθίστησιν
1423 4607 1504 4668 είς
1531 4604 1624 4658 τὸν

1771 4617 1841 4667 tr,
1870 4600 2057 4656 faecem
2099 4600 2156 4654 in
2190 4601 2339 4657 vasis
2381 4601 2548 4658 fundo
2577 4602 3070 4673 deponit,.odorem
3127 4615 3306 4663 tamen

33 4704 140 4759 τοῦ
172 4701 404 4772 ἀγγείου
438 4701 690 4772 πυθμένα
719 4743 734 4768 ,
775 4701 986 4771 εὐώδης
1021 4699 1080 4752 δὲ
1111 4699 1326 4768 γίνεται
1370 4700 1465 4752 καὶ
1494 4698 1626 4768 ἡδὺς

1771 4693 2118 4747 tsuavitatetn
2137 4693 2241 4748 sibi
2263 4705 2544 4763 comparat
2569 4715 2582 4751 :
2603 4697 2704 4761 sic,
2724 4697 2823 4762 ait,
2847 4707 2902 4753 et
2917 4697 3078 4754 Moab
3097 4700 3308 4770 quievit

35 4793 185 4865 πρὸς
217 4792 405 4845 πότον⁹
435 4790 598 4856 οὕτω,
619 4790 777 4861 φησι,
806 4791 998 4860 γέγονε
1033 4788 1128 4844 καὶ⁴
1150 4789 1179 4840 ὀ
1204 4788 1399 4842 Μωά6’
1432 4788 1622 4861 ἀνείθη

33 4888 138 4943 ἐπὶ
167 4884 353 4955 πολλῷ
388 4884 468 4954 τῷ
494 4885 672 4958 χρόνῳ
704 4887 799 4938 καὶ
827 4883 940 4954 ἔχει
970 4882 1071 4953 τὴν
1103 4881 1310 4936 οἰκείαν
1341 4882 1624 4952 σύστασιν,

32 4983 136 5036 καὶ
168 4982 488 5051 περίφημος
517 4979 610 5032 ἐπὶ
643 4981 710 5050 τῇ
738 4977 1008 5048 εὐκοσμίᾳ
1038 4975 1353 5048 γεγένηται,
1384 4978 1501 5032 ἀλλ’
1537 4978 1628 5032 οὐ·

28 5085 159 5136 τιγε
205 5069 287 5131 είς
333 5066 489 5131 τέλος
539 5068 821 5139 διαμενεῖ,
853 5066 1009 5136 δίκην
1049 5065 1106 5119 δὲ
1143 5063 1310 5119 δώσει
1359 5067 1454 5121 τοῦ
1486 5068 1622 5122 Θεοῦ

31 5156 492 5225 ἀποφηναμένου.

107 5246 223 5300 Καὶ
261 5244 652 5310 ἐξαποστελῶ
683 5246 844 5312 αὐτῷ
874 5247 1220 5314 κλῖνον-τας,
1254 5249 1352 5303 καί
1380 5250 1620 5304 κλινοῦ-

29 5353 146 5391 σ.ν
170 5338 383 5392 αὐτόν.

118 5425 186 5480 '0
231 5425 507 5496 Ἐὄραῖος,
562 5427 824 5494 ’1ὧντας,
879 5427 1015 5499 ἔχει·
1047 5431 1114 5500 τῇ
1175 5429 1285 5500 γάρ
1337 5432 1620 5501 μεταφορᾷ

29 5519 324 5590 ὲ-πέμεινεο
343 5520 478 5591 δήλη
503 5522 559 5575 δὲ
589 5523 622 5590 ή
648 5521 846 5590 ἔννοια,
865 5523 958 5576 καὶ
983 5522 1092 5577 ἀπὸ
1120 5523 1221 5594 τῆς
1242 5522 1337 5577 τοῦ
1372 5523 1619 5592 Ἐλληνι-

30 5609 135 5665 κοῦ
164 5610 488 5682 ἑρμηνείας.

99 5787 151 5818 ²⁹
193 5787 299 5843 Isa.
340 5803 429 5850 xv,
475 5789 526 5844 ί.

1734 4785 1994 4842 immotus
2020 4787 2188 4842 multo
2220 4796 2484 4856 tempore,
2515 4790 2903 4859 prOpriamque
2943 4791 3304 4848 substantiam

1734 4879 1897 4933 habet
1923 4895 1935 4931 :
1965 4885 2020 4933 et
2046 4879 2275 4935 celebris
2295 4881 2366 4937 ob
2388 4881 2843 4951 pulchritudinem
2882 4884 3058 4942 factus
3083 4897 3187 4949 est,
3213 4888 3307 4942 sed

1736 4984 1844 5025 non
1866 4983 2085 5038 semper
2105 4971 2301 5027 similis
2319 4975 2443 5039 erit,
2469 4975 2600 5042 imo,
2622 4975 2733 5030 Deo
2762 4976 2844 5031 sic
2865 4985 3157 5044 statuente,
3189 4993 3319 5057 poe-.

1730 5077 1830 5118 nas
1859 5062 2027 5121 dabit.

1805 5245 1968 5301 Vens.
1991 5247 2076 5300 12.
2100 5245 2167 5300 Et
2191 5248 2394 5300 mittam
2418 5249 2467 5301 ei
2489 5259 2790 5316 sternentes,
2836 5259 2884 5302 et
2912 5261 3138 5306 uernent
3163 5269 3301 5309 eum.

1713 5491 1716 5500 ι
1802 5431 2063 5487 Hebraeus
2095 5434 2403 5488 caltam-ient
2437 5435 2630 5501 habet;
2664 5437 2905 5505 persistit
2928 5438 3073 5494 enim
3109 5438 3163 5495 in
3189 5455 3304 5496 nte-

1732 5527 1978 5594 taphora.
2014 5524 2212 5579 Verum
2253 5536 2308 5580 et
2337 5542 2403 5583 ex
2440 5527 2887 5598 interpretatione
2918 5529 3103 5588 Graeca
3132 5533 3304 5587 mani-

1726 5619 1869 5673 festa
1895 5629 1980 5674 est
2011 5631 2304 5677 sententta.
