3810 6426
165 367 311 425 1029

1288 375 1415 425 FHA
1428 379 1710 427 UMISNI'A
1752 381 1814 426 ΙΝ
1854 378 2197 430 JEKEMIAM
2208 413 2222 427 .

3300 379 3442 439 1030

261 491 444 562 Ίακὶμ
477 493 633 556 πόλις
676 490 745 566 ἦν
779 489 1010 562 μεγίστη
1041 487 1099 540 ἐν
1127 489 1194 559 τῇ
1228 487 1456 559 ’πεδιάδι
1503 488 1756 559 κειμένη,

1933 488 2094 545 lacim
2124 491 2318 547 civitas
2349 497 2466 547 erat
2496 493 2728 550 maxima
2774 495 2827 551 in
2865 496 3072 568 campis
3107 498 3230 564 sita,
3267 515 3434 570 quam

169 584 244 654 ἢν
273 583 608 657 ὁρμητήριον
638 584 782 639 κατὰ
809 583 917 637 τῶν
941 580 1217 650 πολεμίων
1246 580 1561 649 ἐκέκτηντο.
1598 581 1761 649 Λέγει

168 672 294 746 οὖν,
322 677 404 731 ὅτι
435 678 526 750 Μὴ
557 677 810 750 θαρσεῖτε
839 675 927 729 ἐπ’
956 674 1116 746 αὐτῇ.
1137 673 1600 745 Καταστρέφεται
1624 673 1755 746 γάρ.

248 864 564 933 Διέρῤευσε
598 862 671 917 τὰ
695 862 871 916 πεδία
894 877 1033 917 σου.

247 954 564 1018 Τουτέστιν,
595 955 708 1008 Οὐκ
741 955 879 1024 αὑτὴ
915 953 1076 1022 μόνον
1104 949 1376 1014 ἀπώλετο,
1409 950 1548 1004 ἀλλὰ
1579 951 1675 1005 καὶ
1703 953 1760 1005 αἱ

165 1044 360 1099 λοιπαὶ
389 1049 447 1100 ἐν
472 1049 595 1110 ταῖς
625 1047 842 1100 πεδιάσι
871 1045 1124 1116 κείμεναι
1157 1045 1275 1117 μετ’
1305 1045 1488 1100 αὐτῶν
1514 1045 1624 1100 τῶν
1665 1063 1763 1099 πε-

165 1138 326 1201 δίων,
355 1138 464 1193 τῶν
517 1138 797 1210 πολεμίων
847 1138 1028 1191 πάντα
1056 1137 1124 1190 τὰ
1171 1138 1557 1210 προσπεσόντα
1601 1138 1763 1209 δῃου-

172 1230 379 1300 μένων.

248 1324 267 1344 ‘
320 1321 442 1374 Ἐπὶ
473 1320 808 1389 κατάρασιν
854 1317 967 1388 τῆς
994 1316 1202 1388 Βοσὼρ
1229 1317 1299 1373 ἐν
1339 1318 1510 1388 μέσῳ
1531 1318 1754 1390 μέρους

169 1413 392 1481 αὐτῆς.

250 1505 360 1574 Τὴν
413 1504 656 1575 Βόστραν
699 1503 851 1570 λέγει
879 1519 894 1534 ’
931 1504 965 1573 ἡ
1023 1501 1133 1573 γὰρ
1173 1504 1270 1557 νῦν
1328 1503 1592 1573 Ἀραϐία.
1640 1503 1762 1558 τότε

181 1595 461 1666 Ἰδουμαία
506 1590 596 1665 ἦν.
647 1593 721 1646 Τὸ
765 1593 822 1646 δὲ
848 1632 862 1657 ,
905 1592 1009 1647 Ἐν
1051 1593 1222 1662 μέσῳ
1273 1593 1497 1663 μέρους
1530 1594 1760 1663 αὐτῆς,

169 1687 569 1757 συνημμένας
597 1685 731 1756 ἔχει,
763 1683 934 1738 διὰτὸ
970 1679 1108 1738 εἶναι
1144 1687 1314 1756 αὐτὴν
1353 1686 1712 1757 μητρόπολιν.

258 1781 403 1836 Ἰδοὺ
436 1781 517 1847 ὡς
544 1781 704 1834 λέων
750 1776 1118 1845 ἀναϐήσεται
1150 1781 1220 1834 ἐκ
1245 1780 1443 1848 μέσου
1472 1779 1580 1833 τοῦ
1627 1779 1763 1847 ἰορ-

1865 581 2234 650 possidebant,
2261 592 2317 638 ιιι
2341 583 2464 639 belli
2501 587 2852 644 munitionem
2881 605 3002 646 eam
3028 602 3224 648 contra
3253 594 3440 649 hostes

1865 674 2148 730 haberent.
2209 675 2350 731 Dicit
2383 676 2616 750 itaque:
2663 679 2742 737 Ne
2781 681 2959 740 ﬂdatis
2993 685 3045 739 in
3099 699 3191 751 ea,
3233 689 3436 742 etenim

1865 764 2130 820 destruitu
2139 781 2183 822 r.

1934 855 2280 925 Deﬂuxerunt
2309 860 2482 929 campi
2525 861 2628 915 tui.

1936 949 1991 1003 ld
2017 958 2124 1013 est,
2159 949 2273 1004 Non
2304 962 2510 1007 tantum
2537 953 2651 1021 ipsa
2688 954 2962 1010 destructa
2990 968 3095 1024 est,
3128 959 3223 1014 scd
3254 971 3308 1014 et
3338 976 3442 1014 ca:-

1866 1048 1997 1096 tera:
2033 1043 2228 1109 urbes,
2275 1060 2397 1114 qua:
2429 1053 2586 1100 erant
2627 1046 2678 1099 in
2733 1047 2937 1117 campis
2971 1064 3074 1105 una
3113 1064 3236 1106 cum
3270 1053 3440 1122 ipsis,

1865 1129 2110 1186 hostibus
2139 1132 2298 1188 obvia
2333 1135 2591 1190 universa
2627 1135 3030 1205 diripientibus.

1933 1322 1951 1341 ‘
1974 1317 2138 1376 Vsus.
2166 1320 2252 1376 l5.
2285 1320 2350 1375 In
2375 1319 2794 1378 maledictionem
2853 1323 3023 1380 Bosor
3049 1327 3102 1382 in
3121 1330 3291 1382 medio
3314 1347 3443 1398 par-

1866 1410 1933 1464 tis
1959 1408 2131 1465 illius.

1935 1501 2180 1557 Bostram
2209 1502 2327 1558 ait:
2361 1519 2480 1573 qua:
2510 1505 2654 1560 enim
2709 1523 2854 1562 nunc
2887 1509 3083 1564 Arabia
3107 1549 3124 1573 ,
3157 1520 3283 1566 tunc
3317 1511 3442 1564 ldu-

1865 1607 1999 1647 maaa
2023 1602 2160 1648 erat.
2192 1594 2327 1650 lllod
2359 1611 2506 1660 vero,
2533 1595 2603 1650 In
2630 1599 2806 1653 medio
2829 1602 2996 1669 partis
3023 1602 3190 1669 illius,
3221 1605 3444 1675 conjun.

1865 1693 1995 1748 etas,
2027 1685 2212 1750 habet,
2245 1701 2311 1743 eo
2343 1688 2488 1756 quod
2520 1699 2669 1746 esset
2701 1693 3041 1762 metropolis.
3362 1698 3364 1701 ’

1936 1778 2102 1834 Vsus.
2139 1779 2228 1834 19.
2273 1780 2410 1835 Ecce
2433 1783 2586 1852 quasi
2619 1783 2698 1837 leo
2731 1787 2975 1840 ascendet
3010 1786 3076 1840 de
3111 1791 3283 1844 medio
3315 1791 3443 1846 Jor-

169 1871 366 1926 δάνου
391 1875 477 1938 εὶς
496 1874 686 1928 τόπον
715 1871 920 1941 Ἐθὰμ,
941 1871 1032 1926 ὅτι
1068 1873 1220 1944 ταχὺ
1258 1872 1517 1938 ὲκδιώξω
1538 1874 1758 1941 αὐτοὺς

1887 1869 2018 1923 lanis
2051 1870 2106 1922 in
2127 1869 2296 1924 locum
2328 1871 2517 1926 Etham
2541 1912 2556 1936 ,
2594 1875 2721 1943 quia
2743 1875 2845 1928 cito
2874 1877 3130 1944 expellam
3160 1896 3244 1934 eos
3269 1881 3334 1935 ab
3357 1898 3440 1936 ea.

171 1962 280 2016 ἀπ’
311 1963 523 2030 αὐτῆς.

255 2054 330 2108 Τὸ
374 2057 549 2125 Ἐ’θὰμ
590 2055 797 2124 ὀφείλει
856 2057 1005 2129 ἔχειν
1040 2053 1183 2108 κατὰ
1214 2053 1276 2108 τὸ
1316 2053 1628 2125 Ἐϐραῖκόνο
1663 2070 1761 2125 ση-

177 2149 365 2221 μαίνει
409 2149 466 2201 δὲ
513 2149 578 2202 τὸ
615 2149 890 2216 ἰσχυρόν
948 2146 1200 2219 βούλεται
1242 2147 1299 2200 δέ
1348 2148 1564 2213 εἰπεῖν,
1609 2146 1692 2199 ὅτι
1731 2148 1760 2200 δ

176 2242 456 2314 βάρϐαρος
500 2240 751 2311 καθάπερ
782 2240 919 2293 λέων
949 2240 1174 2306 ἀναϐὰς,
1216 2237 1482 2310 πορθήσει
1523 2235 1625 2308 τὴν
1653 2236 1761 2308 χώ-

178 2351 318 2405 ραν·
358 2332 452 2386 τοῦ
508 2332 566 2384 δέ
623 2331 891 2404 Ἰορδάνου
941 2330 1373 2399 ἐμνημόνευσεν,
1419 2329 1498 2392 ὡς
1569 2329 1758 2382 αὐτόθι

180 2427 420 2498 μάλιστα
443 2423 648 2478 τούτων
670 2423 778 2477 τῶν
803 2425 1010 2496 θηρίων
1036 2421 1432 2494 δεικνυμένων,
1467 2420 1563 2475 καὶ
1591 2420 1761 2475 ὄντων

177 2518 450 2591 φοϐερῶν.

253 2611 274 2633 ⁹
311 2608 390 2678 Τῇ
421 2606 622 2676 Κηδὰρ
646 2607 994 2674 βασιλίσσῃ
1031 2603 1142 2674 τῆς
1173 2604 1372 2673 αὐλῆς
1405 2601 1486 2673 ἣν
1504 2603 1764 2669 ἐπάταξε

177 2700 722 2772 Ναϐουχοδονόσορ
746 2703 778 2754 d
804 2699 1106 2764 ,ϐασιλεὺς
1132 2697 1514 2764 Βαϐυλῶνος.

253 2793 415 2862 Λέγει
449 2789 591 2845 κατὰ
626 2790 735 2842 τῶν
767 2786 1126 2860 Σαρακηνῶν·
1157 2783 1332 2848 οὕτως
1360 2785 1472 2856 γὰρ
1501 2783 1616 2854 ἔχει
1641 2781 1762 2846 ἔθος

177 2888 215 2956 ὴ
245 2885 364 2938 θεία
394 2883 586 2955 Γραφὴ
617 2881 800 2936 καλεῖν
826 2881 888 2934 τὸ
917 2879 1070 2943 ἐθνος
1086 2879 1164 2949 τῷ
1182 2878 1277 2931 τοῦ
1299 2876 1492 2949 Κηδὰρ
1514 2875 1760 2945 ὀνόματι.

179 2977 259 3030 Τὸ
277 2975 332 3029 δὲ
357 2974 432 3045 τῇ
452 2976 803 3044 ,βασιλίσσῃ
823 2970 935 3039 τῆς
955 2969 1173 3040 αὐλῆς,
1195 2969 1368 3040 δνομὰ
1388 2971 1504 3022 ἐστι
1529 2968 1761 3033 πόλεως,

178 3068 214 3122 ὃ
259 3069 399 3123 κατά
431 3068 531 3138 μέν
568 3066 670 3136 τὴν
729 3063 1006 3136 Ἐϐραίαν·
1028 3059 1212 3132 φωνὴν
1246 3060 1494 3114 ἐκαλεῖτο
1525 3057 1764 3127 Μελχὲο
1815 3061 1820 3070 ’

196 3159 398 3226 Ἀσὼρ,
429 3159 567 3227 ὅπερ
599 3154 938 3225 ἑρμηνεύων,
970 3152 1222 3219 ἐποίησε
1250 3150 1658 3215 βασίλισσαν.
1689 3148 1763 3202 Τὸ

179 3253 242 3308 δὲ
271 3251 457 3320 Ἀσὼρ
478 3249 680 3318 αὐλὴν
720 3246 999 3319 σημαίνει⁹
1038 3245 1171 3308 ἴσως
1195 3239 1289 3298 οὖν
1316 3243 1412 3297 καὶ
1452 3241 1527 3305 ὡς
1565 3239 1767 3312 μητρό-

181 3347 339 3401 πολιν
367 3345 545 3408 οὖτως
588 3342 823 3396 ἐκάλουν
862 3340 963 3410 τὴν
999 3339 1178 3402 πόλιν,
1211 3337 1288 3401 ὡς
1317 3335 1385 3390 τὰ
1415 3334 1587 3388 πολλὰ
1616 3334 1768 3403 γίνε-

184 3441 312 3494 σθαι
334 3438 502 3510 φιλεῖ,
523 3435 730 3505 ταύτην
757 3433 949 3503 ἔλαχεν
972 3427 1107 3486 οὖσα
1135 3429 1232 3500 τὴν
1262 3427 1601 3498 ἐπωνυμίαν.
1633 3421 1768 3479 Εἶτα

183 3532 326 3603 μετά
349 3529 508 3584 τοῦτο
538 3525 875 3598 προφητεύει
917 3523 1059 3578 κατά
1091 3522 1191 3592 τῆς
1234 3521 1408 3575 Ἀῖλά.
1437 3519 1576 3594 duo)
1604 3519 1662 3573 δὲ
1692 3513 1768 3573 εἶ-

181 3639 272 3676 ναι
314 3619 626 3690 Ἐλαμίτας,
662 3618 787 3680 τοὺς
819 3613 914 3668 νῦν
946 3613 1320 3684 καλουμένους
1354 3611 1594 3684 Πέρσας.

782 3750 1051 3804 ΚΕΦΑΛ.
1082 3748 1163 3802 N'.

261 3903 282 3940 ι
329 3885 740 3957 Ἀναττείλατε
773 3884 841 3938 ἐν
893 3883 1021 3949 τοῖς
1042 3881 1270 3936 ἔθνεσι.

258 3978 468 4048 Ὠσπερ
499 3975 807 4047 παραδόξου
849 3974 1176 4046 πράγματος
1195 4013 1212 4039 ,
1243 3972 1338 4027 καὶ
1365 3970 1540 4036 οὕτως
1567 3970 1765 4026 ἐκϐάν-

181 4087 296 4134 τος,
337 4071 406 4124 τὰ
449 4069 712 4141 προοίμια
740 4067 880 4121 οὕτω
912 4069 1169 4121 ποιεῖται.
1204 4066 1279 4120 Τὸ
1308 4066 1419 4137 γὰρ
1441 4066 1636 4132 εἰπεῖν,
1665 4064 1764 4136 Μὴ

185 4164 482 4232 κρύψητε,
552 4163 628 4226 ὡς
675 4163 808 4234 παρ’
849 4160 1010 4227 ἀξίαν
1056 4160 1228 4231 αὐτῆς
1271 4158 1648 4230 παθούσης,-ἢ
1683 4159 1766 4213 ὅτι

184 4256 280 4309 καὶ
307 4255 482 4318 οὐδεὶς
514 4254 684 4324 αὐτῆς
723 4253 982 4324 ἀγνοήσει
1011 4253 1110 4316 τὰς
1159 4252 1474 4324 συμφορὰς,
1511 4251 1764 4324 καθάπερ

184 4348 276 4400 ἐπὶ
305 4346 400 4400 τοῦ
421 4343 623 4417 Φαραὼ
652 4343 957 4412 πεποίηκεν
985 4345 1014 4398 ὁ
1042 4344 1195 4411 Θεὸς,
1223 4345 1308 4398 ἴνα
1339 4344 1642 4414 ἐνδείξηται
1664 4345 1765 4416 τὴν

184 4438 352 4510 ὀργὴν
379 4436 578 4502 αὐτοῦ,
613 4437 706 4490 καὶ
745 4437 990 4510 γνωρίσῃ
1029 4436 1090 4489 τὸ
1128 4434 1354 4489 δυνατὴν
1393 4435 1591 4502 αὑτοῦ,
1620 4435 1765 4489 οὕτω

1935 2052 2094 2108 Juxta
2129 2063 2336 2110 textum
2368 2054 2718 2123 Hebraicum,
2751 2057 2945 2113 Etham
2993 2059 3274 2133 legendum
3322 2077 3440 2131 est,

1867 2147 2009 2215 quod
2042 2146 2309 2201 robustum
2351 2149 2646 2219 significat.
2688 2151 2751 2205 Et
2779 2168 2971 2208 sensus
3012 2163 3138 2209 est:
3167 2155 3442 2214 Barbarus

1867 2235 2020 2303 quasi
2045 2236 2128 2290 leo
2160 2237 2458 2292 ascendens
2490 2247 2686 2294 terram
2717 2243 2973 2296 vastabit.
2998 2241 3243 2299 Meminit
3277 2261 3440 2317 porro

1866 2326 2152 2396 Jordanis,
2194 2343 2318 2383 cum
2361 2328 2432 2384 ibi
2458 2330 2651 2386 bellua:
2684 2333 2766 2388 hae
2806 2335 3076 2405 praecipue
3099 2339 3444 2410 maximeque

1870 2418 2160 2475 horribiles
2192 2419 2499 2476 videantur.

1939 2604 1958 2624 θ
1996 2599 2156 2655 Vens.
2195 2600 2287 2657 28.
2325 2603 2439 2672 Ipsi
2477 2602 2649 2658 Cedar
2684 2604 2878 2674 regina:
2911 2605 3086 2673 aula,
3118 2623 3276 2679 quant
3322 2627 3442 2680 per-

1868 2694 2035 2748 cussit
2065 2693 2553 2749 Nabuchodonosor
2574 2711 2665 2750 rea:
2691 2695 3000 2766 Babylonis.

1935 2783 2137 2840 Contra
2183 2787 2491 2842 Saracenos
2535 2802 2841 2844 sermonem
2889 2791 3120 2858 dirigit:
3172 2792 3245 2846 ita
3294 2795 3438 2849 enim

1869 2877 2006 2932 solet
2038 2877 2221 2932 divina
2239 2877 2519 2947 Scriptura
2548 2879 2724 2934 Cedar
2745 2881 2965 2937 nomine
2987 2883 3263 2940 nationem
3293 2885 3438 2941 illam

1871 2968 2162 3038 appellare.
2195 2969 2395 3041 Regina
2416 2970 2590 3026 aulae:
2618 2987 2812 3027 nomen
2844 2981 2928 3028 est
2956 2974 3125 3042 urbis,
3159 2991 3280 3046 qua:
3311 2993 3441 3033 voce

1870 3058 2134 3115 Hebraica
2167 3061 2421 3116 Melcheth
2445 3062 2606 3130 Asor,
2633 3062 2950 3130 vocabatur,
2991 3068 3132 3136 quod
3170 3069 3440 3138 interpre-

1873 3160 2018 3207 tatur
2044 3153 2170 3223 fecit
2195 3155 2451 3225 reginam.
2486 3155 2624 3210 Asor
2654 3156 2834 3210 aulam
2869 3158 3171 3229 signiﬁcat;
3207 3160 3442 3218 fortasse

1870 3241 2036 3312 igitur
2069 3242 2232 3298 veluti
2268 3245 2612 3314 metropolim
2643 3245 2714 3299 ita
2740 3246 2930 3301 urbem
2959 3247 3350 3314 nominabant,
3382 3259 3440 3303 ut

1868 3337 2072 3406 saepius
2107 3339 2426 3408 contingere
2454 3338 2613 3394 solet.
2647 3337 2774 3394 Post
2801 3339 2916 3395 haec
2941 3349 3130 3395 contra
3158 3340 3278 3396 Aila
3303 3343 3442 3396 vati-

1866 3431 2083 3486 cinatur
2106 3447 2122 3494 ;
2147 3443 2398 3487 asserunt
2424 3447 2551 3488 vero
2583 3433 2682 3489 hos
2712 3447 2833 3489 esse
2867 3432 3152 3500 Elamitas,
3173 3434 3266 3505 qui
3297 3449 3439 3491 nunc

1866 3522 2048 3580 Persa:
2080 3534 2364 3580 vocantur.
2717 3541 2721 3546 ’

2525 3746 2680 3804 CAP.
2721 3747 2782 3804 L.

1937 3876 2102 3935 Vsus.
2137 3878 2192 3934 2.
2223 3879 2550 3934 Annuntiate
2572 3880 2630 3935 in
2656 3881 2894 3951 gentibus

1939 3969 2218 4040 Tanquam
2247 3970 2314 4024 de
2341 3985 2402 4024 re
2435 3969 2711 4039 inopinata
2739 3978 2793 4024 et
2824 3970 2938 4041 jam
2963 3981 3157 4028 eventu
3188 3975 3438 4043 probata,

1867 4060 1948 4117 sic
1996 4060 2312 4124 exorditur,
2358 4060 2494 4116 Nam
2538 4062 2680 4131 quod
2724 4062 2888 4129 dicit,
2941 4061 3024 4118 Ne
3079 4063 3440 4131 abscondatis,

1867 4154 2025 4224 quasi
2068 4153 2286 4223 indigna
2318 4169 2480 4224 passa
2521 4155 2614 4211 sit.
2663 4154 2759 4210 Vel
2792 4156 2935 4221 quod
2968 4170 3130 4212 nemo
3167 4157 3442 4226 ignorabit

1866 4247 1984 4316 ejus
2006 4247 2361 4312 calamitates,
2396 4248 2538 4303 sicut
2558 4247 2829 4304 Pharaoni
2863 4249 3002 4304 Deus
3024 4249 3172 4314 fecit,
3205 4260 3262 4304 ut
3283 4265 3439 4305 suam

1866 4339 2177 4394 ostenderet
2205 4338 2342 4392 iram
2364 4349 2419 4394 et
2441 4339 2740 4409 potentiam
2765 4355 2916 4396 suam
2939 4352 3122 4396 notam
3150 4341 3353 4400 laceret
3370 4345 3439 4410 ³¹,

1868 4431 1947 4485 sic
1991 4439 2046 4485 et
2083 4430 2292 4486 civitati
2335 4429 2500 4498 hujus
2533 4431 2850 4500 Babylonis.
2891 4430 3054 4488 Vides
3104 4442 3161 4488 ut
3197 4437 3440 4505 generali

186 4533 281 4586 καί
304 4535 402 4603 τῆς
428 4531 637 4592 πόλεως
666 4529 871 4599 ταύτης
898 4529 999 4597 τῆς
1023 4526 1366 4590 Βαϐυλῶνος.
1405 4527 1568 4599 Ὁρᾷς
1600 4527 1758 4582 αὐτὸν

1887 4532 2054 4578 tlatur
2095 4523 2335 4594 nequitia
2384 4525 2436 4578 in
2481 4524 2817 4593 reliquorum
2862 4525 3150 4583 utilitatem
3197 4532 3267 4585 ob
3322 4532 3441 4585 exi-

183 4624 500 4695 όλοκλήροις
530 4625 650 4687 ταῖς
678 4622 972 4694 πονηρίαις
1001 4621 1080 4683 είς
1111 4619 1210 4691 τὴν
1239 4619 1631 4689 ὼφέλειαντῶν
1658 4619 1770 4674 λοι-

182 4717 302 4770 πῶν
333 4716 725 4787 ἀποχρώμενον
755 4714 845 4768 διὰ
864 4716 964 4786 τὴν
992 4713 1199 4768 οίκείαν
1232 4711 1594 4785 εὐμηχανίαν.

254 4812 659 4880 Κατῃσχύνθη
689 4807 908 4877 Βῆλος.

253 4903 540 4956 Δείκνυσιν
559 4903 642 4956 ὃτι
667 4901 767 4954 οὐκ
785 4899 1133 4971 ἀνθρωπίνης
1160 4899 1482 4964 ἀκολουθίας
1504 4900 1568 4954 τὸ
1590 4901 1770 4970 πρᾶγ-

1871 4617 2034 4670 miam
2065 4629 2155 4671 res
2176 4615 2592 4670 administrandi
2619 4617 2891 4684 peritiam.

1939 4798 2203 4863 Confusus
2234 4809 2312 4856 est
2347 4800 2534 4856 Belus.

1935 4891 2189 4950 Ostendit
2245 4907 2360 4949 rem
2421 4909 2530 4948 non
2581 4893 2816 4948 humano
2863 4907 3018 4947 more
3069 4893 3439 4957 successisse;

187 5011 265 5065 μα
291 4989 384 5066 ἦν.
447 4990 559 5046 Ἦν
585 4993 697 5064 γὰρ
725 4992 916 5047 πασῶν
949 4992 1308 5063 ἰσχυροτέρα,
1342 4993 1440 5047 καὶ
1469 4994 1527 5046 ἐν
1559 4993 1758 5064 εὐπρα·

1887 4991 2111 5044 ιιηιιίοιιι
2149 4989 2295 5045 enim
2338 4988 2631 5044 fortissima
2681 4997 2800 5042 erat
2838 4996 2892 5042 et
2935 4985 3170 5042 feliciter
3214 4987 3440 5057 degens.

180 5087 278 5158 γίᾳ
305 5088 591 5156 διάγουσα.
628 5087 704 5142 Οὐ
747 5087 806 5139 τὸ
839 5087 1111 5156 τρυφερὸν
1138 5083 1458 5156 ἐδυσώπησε
1486 5086 1577 5140 τὸν
1609 5087 1762 5155 Θεὸν,

183 5180 283 5233 οὐκ
304 5179 432 5233 ἄλλο
463 5180 637 5234 οὐδέν.
669 5178 782 5231 Καὶ
813 5178 989 5243 καλῶς
1027 5176 1380 5252 κατῃσχύνθη
1413 5178 1565 5251 παρὰ
1595 5195 1765 5252 προσ-

180 5270 366 5326 δοκίαν
391 5272 498 5325 ὑπὸ
523 5271 783 5337 ἀναξίων.
1021 5340 1031 5352 .

251 5362 558 5431 (laps-66611
591 5362 929 5432 Μαιρωδὰχ.

248 5455 311 5508 οε
343 5454 604 5519 ἐλάττους
638 5455 842 5520 αὐτῶν,
883 5455 977 5509 καὶ
1016 5454 1098 5517 είς
1123 5452 1280 5518 τέλος
1317 5457 1515 5520 αὐτοὺς
1551 5457 1762 5510 ἀναλώ-

182 5562 388 5602 σουσιν.

261 5638 360 5692 Ἐν
385 5638 516 5706 ταῖς
539 5638 808 5708 ἡμέραις.

251 5805 296 5840 ⁸⁸
339 5807 498 5866 Rom.
531 5823 605 5874 ιχ,
634 5809 722 5863 17.

538 5905 814 5966 Parum.
855 5905 970 5966 (in.
1017 5905 1238 5969 LXIV.

1867 5082 1982 5139 Non
2013 5083 2132 5153 ejus
2175 5083 2380 5138 delicia:
2420 5082 2588 5137 Deum
2622 5079 2890 5136 ﬂexerunt
2912 5119 2928 5146 ,
2960 5095 3066 5134 non
3109 5079 3252 5133 aliud
3284 5079 3438 5148 quid-

1867 5175 2033 5244 piam.
2065 5174 2134 5229 Et
2183 5176 2320 5231 bene
2349 5173 2610 5230 confusus
2639 5181 2724 5228 est
2757 5181 2952 5243 praeter
2978 5171 3439 5244 exspectationem

1871 5269 1940 5323 ab
1963 5268 2218 5339 indignis.

1945 5359 2162 5414 Tradita
2187 5368 2266 5415 est
2293 5359 2596 5414 Merodaclt.

1936 5448 2226 5504 Interiores
2265 5450 2415 5520 ipsis,
2443 5459 2499 5505 et
2525 5449 2739 5520 penitus
2770 5449 2888 5505 illos
2915 5447 3192 5504 delebant.

1933 5636 2092 5693 Vens.
2135 5638 2188 5692 4.
2228 5635 2295 5691 1η
2325 5637 2504 5692 diebus
2536 5638 2658 5693 illis.

3044 5904 3123 5965 33
