3854 6410
402 329 532 388 1031

475 451 774 521 Considera
809 461 906 502 eos
947 461 1053 501 non
1090 447 1397 516 fugientes,
1435 445 1529 499 sed
1574 445 1767 498 ordine
1797 444 1986 495 ιιιιὼιι-
2017 452 2057 506 Α

399 547 625 602 iantes:
680 556 779 596 cur
824 554 953 594 vero
996 537 1231 593 ﬂentes?
1286 548 1534 607 tempore
1588 535 1981 590 beneticiorum

402 637 672 707 praecipue
706 643 1053 702 peccatorum
1084 643 1306 683 sensum
1355 628 1578 691 habent,
1618 626 1762 695 quod
1792 626 1843 679 iu
1872 637 1980 679 tam

404 737 743 783 mansuetum
772 725 1181 790 humanumque
1209 719 1374 773 Deum
1397 716 1779 774 contumeliosi
1805 716 1978 781 fuere,

402 819 616 888 quieos
647 816 870 871 omnino
896 813 1075 884 perire
1115 828 1222 869 non
1260 811 1484 883 patitur,
1532 812 1624 882 qui
1677 809 1983 866 ulciscendo

401 911 587 966 hostes
616 907 833 962 reduxit
862 906 1028 977 ipsos.

474 997 669 1054 Foedus
701 998 841 1052 enim
867 1006 1141 1052 cateruam.

464 1087 759 1144 Considera
787 1101 973 1142 rursus
1002 1098 1060 1140 ut
1078 1100 1266 1141 eorum
1291 1085 1661 1151 arrogantiam
1682 1085 1978 1154 reprimat.

399 1197 470 1238 ne
497 1182 644 1236 enim
675 1184 788 1237 suis
818 1181 1033 1237 meritis
1081 1179 1381 1247 ascribant,‘
1420 1178 1562 1247 quod
1593 1179 1825 1248 regressi
1848 1176 1979 1242 sint,

399 1290 467 1331 ex
501 1279 670 1330 veteri
701 1273 804 1330 hoc
831 1276 907 1329 ait
941 1290 1063 1330 esse
1097 1273 1321 1329 findere.

473 1459 639 1516 Vens.
667 1457 721 1515 ϐ.
758 1457 887 1514 Oves
910 1457 1127 1526 perdita:
1150 1456 1321 1527 factus
1351 1467 1427 1512 es:
1454 1457 1677 1527 populus
1708 1473 1873 1513 meus.

471 1549 608 1607 Nam
643 1566 711 1606 ne
761 1551 886 1620 quis
918 1551 1160 1616 diceret,
1190 1549 1302 1604 Cur
1342 1549 1646 1619 perdidisti,
1678 1558 1734 1603 et
1761 1549 1942 1603 salvas
1963 1584 1979 1609 .

401 1653 620 1714 propter
645 1658 801 1699 suam
833 1642 1116 1711 segnitiem
1159 1642 1439 1710 perierunt
1480 1641 1605 1713 ipsi,
1638 1650 1695 1697 et
1718 1642 1809 1711 qui
1839 1657 1981 1712 pra:-

398 1747 576 1793 erant.
621 1734 789 1806 Igitur
834 1734 958 1791 illos
996 1734 1129 1790 dare
1163 1748 1353 1806 pinnas
1401 1734 1726 1807 oportebat,
1778 1734 1873 1791 sed
1926 1742 1983 1787 et

399 1827 558 1893 istos,
588 1842 657 1883 ne
683 1827 791 1881 illis
830 1835 1110 1898 parerent.

472 1923 638 1979 Οἰνιὶιὶ
659 1931 784 1978 sunt
809 1922 997 1977 rabilis
1029 1923 1136 1979 sui.

469 2015 668 2072 Patria:
694 2016 894 2074 oblitos
915 2030 1062 2085 esse,
1092 2030 1281 2074 eorum
1308 2015 1592 2074 delictum.

472 2201 638 2259 Vens.
676 2202 733 2260 7.
779 2199 977 2257 Omnes
1020 2203 1111 2271 qui
1155 2202 1467 2257 inuenerunt
1504 2217 1592 2256 eos
1641 2198 1982 2254 absumebant

398 2311 510 2350 σοι.

470 2387 608 2443 Vide
632 2399 690 2442 ιιι
718 2387 989 2458 benignus
1040 2385 1158 2456 ipse
1192 2385 1287 2449 sit,
1322 2384 1514 2442 solitus
1539 2383 1609 2440 ab
1645 2385 1799 2440 initio
1822 2384 1984 2441 bette-

399 2481 519 2536 llcia
549 2480 602 2535 in
629 2480 747 2536 illos
772 2478 1057 2545 conferre;
1091 2479 1165 2533 illi
1199 2479 1623 2549 contra,iniqui.

481 2570 598 2627 Hoc
631 2581 738 2635 est,
772 2585 840 2626 ne
874 2570 948 2626 sit
1005 2570 1158 2625 vobis
1205 2579 1360 2641 grata
1416 2569 1677 2625 habitatio
1717 2567 1980 2640 Babylon,

397 2663 652 2731 quoniam
683 2660 754 2717 ibi
785 2668 1188 2727 remanserunt,
1221 2658 1302 2715 vel
1334 2659 1380 2714 si
1414 2674 1517 2714 non
1547 2660 1651 2715 hoc
1671 2697 1688 2725 ,
1724 2667 1979 2727 tanquam

397 2756 683 2817 dracones,
714 2753 768 2807 id
801 2762 906 2821 est,
942 2751 1230 2808 horribiles
1261 2762 1316 2807 et
1350 2751 1558 2806 infesti.

466 2845 628 2902 Vatts.
676 2844 763 2900 l2.
801 2846 870 2900 In
904 2844 1072 2910 bona,
1107 2843 1416 2898 novissima.

463 2937 725 2994 Ultimatl
765 2946 928 2992 vocat
960 2938 1170 2991 ratione
1194 2936 1298 2991 loci
1322 2973 1340 3000 ,
1373 2935 1514 3004 quod
1536 2948 1726 2990 omnes
1761 2932 1982 2988 device-

397 3028 472 3086 rit
512 3030 804 3085 destructis
852 3043 968 3085 eos.
1007 3027 1103 3084 Vel
1152 3030 1278 3097 quia
1330 3028 1441 3083 Deo
1499 3028 1781 3099 peccavit,
1820 3028 1981 3097 idque

1128 320 1700 382 SUPPLEMENTUM
1738 321 1830 377 AD
1870 319 1928 375 S.
1968 318 2021 375 ι.
2061 315 2545 374 CIIBVSOSTOMI
2591 316 2839 375 OPEllA.

3525 325 3550 376 1
3560 325 3664 381 059.

3525 445 3671 550 ιῖμέ-
3814 332 3821 597 1

3525 552 3672 597 ausp-

2162 440 2306 511 Ὅρα
2342 439 2540 502 αὐτοὺς
2580 440 2704 509 οὐχὶ
2747 439 3087 508 φεύγοντας,
3135 438 3272 493 ἀλλᾶ
3302 445 3671 512 συντεταγμέ-

2083 548 2228 595 νους·
2257 531 2404 592 τίνος
2432 529 2617 584 ἕνεκεν
2648 529 2928 595 κλαίοντες
2951 548 2965 596 ;
2998 534 3056 584 ὲν
3084 532 3164 601 τῷ
3188 531 3370 603 καιρῷ
3390 534 3499 586 τῶν
3515 536 3672 608 εὐερ-

2082 624 2285 693 γεσιῶν
2314 623 2553 694 μάλιστα
2579 623 2688 676 τῶν
2729 624 3152 694 ἁμαρτημάτων
3181 624 3558 690 αἰσθάνονται,
3594 628 3673 682 ὅτι

2083 717 2165 781 εἰς
2206 716 2380 780 οὕτως
2408 719 2619 787 ἥμερον
2651 718 2747 770 καὶ
2776 716 3162 786 φιλάνθρωπον
3190 716 3325 770 Θεὸν
3351 718 3674 789 ἐξύϐρισαν,

2082 807 2175 862 τὸν
2201 809 2303 861 οὐκ
2342 809 2674 879 ἀνεχόμενον
2706 810 2787 873 εἰς
2820 810 2972 872 τέλος
3002 809 3204 873 αὐτοὺς
3233 810 3560 878 ἀπολέσθαι,
3586 814 3677 866 τὸν

2085 903 2144 956 ἐν
2176 904 2243 974 τῇ
2274 902 2381 954 τῶν
2411 903 2625 974 ἐχθρῶν
2652 904 2868 974 ἐκδικίᾳ
2902 903 3101 967 αὐτοὺς
3130 905 3508 973 ἀναγαγόντα.

2158 993 2433 1063 Διαθήκη
2460 995 2570 1065 γὰρ
2600 994 2859 1061 αἰώνιος.

2159 1087 2306 1159 Ὅρα
2336 1088 2500 1143 πάλιν
2529 1088 2711 1141 αὐτῶν
2733 1086 2809 1150 ὡς
2838 1088 3195 1142 καταστέλλει
3220 1088 3290 1142 τὰ
3320 1091 3675 1160 φρονήματα·

2085 1179 2173 1234 ἵνα
2197 1180 2309 1253 γὰρ
2337 1179 2436 1252 τὴν
2466 1181 2726 1235 ἐπάνοδον
2753 1184 2831 1250 μὴ
2869 1183 2984 1244 τοῖς
3020 1181 3248 1244 οἰκείοις
3280 1182 3678 1254 κατορθώμασι

2083 1269 2433 1339 λογίσωνται,
2470 1272 2636 1341 φησὶν
2665 1273 2731 1324 ὲκ
2779 1270 3018 1336 παλαιᾶς
3063 1273 3341 1344 συνθήκης
3382 1273 3548 1327 τοῦτο
3585 1291 3679 1343 γε-

2083 1364 2322 1434 γονέναι.
3618 1346 3627 1351 “

2146 1458 2434 1529 ⁸Πρόϐιιιά
2476 1456 2839 1512 ἀπολωλότα
2873 1457 3127 1527 ἐγενήθη
3160 1460 3193 1512 δ
3221 1460 3377 1522 λαός
3398 1476 3549 1528 μου.

2160 1550 2280 1604 Ἵνα
2312 1549 2421 1621 γὰρ
2450 1550 2527 1622 μὴ
2557 1548 2687 1624 λέγῃ
2715 1567 2822 1613 τις,
2849 1551 3003 1613 Τίνος
3032 1550 3222 1603 ἕνεκεν
3256 1549 3555 1614 ἀπώλεσας
3581 1549 3675 1603 καὶ

2086 1640 2319 1706 σώζειςς
2351 1641 2442 1695 διὰ
2469 1643 2568 1710 τὴν
2610 1642 2822 1695 οἰκείαν
2867 1641 3145 1714 ρᾳθυμίαν
3198 1643 3486 1695 ἀπώλοντο
3524 1643 3674 1695 αὐτοὶ

2084 1733 2180 1788 καὶ
2202 1736 2252 1787 οἱ
2281 1734 2609 1804 προστάται.
2637 1732 2751 1787 Οὐκ
2776 1733 2869 1788 οὖν
2887 1735 3132 1797 ἐκείνους
3156 1732 3263 1787 ἔδει
3283 1733 3474 1789 δοῦναι
3495 1733 3672 1805 δίκην,

2016 1800 2057 1855 Β
2086 1825 2222 1879 ἀλλὰ
2249 1800 2347 1878 καί
2370 1827 2593 1890 τούτους
2611 1865 2628 1889 ,
2661 1824 2804 1879 ὥστε
2831 1827 2925 1879 καὶ
2953 1824 3257 1879 πείθεσθαι.

2169 1916 2561 1971 Ἐπελὰθοντο
2582 1918 2788 1985 κοίτης
2814 1915 3036 1973 αὐτῶν.

2156 2002 2331 2058 Τοῦτο
2378 2004 2562 2061 αὐτῶν
2597 2007 2886 2076 ἔγκλημα,
2922 2006 2984 2061 τὸ
3019 2006 3120 2079 τῆς
3162 2009 3425 2080 πατρίδος
3480 2008 3674 2062 ἐπιλα-

2086 2092 2300 2150 θέσθαι.

2155 2188 2391 2258 Πάντες
2415 2191 2472 2245 οί
2502 2191 2897 2260 εὑρίσκοντες
2922 2191 3165 2260 αὐτούς.

2185 2373 2302 2446 Ορα
2340 2373 2459 2438 πῶς
2483 2374 2646 2440 αὐτὸς
2676 2374 3060 2447 φιλάνθρωπος
3089 2376 3297 2433 ἀνωθεν
3323 2379 3539 2445 εἰωθὼς
3571 2381 3672 2434 ai:-

2082 2464 2211 2527 τοὺς
2239 2465 2574 2537 εὐεργετεῖν,
2614 2468 2666 2522 οἰ
2692 2468 2751 2521 δὲ
2783 2468 2981 2524 ἀδικοι.

2154 2557 2435 2626 Τουτέστι,
2469 2560 2544 2630 μὴ
2563 2561 2995 2642 ἐμφιλοχωρείτε
3044 2567 3111 2637 τῇ
3136 2564 3441 2635 Βαϐυλῶνι,
3475 2570 3670 2642 ἐπειδὴ

2083 2649 2448 2721 ἑναπὲμειναν
2469 2652 2685 2706 ὺιεὶἮ
2709 2656 2759 2707 εἰ
2777 2654 2854 2727 μὴ
2873 2656 3053 2723 τοῦτο,
3083 2656 3159 2722 ὡς
3182 2658 3503 2730 δράκοντες,
3523 2680 3672 2717 τουτ-

2083 2741 2203 2795 έστι
2233 2743 2456 2815 φοϐεροὶ
2485 2745 2584 2798 καὶ
2609 2745 2890 2816 ἐπαχθεῖς.

2168 2833 2293 2888 Ἐπ’
2321 2835 2533 2905 ἀγαθὰ,
2562 2836 2813 2907 ἐσχάτη.

2167 2930 2301 2984 Ἀπὸ
2326 2930 2422 2985 τοῦ
2462 2935 2629 2986 τόπου
2666 2935 2831 3006 φησὶν
2869 2935 3127 3009 ἐσχάτην,
3159 2940 3241 2993 ὃτι
3275 2940 3419 2996 κατά
3445 2943 3667 2997 πάντων

2083 3022 2392 3093 ἐκράτησεν
2415 3025 2715 3096 ἀναιροῦσα
2735 3028 2956 3091 αὐτούς.
2976 3031 3046 3083 Ἦ
3074 3032 3157 3085 ὅτι
3179 3031 3256 3103 τῷ
3276 3032 3398 3104 Θεῷ
3418 3035 3663 3107 ἥμαρτε·

397 3121 668 3192 praecipue
705 3119 924 3190 quidem
961 3134 1027 3174 ex
1064 3119 1450 3188 praedictione,
1502 3119 1698 3173 deinde
1743 3131 1872 3172 vero
1911 3132 1973 3171 es

2103 3111 2323 3166 ιάλιστα
2355 3114 2456 3185 μὲν
2481 3116 2577 3170 καὶ
2611 3116 2676 3169 ἐκ
2701 3116 2804 3186 τῆς
2846 3120 3241 3190 προρρήσεως,
3275 3122 3469 3177 ἔπειτα
3508 3125 3569 3180 δὲ
3602 3129 3666 3180 ὲκ

400 3212 576 3268 reditu
607 3210 835 3267 Iudaico
865 3212 1214 3267 manifestum
1246 3218 1354 3267 est.
1392 3210 1493 3276 Qui
1530 3209 1673 3265 enim
1710 3208 1979 3278 persuasit

395 3306 479 3359 eis
511 3304 602 3373 qui
631 3304 905 3359 civitatem
934 3312 1215 3370 ceperant,
1247 3312 1308 3356 ut
1336 3303 1434 3358 hos
1463 3301 1800 3356 dimitterent
1829 3309 1981 3355 tants

396 3412 521 3451 cum
568 3398 776 3452 honore
798 3435 814 3462 ,
859 3395 907 3450 is
937 3396 1125 3466 utique
1151 3404 1207 3450 et
1237 3395 1521 3450 victoriam
1569 3402 1827 3465 operatus
1857 3403 1939 3448 est
1962 3432 1977 3457 ,

398 3490 599 3560 passim
630 3488 861 3542 allirmut
896 3489 1038 3542 illam
1075 3502 1106 3541 a
1140 3486 1250 3543 Deo
1284 3489 1447 3542 tradi.

471 3580 630 3638 Vens.
668 3583 750 3636 l6.
788 3582 828 3634 Α
868 3581 1006 3650 [acie
1034 3581 1202 3652 gladii
1227 3579 1428 3635 61-αεί.

466 3672 680 3728 Etenim
728 3674 772 3728 si
819 3689 1010 3728 errans
1059 3689 1165 3727 non
1214 3670 1431 3736 fuisset,
1477 3681 1633 3738 capta
1668 3685 1777 3725 non
1811 3682 1976 3732 esset,

396 3766 598 3836 quippe
639 3776 845 3820 natura:
876 3764 1304 3819 imbecillitatem
1360 3766 1437 3819 vis
1468 3763 1705 3834 pastoris
1743 3761 1978 3817 circum-

395 3859 652 3912 vallabat.
685 3855 814 3913 Ovis
854 3866 1012 3920 erat,
1044 3857 1137 3911 sed
1180 3856 1282 3911 sub
1317 3867 1537 3926 pastore
1580 3855 1727 3922 Deo;
1763 3856 1808 3911 si
1854 3855 1977 3909 ovis

396 3951 790 4023 permansisset
810 3948 1025 4003 subdita
1070 3958 1118 4002 et
1161 3946 1422 4002 obediens
1443 3986 1459 4012 ,
1504 3961 1610 4000 non
1642 3960 1802 4016 passa
1834 3954 1978 3999 esset

394 4060 517 4114 qum
539 4058 693 4113 passa
726 4051 812 4098 est
831 4081 847 4106 .
873 4057 977 4097 non
1005 4041 1152 4097 enim
1185 4050 1407 4110 propter
1438 4037 1812 4106 impotentiam
1833 4077 1849 4103 ,
1883 4037 1975 4091 sed

392 4134 540 4206 quod
574 4149 635 4189 se
664 4149 695 4188 e
734 4134 977 4190 Pastoris
1015 4132 1357 4204 providentia
1399 4130 1681 4193 subduxit,
1717 4128 1979 4184 sustinuit

395 4241 516 4298 quae
553 4226 833 4283 sustinuit.

470 4318 631 4399 Vens.
663 4320 752 4377 l7.
795 4319 989 4374 Leonas
1025 4316 1342 4386 expulerunt
1369 4332 1514 4371 eum.

468 4410 605 4470 Vide
635 4421 695 4468 ut
725 4411 924 4483 passim
958 4411 1255 4482 exprobret
1287 4422 1483 4481 ptenae.

463 4595 629 4651 Vens.
672 4594 760 4651 18.
804 4594 1090 4664 PrOpterea
1130 4596 1238 4650 haec
1266 4594 1414 4648 dicit.

466 4688 578 4743 Non
627 4678 863 4743 liabebas
900 4699 1083 4755 aptum
1117 4684 1462 4754 exemplum?
1511 4682 1627 4738 Non
1674 4683 1972 4740 audiebas?

392 4781 839 4847 Compreltendam
892 4779 1067 4834 orbem
1121 4787 1386 4832 terrarum
1455 4778 1609 4845 quasi
1661 4778 1872 4842 nidum,
1920 4785 1972 4832 et

384 4874 544 4938 quasi
573 4872 822 4926 derelicta
866 4886 963 4924 ova
1027 4885 1336 4924 consumant
1382 4868 1448 4921 ³¹.
1485 4866 1597 4922 Hoc
1631 4865 1834 4922 factum
1863 4879 1964 4933 est,

383 4977 446 5017 et
495 4964 654 5015 linem
695 4961 905 5015 habuit.
961 4959 1152 5015 Vidisti
1193 4959 1338 5028 quod
1385 4973 1488 5028 ego
1537 4958 1687 5013 illum
1736 4960 1966 5027 tradidi,

390 5054 561 5109 nuilto
591 5051 762 5121 magis
790 5053 855 5105 de
884 5051 1056 5121 teipso
1085 5062 1265 5107 certus
1294 5050 1396 5107 sis.

459 5145 626 5201 Vens.
656 5144 743 5199 ΩΟ.
783 5144 1053 5211 Quietem.

459 5238 576 5293 Non
627 5238 762 5292 dixit
804 5252 818 5290 :
852 5237 986 5305 Quia
1022 5239 1110 5294 ille
1144 5242 1196 5295 iu
1233 5241 1514 5297 meliorem
1546 5240 1754 5314 frugem
1783 5258 1844 5298 se
1874 5258 1964 5299 re-

390 5329 639 5392 vocavit;
672 5326 765 5381 sed
793 5345 806 5381 :
835 5329 1098 5395 Quoniam
1125 5345 1225 5399 ego
1250 5333 1388 5386 iram
1423 5332 1617 5401 abieci.
1649 5332 1761 5388 Nec
1787 5333 1966 5387 dixit:

390 5419 505 5474 Erit
531 5417 746 5489 quidem
776 5420 877 5483 ira,
908 5426 1021 5487 sed,
1054 5422 1167 5479 Non
1194 5424 1513 5486 ulciscetur,
1545 5425 1641 5481 sed
1670 5425 1830 5495 plane
1862 5440 1966 5479 non

384 5512 693 5584 apparebit.
749 5511 972 5569 Peccata
1005 5531 1133 5587 ergo
1164 5534 1283 5574 eam
1319 5520 1681 5587 tradiderunt,
1709 5532 1815 5574 non
1857 5518 1964 5572 im-

386 5603 657 5674 potentia.

464 5780 513 5816 ⁸⁸
543 5781 649 5842 lsa.
682 5789 855 5851 1,”.

2084 3205 2183 3275 τῆς
2209 3206 2400 3261 ἀνόδου
2421 3209 2521 3276 τῆς
2562 3209 2863 3280 Ἰουδαϊκῆς
2890 3212 3055 3266 τοῦτο
3084 3213 3263 3284 δῆλον.
3311 3217 3370 3271 '0
3395 3218 3507 3289 γὰρ
3535 3221 3663 3283 τοὺς

2080 3294 2345 3362 λαϐόντας
2369 3297 2469 3369 τὴν
2502 3300 2657 3353 πόλιν
2687 3300 2992 3367 ἀναπείσας
3014 3305 3242 3371 τούτους
3272 3308 3498 3377 ἀφεῖναι
3526 3311 3666 3381 μετά

2080 3387 2352 3461 τοσαύτης
2402 3390 2610 3461 τιμῆς,
2649 3385 2803 3457 οὗτος
2851 3395 2946 3448 καὶ
2994 3396 3092 3467 τὴν
3135 3398 3294 3469 νίκην
3343 3402 3664 3471 εἰργάσατο,

2081 3482 2360 3553 πανταχοῦ
2394 3500 2581 3555 φησιν,
2613 3486 2696 3540 ὅτι
2733 3487 2762 3539 ὁ
2791 3486 2925 3552 Θεὸς
2959 3489 3129 3560 αὐτὴν
3158 3492 3523 3564 παραδίδωσι.

2162 3564 2298 3632 Ἀπὸ
2317 3577 2642 3648 προσώπου
2660 3583 2959 3652 μαχαίρας
2992 3583 3377 3655 Ἑλληνικῆς.

2150 3668 2215 3724 Εἰ
2254 3672 2330 3743 μὴ
2356 3672 2478 3743 ,γάρ
2511 3673 2928 3744 πεπλανημένον
2961 3675 3049 3750 ἦν,
3079 3680 3178 3750 οὐχ
3209 3680 3385 3733 ὲάλω’
3419 3679 3524 3752 τὴν
3556 3681 3663 3752 γὰρ

2080 3762 2188 3816 ἀπὸ
2213 3765 2313 3834 τῆς
2345 3763 2562 3833 φύσεως
2602 3766 2888 3819 ἀσθένειαν
2918 3769 3182 3839 ἐτείχιζεν
3213 3772 3244 3840 ἡ
3272 3770 3367 3824 τοῦ
3400 3773 3660 3841 ποιμένος

2082 3854 2256 3926 ἰσχύς.
2294 3857 2573 3928 Πρόϐατον
2603 3853 2692 3930 ἦν,
2725 3860 2838 3913 ἀλλ’
2868 3861 2976 3914 ὑπὸ
3007 3862 3222 3933 ποιμένι
3255 3862 3416 3934 Θεῷε·
3447 3867 3498 3918 εἰ
3529 3867 3659 3937 πρό-

2082 3948 2245 4001 ϐατον
2273 3948 2457 4019 ἔμεινε
2490 3952 2585 4004 καὶ
2617 3952 2955 4017 καταπειθὲς
2974 3994 2990 4018 ,
3018 3956 3114 4008 καὶ
3153 3955 3415 4025 ὑπήκοον,
3462 3959 3565 4011 οὐκ
3593 3960 3655 4013 ἂν

2078 4039 2282 4094 ἔπαθεν
2311 4042 2458 4111 ἀπερ
2487 4042 2709 4097 ἔπαθεν·
2748 4046 2869 4098 οὐδὲ
2897 4046 3008 4116 γὰρ
3033 4045 3093 4110 ἐξ
3124 4045 3428 4111 ἀσθενείας,
3454 4050 3571 4103 ἀλλ’
3593 4053 3654 4103 ὲκ

2079 4130 2178 4184 τοῦ
2231 4132 2332 4202 τῆς
2388 4136 2755 4207 ποιμαντικῆς
2798 4137 3183 4210 ἀπορραγῆναι
3230 4141 3521 4211 προνοίας,
3556 4142 3646 4197 ύπα

2077 4226 2294 4297 έμεινεν
2324 4224 2467 4296 ἅπερ
2494 4227 2810 4297 ὑπέμεινεν.

2028 4388 2037 4401 1
2147 4316 2406 4383 Λέοντος
2445 4317 2686 4383 ἐξωσαν
2710 4323 2917 4376 αὐτόν.

2153 4409 2328 4482 Ὅρα,
2360 4410 2479 4475 πῶς
2525 4414 2802 4484 πανταχοῦ
2831 4414 2931 4486 τὴν
2966 4414 3219 4471 ἐπίτασιν
3249 4416 3351 4488 τῆς
3385 4420 3650 4490 τιμωρίας

2012 4497 2054 4551 D
2084 4504 2324 4573 ἐγκαλεῖ.

2147 4596 2250 4652 Διὰ
2288 4596 2463 4652 τοῦτο
2492 4598 2632 4654 τάδε
2652 4598 2835 4669 λέγει.

2145 4691 2261 4745 Ούκ
2317 4685 2465 4762 εἶχες
2518 4692 2701 4747 ἱκανὸν
2749 4693 3136 4765 παράδειγμα;
3189 4694 3302 4749 οὐκ
3354 4697 3555 4767 ἧκουες
3602 4696 3653 4750 τί

2075 4783 2263 4853 ἔλεγεν
2287 4785 2529 4851 ὲκεῖνος;
2560 4785 2993 4856 Καταλήψομαι
3035 4786 3152 4855 τὴν
3187 4789 3552 4857 οἰκουμένην
3577 4790 3651 4855 ὡς

2074 4879 2338 4929 νοσσιὰν
2383 4875 2483 4930 καὶ
2531 4875 2613 4940 ὡς
2646 4875 3153 4945 καταλελειμμένα
3205 4875 3290 4929 ὠὰ
3316 4876 3460 4945 ἀρῶ.
3518 4878 3651 4929 Τοῦ-

2074 4969 2366 5036 τογέγονε,
2422 4968 2516 5022 καὶ
2557 4967 2709 5030 τέλος
2759 4968 2980 5022 ἐλαϐεν·
3009 4962 3163 5032 Εἶδες
3200 4969 3279 5021 ὅτι
3311 4969 3423 5035 ἐγὼ
3448 4972 3648 5022 ἐκεῖνον

2075 5058 2387 5127 παρέδωκα,
2414 5058 2595 5130 πολλῷ
2623 5060 2824 5130 μᾶλλον
2858 5062 2952 5114 καὶ
2980 5059 3111 5131 περὶ
3142 5058 3342 5113 σαυτοῦ
3373 5060 3643 5129 πείσθητι.

2143 5151 2510 5217 Ζητήσουσι.

2139 5242 2255 5295 υὺκ
2277 5237 2451 5305 εἶπεν,
2482 5240 2701 5314 Ἐπειδὴ
2734 5240 3107 5313 διωρθώσατο·
3142 5242 3279 5303 ἀλλ’,
3303 5242 3527 5312 Ἐπειδὴ
3554 5245 3647 5310 τῆς

2071 5333 2238 5402 ὀργῆς
2285 5334 2528 5403 ἀπέστην
2562 5333 2694 5403 ἐγώ.
2723 5336 2836 5388 Ούκ
2881 5330 3055 5399 εἶπεν,
3101 5336 3181 5389 ὅτι
3211 5336 3407 5388 Ἔσται
3435 5335 3557 5405 μὲν,
3590 5334 3647 5387 οὐ

2070 5426 2449 5497 τιμωρήσεται
2490 5427 2581 5489 δὲ,
2610 5427 2747 5488 ἀλλ’,
2786 5426 2920 5480 Οὐδὲ
2968 5429 3219 5497 φανεῖται
3254 5427 3414 5496 αύτή’
3448 5425 3556 5498 ἄρα
3588 5425 3649 5478 τὰ

2073 5516 2446 5591 ἁμαρτήματα
2468 5518 2639 5591 αὐτὴν
2666 5520 3004 5591 παρέδωκεν,
3032 5519 3133 5573 οὐκ
3161 5517 3435 5574 ἀσθένεια.
