3810 6462
279 333 308 388 l
321 334 433 391 035

357 433 491 508 Πῶς
523 441 949 510 συνεκλάσθης

359 531 512 596 Εἶδες
543 534 660 595 πῶς
693 532 1039 604 παρέστησεν
1070 531 1239 602 αὐτῆς
1266 529 1366 602 τὴν
1420 528 1603 600 ἱσχύν;
1626 527 1744 591 πῶς
1770 529 1872 598 τὴν

278 623 504 694 πληγὴν
553 623 652 693 τὴν
706 621 1016 692 ἀφόρητον;
1047 618 1179 674 Εἶτα
1215 619 1490 690 πανταχοῦ
1522 636 1705 690 φησιν,
1748 619 1871 671 Ὅτι

283 715 365 786 τῷ
421 714 607 784 Κυρίῳ
638 714 889 784 ἀντέστη,
940 714 1191 784 ἥμαρτευ
1233 712 1329 765 καὶ
1392 711 1484 765 τὸν
1525 711 1728 782 τρόπον
1774 710 1873 780 τῆς

278 806 586 879 ἁμαρτίας,
620 805 824 871 Καθὼς
856 805 1128 874 ἐποίησε,
1151 804 1542 874 ποιηθήσεται
1566 801 1742 871 αὐτῇ.

375 897 763 954 Ἁνταπόδοτε
797 896 972 965 αὐτῇ.

364 991 476 1046 Καὶ
518 989 620 1062 τὴν
657 989 1080 1060 μακροθυμίαν,
1115 989 1196 1042 ὅτι
1228 989 1354 1060 ἥκει
1384 989 1413 1041 ό
1447 987 1636 1058 καιρὸς
1678 987 1870 1058 αὐτῆς.

282 1085 461 1138 ’Ὥστε
510 1085 603 1137 καί
644 1082 737 1136 τὸν
783 1081 974 1154 καιρὸν
1018 1080 1305 1152 ἀνέμεινε,
1353 1081 1450 1136 καὶ
1505 1082 1660 1136 οὐδὲν
1707 1081 1874 1136 πλέον

281 1176 530 1246 ἐγένετο.

369 1266 518 1321 Τάδε
553 1267 716 1334 λέγει
753 1263 988 1334 Κύριος.

363 1359 477 1412 Οὐκ
512 1357 790 1428 ἠθέλησαν
830 1355 1101 1410 ἀπολῦσαι
1128 1353 1348 1417 αὐτούς.
1385 1354 1458 1409 Ἦ
1492 1352 1652 1410 τοῦτό
1683 1371 1868 1425 φησιν,

286 1451 376 1505 ὅτι
405 1451 504 1504 οὐκ
545 1450 612 1504 ἂν
667 1449 946 1502 ἀπέλυσαν
991 1447 1202 1520 οὕσπερ
1234 1449 1493 1518 κατεῖχον
1537 1447 1870 1518 αὐτοπροαι-

292 1543 486 1613 ρέτως,
521 1540 636 1595 ἀλλ’
665 1541 988 1594 ἀνθίσταντο
1042 1540 1120 1612 τῷ
1169 1539 1306 1612 Θεῷ,
1339 1539 1594 1611 καθάπερ
1635 1542 1664 1595 ό
1701 1541 1872 1610 Αίγύ-

289 1651 448 1697 πτιος
474 1632 693 1704 Φαραώ.

361 1727 566 1793 Καθὼς
601 1728 993 1796 κατέστρεψε.

362 1821 428 1875 Τί
465 1816 596 1884 οὖν,
648 1820 710 1874 οὐ
757 1821 1122 1886 κατοικεῖταις
1179 1819 1390 1890 Ὠσπερ
1435 1812 1530 1873 οῦν
1566 1820 1724 1872 τοῦτο
1775 1821 1872 1890 τῆς

289 1916 634 1988 ὑπερϐολῆς,
664 1915 808 1969 οὕτω
838 1915 934 1968 καὶ
961 1915 1092 1968 ὅταν
1121 1915 1260 1986 λέγῃ
1280 1931 1296 1947 ⁸
1331 1913 1529 1978 Καθὼς
1563 1913 1778 1985 ὤμοσα,
1816 1916 1875 1968 ὲν

289 2010 370 2074 τῷ
411 2009 570 2063 ῦδατι
605 2008 683 2079 τῷ
714 2009 835 2061 ἐπὶ.
854 2008 980 2061 Νῶε
1015 2007 1074 2072 ἐξ
1105 2006 1412 2078 ὑπερϐολῆς
1435 2023 1449 2037 '
1479 2002 1610 2079 εἶτα
1636 2007 1875 2077 συνεχῶς

290 2101 619 2172 ἐνδιατρίϐει
688 2103 802 2164 τοῖς
883 2101 1068 2164 αὐτοῖς
1155 2099 1357 2169 λόγοις.
1431 2076 1625 2163 Τίνοςυ
1648 2100 1871 2169 ένεκεν;

303 2193 528 2264 Ἐπειδὴ
568 2192 798 2246 ἄπιστον
844 2187 914 2262 ἦν
965 2191 1062 2245 καὶ
1087 2190 1395 2263 παράδοξον
1434 2191 1497 2245 τὸ
1537 2191 1871 2263 λεγόμενον,

289 2286 371 2339 ὅτι
409 2282 667 2338 Βαϐυλὼν
699 2282 1007 2349 ἁλώσεται,
1035 2283 1323 2356 ταχυτέρῳ
1359 2282 1627 2356 κέχρηται
1656 2285 1870 2356 τρόπῳ,

291 2379 538 2441 ἐκτείνας
566 2376 666 2448 τὴν
695 2375 898 2430 ἅλωσιν
924 2372 1116 2449 αὐτῆς.

376 2471 530 2526 Ἰδοὺ
589 2471 739 2536 λαὸς
792 2470 1027 2539 ἔρχεται
1085 2469 1206 2525 ἀπὸ
1256 2469 1453 2541 Βορρᾶ
1475 2511 1490 2537 ,
1536 2470 1636 2525 καὶ
1694 2470 1873 2539 ἔθνος

286 2561 470 2632 μέγα,
502 2563 597 2616 καὶ
623 2562 905 2629 βασιλεῖς
941 2562 1439 2632 ἐξεγερθήσονται
1474 2565 1575 2619 ἀπ’
1604 2564 1872 2636 ἐσχάτου
1904 2602 1906 2604 τ

291 2655 400 2724 τῆς
430 2653 568 2725 γῆς,
604 2655 786 2717 τόξον
834 2655 931 2709 καὶ
987 2655 1348 2725 ἐγχειρίδιον
1375 2656 1643 2725 ἔχοντες.

365 2748 675 2814 Τουτέστιν,
698 2747 922 2800 ἀσπίδα·
946 2747 1105 2801 τοῦτο
1132 2747 1242 2819 γὰρ
1272 2749 1569 2822 έρμηνεύει
1593 2751 1654 2804 τὸ
1681 2751 1873 2821 ἐγχει-

282 2839 486 2909 ρίδιον
507 2880 522 2904 ,
550 2839 628 2910 τῷ
663 2841 793 2909 περ)⁸
821 2841 881 2892 τὸ
911 2841 968 2892 ὲν
996 2843 1064 2910 τῇ
1097 2841 1247 2912 χειρὶ
1277 2840 1563 2912 φέρεσθαι.

364 2933 520 2988 Ἰδοὺ
568 2934 648 3000 ὡς
700 2931 857 2988 ,κέων
903 2932 1272 3001 ἀναϐήσεται
1312 2934 1434 2990 ἀπὸ
1485 2935 1872 3006 φρυάγματος

289 3024 400 3080 τοῦ
435 3023 734 3094 Ἰορδάνου
770 3026 859 3090 είς
887 3025 1076 3078 τόπον
1101 3024 1309 3093 Ἐθάμ.

1439 325 1864 384 FRAGMENTA
1905 323 1972 380 IN
2012 323 2380 382 JEREMIAM.

1901 445 1951 500 Α
2050 439 2216 497 Vens.
2241 441 2333 495 25.
2370 441 2641 506 Quomodo
2673 441 2980 512 confractus
3010 450 3059 496 et
3091 444 3346 498 contritus
3369 446 3395 499 1’

1903 1779 1950 1839 Β

3417 326 3550 383 1054

2047 529 2212 586 Vides
2267 535 2539 603 quomodo
2587 534 2728 589 illius
2763 534 2906 589 vires
2937 536 3246 604 expressit?
3282 539 3551 604 quomodo

1975 619 2187 692 plagam
2238 625 2633 682 intolerabilem
2668 627 2692 680 ?
2752 627 2954 682 Deinde
3012 627 3214 694 passim
3255 627 3332 682 ait
3363 647 3377 683 :
3414 627 3550 696 Quia

1978 711 2205 770 Domino
2271 719 2516 781 restitit,
2571 719 2862 790 peccavit;
2914 721 3246 790 modumque
3297 723 3553 792 exprimit

1973 806 2183 873 peccnti
2213 821 2228 860 :
2263 805 2410 862 Sicut
2442 809 2582 878 fecit,
2622 810 2710 878 ﬁet
2741 810 2842 864 illi.

2048 897 2216 953 Vsus.
2255 899 2345 954 Q9.
2391 898 2684 954 Retribuile
2716 902 2784 954 ei.

2047 990 2114 1045 Et
2171 991 2681 1061 longanimitatem,
2747 994 3002 1062 quoniam
3065 997 3284 1052 advenit
3342 1007 3552 1066 tempus

1975 1083 2116 1152 ejus.
2146 1082 2222 1137 lta
2256 1093 2311 1138 et
2338 1093 2549 1153 tempus
2580 1087 2937 1155 exspectavit,
2960 1099 3013 1142 et
3044 1089 3175 1144 nihil
3207 1091 3329 1146 boni
3359 1109 3552 1148 consc-

1975 1189 2185 1229 Clllllm.

2053 1260 2220 1318 Vsus.
2258 1263 2346 1318 '55.
2385 1261 2517 1318 Ha’c
2547 1265 2675 1317 dicit
2712 1264 2987 1322 Dominus.

2050 1355 2350 1410 Noluerunt
2376 1371 2470 1411 eos
2504 1357 2802 1414 dimittere.
2833 1359 2931 1416 Vel
2959 1361 3060 1418 hoc
3091 1364 3244 1430 dicit,
3269 1368 3411 1436 quod
3444 1385 3548 1423 non

1977 1457 2169 1516 sponte
2204 1447 2546 1503 dimisissent
2578 1464 2672 1505 eos
2722 1466 2860 1520 quos
2921 1455 3256 1521 detinebant,
3289 1462 3381 1513 sed
3419 1461 3555 1517 resi-

1977 1539 2194 1594 Stehant
2219 1538 2362 1604 Deo,
2397 1543 2848 1607 quemadmodum
2883 1545 3166 1618 Egyplius
3197 1548 3424 1606 Pharao.

2048 1725 2214 1785 Vsus.
2255 1727 2346 1786 40.
2384 1728 2532 1785 Sicut
2565 1733 2834 1788 subvertit.

2047 1819 2190 1890 Quid
2229 1837 2380 1893 ergo,
2414 1838 2481 1877 an
2527 1839 2630 1879 non
2677 1825 2995 1884 habitatur?
3044 1831 3196 1890 Sicut
3241 1835 3402 1907 igitur
3449 1841 3551 1895 hoc

1976 1914 2182 1970 dictum
2235 1914 2584 1985 hyperbolice
2647 1927 2766 1983 est,
2823 1919 2895 1974 ita
2949 1931 3003 1976 et
3062 1940 3183 1979 cum
3233 1928 3348 1991 ait.
3398 1929 3552 1986 Sicut

1973 2006 2152 2078 juravi
2199 2008 2265 2061 de
2307 2023 2444 2076 aqua
2484 2017 2727 2079 tempore
2758 2009 2905 2078 Noe,
2946 2010 3312 2086 hyperbolice.
3352 2023 3552 2078 Deinde

1977 2097 2183 2167 pluries
2225 2099 2415 2152 eadem
2465 2101 2696 2168 repetit,
2729 2104 2858 2170 quid
2909 2105 3028 2160 ita?
3057 2106 3320 2174 Quoniam
3369 2113 3549 2169 incre-

1977 2195 2143 2249 dibile
2184 2204 2336 2260 erat,
2375 2207 2430 2249 et
2476 2205 2674 2264 praeter
2707 2196 3020 2266 opinionem
3053 2201 3194 2267 quod
3239 2202 3544 2269 dicebatur,

1978 2289 2093 2344 fore
2119 2299 2176 2344 ut
2201 2289 2438 2361 Babylon
2467 2300 2888 2360 expugnaretur,
2919 2295 3102 2362 paucis
3132 2309 3243 2349 rem
3271 2299 3545 2366 exprimit,

1975 2380 2312 2448 atnplilicans
2341 2381 2457 2452 ejus
2485 2381 2965 2449 expugnationem.

2049 2470 2215 2526 Vens.
2272 2472 2362 2526 ll.
2417 2469 2554 2525 Ecce
2602 2472 2828 2541 papulas
2876 2474 3010 2528 venit
3047 2475 3118 2527 .ab
3146 2477 3451 2546 Aquilone,
3499 2493 3547 2536 et

1989 2584 2112 2638 gens
2143 2583 2354 2637 magna,
2390 2577 2438 2620 et
2468 2583 2608 2634 reges
2631 2567 2999 2620 excitabuntur
3021 2569 3085 2622 ab
3110 2580 3340 2626 extremo
3365 2581 3541 2639 terrm,

1992 2675 2175 2712 arcum
2207 2666 2254 2710 et
2289 2655 2534 2709 manuale
2565 2654 2834 2710 habentes.

2048 2749 2272 2802 scutum
2328 2758 2556 2812 nempe,
2611 2746 2713 2799 hoc
2753 2747 2896 2800 enim
2946 2748 3190 2804 manuale
3242 2751 3546 2824 signiﬁcat,

1971 2855 2042 2900 ex
2071 2857 2137 2896 eo
2169 2841 2313 2910 quod
2343 2855 2501 2892 manu
2536 2848 2802 2908 gestator.

2050 2931 2209 2986 Vens.
2245 2930 2337 2984 44.
2371 2928 2506 2982 Ecce
2530 2929 2681 2999 quasi
2712 2927 2792 2982 leo
2821 2929 3064 2984 ascendet
3093 2932 3160 2986 de
3195 2940 3397 2989 tumore
3422 2936 3549 2992 Jor-

1974 3023 2129 3077 donis
2162 3024 2218 3077 in
2247 3022 2421 3078 locum
2450 3020 2665 3075 Etham.

361 3122 554 3176 Λέοντι
585 3121 885 3193 παρείκασε
912 3121 1005 3174 τὸν
1026 3121 1232 3191 Μῆδον.
1260 3121 1334 3174 Τὸ
1367 3121 1454 3188 δὲ,
1486 3122 1607 3178 ἀπὸ
1641 3123 1868 3195 φρυάγο

2046 3114 2210 3170 Leoni
2241 3113 2577 3184 comparavit
2604 3111 2840 3167 Medum.
2881 3113 2958 3168 De
2982 3125 3186 3171 tumore
3209 3115 3465 3176 Iordanis
3495 3124 3548 3178 in

285 3231 475 3284 ματος
528 3212 634 3267 τοῦ
693 3211 990 3280 Ἰορδάνου
1037 3214 1123 3277 εἰς
1165 3211 1356 3265 τόπον
1397 3211 1618 3282 Ἕθὰμ,
1665 3212 1868 3268 ὡσανεὶ

2010 3225 2147 3263 acum
2186 3205 2413 3273 Etham,
2449 3204 2608 3277 quasi
2646 3205 2721 3261 ibi
2759 3205 2946 3262 leones
2978 3210 3361 3268 consueverint
3397 3214 3550 3271 habi-

291 3306 479 3361 αὐτόθι
527 3305 633 3358 τῶν
674 3304 905 3357 λεόντων
942 3303 1213 3357 εἰωθότων
1254 3302 1567 3374 φαίνεσθαι.
1611 3304 1871 3379 Ἐθάμδὲ

290 3399 448 3463 πόλις
480 3399 627 3452 ἐστὶν
656 3399 855 3469 ὅμορος
885 3395 980 3450 τοῦ
1020 3396 1313 3468 Ἰορδάνου.

870 3533 1122 3588 ΚΕΦΑΛ.
1163 3532 1294 3586 ΝΑ’.

364 3671 660 3740 Ποτήριον
690 3674 968 3738 χρυσοῦν
1001 3671 1314 3722 Βαουλων.

365 3764 430 3817 Εἰ
465 3763 727 3832 ποτήριον
767 3757 1004 3831 χρυσοῦν
1033 3761 1089 3812 έν
1127 3759 1274 3830 χειρὶ
1308 3758 1540 3830 Κυρίου,
1579 3758 1726 3824 τίνος
1755 3758 1874 3815 ἓνε-

295 3873 393 3910 κεν
422 3854 748 3919 κολάζεται;
784 3855 904 3907 Ὅτι
938 3851 1202 3924 μειζόνως
1239 3851 1469 3907 ἐκόλασε
1491 3894 1506 3919 ,
1540 3853 1636 3907 καὶ
1664 3854 1870 3924 ἐτιμω-

299 3951 537 4022 ρήσατο,
569 3947 676 4018 ἄρα
707 3947 802 4000 καὶ
832 3948 1020 4016 ῐσχυσε
1051 3945 1119 4000 δι’
1150 3946 1307 4016 ἐμοῦ.

366 4040 472 4094 Καὶ
501 4036 671 4092 δώσω
697 4052 770 4092 σε
801 4041 888 4103 είς
918 4037 1056 4104 ὄρος
1075 4037 1621 4107 ἐμπεπυρισμένον.

366 4130 680 4193 Τουτέστιν,
711 4127 788 4192 ὡς
826 4129 1004 4190 κόνιν,
1048 4127 1135 4180 ἵνα
1165 4128 1296 4199 εῐπῃ
1319 4146 1332 4160 ·
1368 4128 1616 4199 ’ἰσχυρόν
1652 4144 1711 4181 σε
1745 4128 1873 4182 δντά

296 4221 378 4285 εἰς
403 4221 558 4274 οὐδὲν
599 4220 929 4291 ἐργάσομαι.
973 4219 1174 4273 Ἔλαϐε
1203 4219 1260 4274 δὲ
1292 4219 1426 4274 αὐτὸ
1459 4223 1524 4275 ὲκ
1558 4223 1873 4293 μεταφορᾶς

295 4313 406 4368 τῶν
437 4310 744 4383 καιομένων
768 4311 932 4365 λίθων
961 4312 1042 4374 είς
1072 4309 1357 4364 ἄσϐεστον.

1979 3313 2126 3369 tare;
2161 3293 2355 3355 Etham
2386 3299 2582 3354 civitas
2612 3306 2698 3353 est
2723 3295 2945 3355 lordani
2975 3300 3177 3357 vicina.

2622 3524 2776 3582 CAP.
2819 3524 2903 3579 LI.

2047 3661 2220 3719 Vsus.
2251 3662 2305 3716 7.
2341 3659 2496 3717 Catia:
2523 3677 2715 3716 aureus
2752 3660 3008 3734 Babylon.

2055 3754 2111 3809 Si
2158 3753 2299 3810 calix
2352 3769 2555 3808 aureus
2603 3757 2655 3807 in
2705 3770 2866 3808 manu
2915 3758 3168 3829 Domini,
3203 3777 3373 3831 quare
3423 3779 3553 3835 ergo

1980 3843 2321 3914 castigatur?
2362 3843 2514 3911 Quod
2555 3845 2776 3915 gravius
2812 3847 3060 3914 punivit,
3106 3861 3162 3906 et
3194 3851 3378 3908 all'ecit
3424 3871 3526 3926 sup

1981 3935 2192 4005 pliciis;
2227 3934 2392 4004 igitur
2418 3949 2513 4004 per
2545 3948 2630 3988 me
2663 3944 2717 3990 et
2746 3946 2936 4004 potens
2963 3937 3084 3994 fuit.

2056 4023 2220 4080 Vens.
2249 4024 2339 4079 25.
2367 4024 2436 4078 Et
2467 4025 2600 4078 dabo
2628 4035 2676 4079 te
2700 4027 2834 4081 sicut
2867 4039 3090 4084 montem
3117 4032 3460 4091 combustum.

2052 4117 2205 4172 Sicut
2229 4117 2501 4186 pulverem
2554 4117 2836 4186 videlicet;
2871 4123 3024 4190 quasi
3062 4122 3270 4180 diceret
3307 4143 3320 4180 :
3359 4125 3434 4182 Te
3463 4145 3556 4184 ro-

1982 4212 2202 4268 bustum
2243 4212 2296 4265 in
2332 4210 2559 4265 nihilum
2601 4212 2869 4282 redigam.
2915 4213 3158 4284 Snmpsit
3185 4233 3346 4286 porro
3381 4230 3553 4275 meta-

1981 4305 2208 4374 phoram
2241 4318 2310 4358 ex
2337 4303 2628 4373 lapidibus,
2658 4307 2749 4374 qui
2783 4306 3198 4373 comburuntur,
3235 4319 3294 4363 ut
3324 4325 3556 4366 conver-

1985 4404 2168 4450 tantur
2202 4395 2256 4447 in
2291 4394 2518 4449 calcem.

370 4498 814 4568 Παραγγείλατε
856 4494 951 4549 ἐπ’
994 4493 1149 4562 αὐτῇ
1202 4493 1558 4558 ,βασιλείαις
1605 4497 1871 4563 Αραραθ,

2058 4484 2224 4538 Vens.
2246 4483 2340 4537 27.
2372 4484 2700 4540 Annuntiate
2721 4498 2907 4542 contra
2940 4487 3091 4543 illam
3118 4493 3293 4562 regnis
3319 4493 3551 4549 Araratlt

297 4590 434 4658 παρ’
463 4588 631 4658 ἐμοῦ.

368 4681 772 4752 Καρδαουῖνους
807 4673 946 4732 εἷναί
982 4694 1140 4747 φασι,
1180 4677 1278 4730 καὶ
1309 4679 1424 4742 τοῖς
1479 4674 1877 4746 Ἀχαναζαίοις,

298 4773 424 4836 τοὺς
455 4772 562 4826 ἀπὸ
594 4773 796 4824 Πόντου
822 4770 990 4840 λέγει.

368 4862 600 4918 Διώκων
624 4865 711 4930 εις
735 4862 1084 4933 ἀπάντησιν
1115 4863 1437 4929 διώκοντος
1447 4859 1738 4928 διώξεται.

373 5053 634 5107 Τουτέστι
655 5096 670 5121 ,
707 5054 927 5122 φεύγων
963 5051 1269 5121 ἀπαντήσει
1316 5047 1560 5121 πολεμίῳ
1581 5087 1595 5114 ,
1629 5050 1883 5111 κάκεῖνος

299 5145 552 5213 διώξεται
576 5189 589 5212 ,
621 5146 764 5200 ὥστε
791 5145 953 5199 αὐτὸν
984 5143 1208 5198 ἁλῶναι.

375 5243 522 5296 ’Καὶ
571 5241 741 5295 ἔσται
791 5237 1079 5292 Βαϐυλὼν
1119 5239 1207 5303 εις
1246 5236 1626 5304 ἀφανισμὸν,
1658 5233 1757 5286 καὶ
1796 5235 1883 5298 εὶς
1926 5240 1933 5246 ’

303 5335 613 5389 κατοικίαν
639 5333 1013 5401 δρακόντων,
1046 5329 1144 5382 καὶ
1174 5330 1262 5393 εὶς
1292 5329 1500 5392 θήνας.

374 5426 534 5480 Κατὰ
565 5425 666 5494 μὲν
698 5426 790 5477 τὸν
828 5422 1140 5492 Ἑλληνικὸν
1176 5418 1372 5490 μηνύει
1404 5418 1487 5473 ὅτι
1532 5419 1611 5480 εἰς
1644 5415 1884 5488 ἐρημίαν

306 5518 460 5572 ἔσται
507 5515 840 5585 ἀκανθώδη·
895 5515 1061 5586 θῆνας
1099 5513 1208 5583 γάρ
1247 5511 1398 5581 λέγει
1448 5509 1548 5573 τὰς
1593 5507 1882 5577 θάμνους.

318 5613 378 5666 '0
423 5611 481 5664 δὲ
550 5611 801 5682 Ἐϐραῖος
846 5611 932 5675 εἰς
974 5607 1332 5674 κοιλότητας
1372 5601 1689 5676 ὲρμηνεύει.
1736 5599 1888 5653 Θωὸν

304 5703 412 5774 γάρ
467 5705 616 5758 ἔστιν
647 5703 681 5773 ἡ
710 5701 963 5773 κοιλότης
983 5741 997 5767 ,
1035 5701 1176 5771 ὅπερ
1207 5698 1400 5769 θῆνιις
1429 5697 1780 5769 ἡρμήνευσεν
1808 5695 1888 5755 εἰς

306 5797 400 5851 τὸν
443 5794 776 5866 Ἑλληνικόν.

1981 4594 2014 4632 a
2047 4595 2148 4632 me.

2055 4669 2356 4725 Carduinos
2402 4684 2525 4726 esse
2555 4649 2780 4736 dicunt,
2818 4681 2874 4728 et
2905 4671 3291 4742 Acha‘nazazis,
3323 4691 3420 4734 eos
3458 4683 3553 4749 qni

1985 4774 2017 4816 e
2044 4759 2219 4818 Ponto
2249 4772 2408 4829 sunt,
2443 4763 2574 4817 dicit

2056 4851 2222 4908 Vens.
2251 4854 2343 4909 51.
2387 4852 2710 4923 Persequens
2757 4855 2813 4909 in
2852 4871 3128 4910 occursum
3167 4861 3556 4928 peroequentis,

1980 4953 2336 5015 persequetur.

2056 5036 2171 5092 Hoc
2197 5045 2302 5104 est,
2337 5036 2547 5106 fugiens
2574 5046 2828 5091 occurret
2863 5037 3001 5090 hosti
3021 5075 3038 5101 ,
3064 5047 3119 5091 et
3152 5037 3242 5092 ille
3266 5055 3558 5112 perseque-

1984 5138 2093 5196 tur,
2132 5131 2206 5184 ita
2244 5139 2302 5184 ut
2341 5130 2461 5198 capi
2498 5145 2621 5184 eum
2655 5142 2880 5184 necesse
2911 5130 3003 5183 sit.

2057 5223 2073 5242 ¹
2103 5218 2265 5274 Vens.
2307 5221 2396 5275 57.
2427 5218 2496 5273 Et
2527 5220 2625 5274 erit
2661 5218 2901 5290 Babylon
2934 5220 2990 5273 in
3015 5219 3354 5275 solitudinem
3382 5259 3398 5285 ,
3424 5232 3472 5274 et
3507 5238 3560 5275 in

1989 5313 2368 5367 habitationem
2397 5314 2718 5376 draconum,
2753 5322 2801 5365 et
2831 5313 2886 5364 in
2916 5309 3171 5366 cumulos.

2059 5403 2220 5458 Juxta
2261 5413 2467 5459 textum
2502 5402 2780 5468 Graecum,
2841 5402 2988 5456 illam
3031 5403 3084 5458 in
3125 5401 3420 5458 solitudine
3449 5403 3563 5470 spi-

1994 5511 2182 5550 nosam
2215 5495 2452 5550 l'nturam
2498 5496 2737 5563 indicat;
2769 5493 3019 5550 cumulos
3050 5497 3196 5550 enim
3255 5503 3412 5548 vocat
3444 5491 3564 5560 fru-

1992 5593 2137 5644 tices.
2189 5589 2260 5644 At
2317 5587 2575 5644 Hebratus
2634 5587 2691 5641 in
2740 5586 3087 5641 concauitates
3133 5583 3320 5639 habet.
3374 5579 3564 5638 Thoon

1993 5682 2138 5738 enim
2167 5681 2374 5736 eavitas
2402 5688 2508 5748 est,
2534 5679 2678 5749 quod
2703 5677 2942 5733 cumulos
2975 5677 3198 5736 Graecus
3223 5674 3370 5744 legit.
