3854 6432
332 275 479 331 ιι)τῦ

405 587 634 656 Quidam
674 587 780 641 hoc
817 584 884 639 de
921 583 1238 655 Babyloniis
1284 585 1565 654 percussis
1612 584 1916 653 accipiunt,

336 679 426 748 qui
469 678 639 747 plagis
689 677 964 738 clament,
1013 674 1089 728 ita
1141 683 1199 727 ut
1254 674 1480 743 intelligi
1526 677 1734 744 possit,
1777 675 1919 729 sicut

337 771 422 824 leo
469 770 708 838 rugiens.
746 764 946 821 Verum
987 764 1182 821 inelius
1212 774 1296 819 est
1335 765 1437 820 hoc
1474 767 1541 820 de
1574 765 1748 822 Medis
1775 769 1922 822 accl-

340 876 488 929 pr-re,
526 876 648 913 cum
685 858 974 920 horribiles
999 859 1133 921 sint,
1171 867 1224 911 et
1270 857 1552 927 Scriptura
1587 873 1765 923 sacra,
1797 873 1918 913 cum

336 954 404 1007 de
433 953 539 1006 illis
562 952 823 1022 loquitur,
852 952 1024 1005 leonis
1049 951 1302 1020 exemplo
1333 950 1408 1004 nti
1440 952 1810 1006 consueverit.

419 1137 580 1191 Vens.
617 1136 708 1191 41.
745 1134 1020 1202 Quomodo
1055 1145 1241 1198 captus
1267 1145 1342 1188 est
1375 1135 1609 1189 Sisoch?

409 1228 617 1283 Nomen
654 1230 798 1296 regis
831 1242 952 1282 esse
996 1227 1188 1281 Sisoch
1220 1236 1478 1282 asserunt
1505 1267 1519 1288 ,
1548 1237 1603 1281 et
1638 1225 1922 1296 IEthiOpes

341 1319 670 1388 signiﬁcare,
698 1317 928 1384 ducique
956 1331 982 1368 a
1007 1315 1176 1379 Cbns,
1199 1331 1228 1368 a
1260 1330 1368 1384 quo
1397 1314 1687 1385 Ethiopes
1715 1317 1920 1370 ducunt

343 1413 607 1482 originem
646 1429 660 1464 :
719 1419 974 1463 asserunt
1021 1411 1147 1462 item
1185 1409 1306 1462 ideo
1351 1423 1539 1462 eorum
1601 1410 1921 1480 prophetam

346 1503 691 1567 meminisse,
738 1502 863 1569 quia
909 1499 1201 1568 Babylonio
1231 1515 1388 1570 opem
1427 1500 1603 1556 tulere
1642 1502 1696 1556 in
1740 1501 1920 1567 bello,

343 1597 484 1665 quod
515 1605 701 1649 contra
729 1591 912 1647 Medos
940 1602 1203 1662 gesserat.

1063 268 1643 327 'SUPPLEMENTUM
1677 268 1769 324 AD
1811 268 1870 324 S.
1907 268 1959 325 1.
2000 270 2491 330 CllltYSOSTOMl
2530 274 2784 333 OPEBA.

405 398 571 454 Vsus.
596 395 695 452 '38.
723 393 904 450 'Simul
942 404 996 448 ut
1033 394 1206 449 leones
1246 395 1453 464 rugient'
1473 395 1692 465 juvenes
1716 400 1918 452 eorum.
1954 403 1994 457 Α

3470 285 3612 341 1036

2096 396 2225 450 Ἐπὶ
2256 398 2319 450 τὸ
2351 401 2497 452 αὐτὸ
2519 444 2533 463 ,
2564 402 2643 468 ὡς
2676 403 2923 470 λέοντες
2951 405 3298 475 ἐρεύξονται
3325 411 3383 464 οἱ
3409 415 3612 464 νεανί-

2021 504 2161 543 σκοι
2193 489 2413 546 αὐτῶν.

2093 579 2247 643 Τινὲς
2286 581 2388 648 μὲν
2413 581 2507 634 ἐπὶ
2535 583 2644 635 τῶν
2684 584 3077 656 πληττομένων
3109 590 3243 643 αὐτὸ
3268 591 3462 645 ἔλαϐον
3502 595 3614 648 τῶν

2023 669 2412 738 Βαϐυλωνίων,
2457 673 2660 727 ὡσανεὶ
2706 677 3066 734 ἀναϐοώντων
3099 681 3207 734 ἀπὸ
3254 684 3356 752 τῆς
3391 685 3614 757 πληγῆς

2021 762 2380 828 ἐξάκουστον,
2428 766 2682 837 καθάπερ
2745 768 2883 822 λέων
2934 770 3174 842 βρόχων.
3237 775 3510 844 Ἀμεινον
3555 779 3613 831 δὲ

2023 855 2118 907 ἐπὶ
2167 857 2276 908 τῶν
2307 857 2510 927 Μήδων
2563 861 2696 914 αὐτὸ
2737 861 2961 925 λαϐεῖν,
3013 866 3090 925 ὡς
3134 865 3383 937 φοϐερῶν
3429 869 3614 921 αὐτῶν

2021 947 2191 1001 ὄντων
2210 991 2223 1011 ,
2252 948 2329 1017 τῷ
2361 949 2456 1002 τοῦ
2489 951 2704 1016 λέοντος
2740 955 3150 1026 παραδείγματι
3180 959 3337 1011 εῐωθε
3367 961 3612 1030 χρῆσθαι

2023 1043 2058 1112 ή
2085 1041 2204 1094 θεία
2235 1043 2451 1114 Γραφή.

2097 1137 2113 1156 ⁶
2137 1133 2268 1200 Πῶς
2294 1135 2451 1189 ἐιὶλω
2475 1136 2663 1207 Σίσόχ
2683 1154 2702 1202 ;

2098 1225 2308 1293 Ὀνομα
2356 1226 2619 1295 βασιλέως
2664 1223 2803 1280 εἶναί
2851 1247 2982 1298 φασι
3025 1231 3087 1284 τὸ
3131 1233 3323 1305 Σισδχ,
3378 1239 3614 1308 μηνύειν

2023 1319 2080 1373 δὲ
2109 1322 2234 1383 τοὺς
2278 1321 2542 1386 Αἰθίοπας
2563 1339 2578 1354 ο
2629 1323 3034 1393 ἑρμηνεύεσθαι
3066 1326 3122 1379 δὲ
3156 1329 3266 1382 ἀπὸ
3299 1332 3397 1384 τοῦ
3425 1335 3574 1397 Χοῦς
3595 1377 3611 1399 ,

2025 1413 2120 1480 ἀφ’
2147 1408 2208 1467 οὗ
2249 1413 2510 1476 Αἰθίοπες
2539 1415 2860 1482 γεγόνασι-,ι’
2894 1416 2966 1479 ὡς
3000 1413 3094 1471 οὖν
3135 1423 3342 1474 τούτων
3385 1441 3614 1495 συμμαο

2025 1503 2268 1574 χούντων
2315 1504 2392 1574 τῷ
2431 1503 2765 1575 Βαϐυλωνίῳ
2802 1508 2861 1559 ὲν
2913 1506 2992 1576 τῷ
3042 1510 3179 1578 πρὸς
3224 1513 3351 1576 τοὺς
3387 1517 3611 1586 Μήδους

2027 1595 2280 1665 πολέμῳ,
2315 1596 2409 1649 καὶ
2442 1597 2775 1667 ἡττωμένων
2809 1601 2940 1668 φασὶ
2964 1600 3054 1654 τὸν
3097 1605 3384 1675 προφήτην
3425 1609 3610 1664 αὐτῶν

2029 1702 2134 1755 μνη
2145 1702 2421 1754 μονευσαι.

413 1781 576 1836 Vsus.
610 1779 702 1834 44.
742 1778 808 1833 Et
838 1779 1066 1834 ulciscar
1103 1795 1263 1850 super
1306 1778 1401 1834 Bel
1443 1779 1501 1834 in
1544 1777 1844 1850 Babylone,
1875 1789 1918 1835 et

2099 1777 2208 1832 Kal
2243 1777 2544 1845 ἐκδικήσω
2575 1780 2676 1833 ἐπὶ
2709 1781 2818 1834 τὸν
2858 1783 2988 1851 Βὴλ
3018 1785 3089 1838 ἐν
3116 1790 3450 1854 Βαϐυλῶνι.
3511 1794 3608 1846 καὶ

340 1877 618 1928 rxtraltam
656 1889 774 1944 qua:
809 1874 1080 1927 absorbuit
1114 1889 1181 1928 ea:
1224 1889 1313 1928 ore
1369 1873 1517 1943 ejus.
1563 1885 1610 1928 et
1651 1892 1755 1930 non
1787 1891 1917 1929 con-

341 1969 697 2037 gregabuntur
723 1967 866 2021 ultra
894 1969 963 2020 ad
991 1984 1111 2022 eum
1136 1978 1338 2038 gentes.

413 2062 469 2116 Si
526 2063 640 2116 haec
678 2076 799 2114 cum
832 2061 1204 2129 superioribus
1257 2064 1618 2116 construenda
1667 2061 1810 2125 sint,
1854 2062 1919 2115 de

343 2154 654 2226 Babyloniis
691 2168 979 2222 possnnms
1018 2153 1364 2224 intelligere;
1413 2155 1555 2223 quod
1603 2169 1725 2207 cum
1763 2155 1919 2208 idolis

342 2261 554 2314 nempe,
579 2254 632 2298 et
656 2258 816 2298 omne
837 2242 1002 2296 robur
1023 2257 1209 2298 eorum
1235 2243 1565 2314 disperdsm.
1598 2246 1655 2299 Si
1685 2246 1916 2299 litteram

341 2335 769 2400 consideremus,
794 2337 867 2387 nti
888 2334 954 2388 de
987 2333 1146 2388 idolis
1184 2335 1296 2389 haec
1331 2337 1475 2389 dicta
1507 2346 1654 2391 sunt.
1687 2335 1916 2403 Quidam

313 2403 519 2480 ‘autem
562 2426 727 2487 illud,
779 2425 1056 2478 extraham
1083 2441 1201 2495 quae
1256 2426 1560 2492 absorbuit,
1617 2431 1697 2483 sic
1747 2445 1917 2499 expo-

342 2527 606 2571 suerunt:
639 2515 903 2570 Auleram
937 2516 1218 2570 oraculum
1263 2516 1392 2584 Bel,
1441 2526 1500 2573 ut
1539 2520 1681 2588 apud
1730 2533 1920 2574 omnes

342 2607 537 2662 nullius
563 2607 634 2662 sit
665 2606 1062 2661 aestimationis.

410 2694 578 2752 Vsus.
612 2697 702 2751 46.
737 2693 1003 2756 Parabola
1031 2711 1186 2763 super
1212 2696 1539 2763 parabo/am.

408 2787 661 2842 Narratio
702 2787 916 2842 scilicet
952 2802 1116 2858 super
1145 2792 1535 2853 narrationem,
1566 2797 1628 2842 ut
1661 2787 1868 2846 diceret
1900 2808 1914 2845 :

339 2881 560 2936 Crebra
593 2889 754 2936 erunt
779 2879 1124 2934 calamitates
1153 2877 1465 2950 Babylonis.

413 2973 578 3029 Vsus.
630 2972 718 3027 59.
764 2969 990 3025 Verbum
1019 2972 1160 3042 quod
1204 2973 1474 3026 mandavit
1521 2971 1782 3028 Dominus
1821 2974 1917 3030 leo

343 3069 520 3121 remis:
549 3065 812 3133 propheta
839 3074 895 3118 ut
916 3065 1111 3118 diceret
1133 3063 1312 3119 Same
1339 3065 1451 3134 ﬁlio
1472 3064 1677 3129 Neriw.
1703 3067 1915 3136 quando

2022 1867 2243 1934 ἐξοίσω
2293 1869 2331 1922 ἀ
2368 1870 2653 1922 κατέπιεν
2680 1871 2748 1923 ἐκ
2778 1872 2884 1925 τοῦ
2913 1875 3208 1944 στόματος
3243 1879 3433 1933 αὐτοῦ
3453 1923 3470 1947 ,
3510 1883 3608 1934 καὶ

2023 1965 2096 2015 οὐ
2123 1961 2210 2029 μὴ
2239 1959 2689 2031 συναχθήσεται
2718 1964 2808 2017 ἔτι
2839 1966 2990 2033 πρὸς
3017 1967 3204 2021 αὑτὸν
3229 1971 3300 2021 τὰ
3327 1971 3497 2037 ἔθνη.

2099 2051 2255 2104 Κατὰ
2289 2051 2388 2120 μὲν
2432 2052 2500 2103 τά
2533 2053 2671 2122 πρὸς
2699 2053 2797 2122 τὴν
2836 2054 3156 2109 ἀκολουθίαν
3178 2100 3192 2120 ,
3226 2059 3318 2111 ἐπὶ
3345 2061 3458 2112 τῶν
3501 2062 3607 2114 Βα-

2024 2142 2304 2196 ϐυλωνίων
2337 2142 2481 2196 τοῦτ’
2523 2143 2672 2197 ἔστιν
2702 2146 2956 2200 ἐκλαϐεῖν
2977 2189 2992 2212 ,
3034 2149 3117 2202 ὅτι
3151 2153 3288 2219 μετὰ
3319 2153 3428 2205 τῶν
3454 2155 3608 2206 εἰδὼ-

2023 2235 2162 2297 λων,
2228 2234 2321 2287 καὶ
2369 2236 2550 2288 πᾶσαν
2599 2235 2699 2306 τὴν
2752 2239 3074 2292 δυναστείαν
3127 2242 3307 2294 αὐτῶν
3360 2245 3603 2300 καθελῶ.

2027 2326 2182 2378 Κατὰ
2217 2326 2365 2378 δὲτὸ
2406 2327 2570 2397 ῥητὸν
2621 2326 2696 2390 ὡς
2729 2330 2824 2381 ἐπὶ
2868 2330 2976 2384 τῶν
3020 2332 3277 2387 εἰδώλων.
3334 2337 3494 2398 Τινὲς
3547 2340 3605 2392 δὲ

2022 2418 2196 2482 οὕτως
2227 2419 2455 2487 ἐνόησαν
2480 2420 2576 2484 τὸ,
2624 2421 2871 2485 Ἐξοίσω
2901 2423 2941 2478 ἃ
2978 2428 3255 2495 κατέπιε,
3288 2432 3567 2486 τουτέστιν
3588 2476 3602 2494 .

2027 2511 2246 2582 Ἐξαρῶ
2274 2517 2333 2566 τὸ
2366 2515 2619 2582 μαντεῖον
2647 2513 2740 2567 τοῦ
2777 2515 2905 2586 Βὴλ,
2927 2517 3067 2573 ὥστε
3095 2521 3254 2575 αὐτὸν
3287 2527 3400 2588 τοῖς
3432 2527 3605 2580 πᾶσιν

2022 2601 2159 2660 εἶναι
2193 2609 2692 2680 εὐκαταφρόνητον.

2092 2702 2409 2768 Παριιϐολὴ
2443 2703 2540 2756 ἐπὶ
2572 2706 2946 2772 παραϐολήν.

2091 2792 2383 2859 Τουτέστι,
2422 2795 2668 2869 διήγημα
2699 2800 2788 2852 ἐπὶ
2819 2800 3096 2871 διήγημα,
3125 2800 3209 2855 ἵνα
3251 2803 3407 2875 εἴπῃ.
3443 2807 3604 2861 Ἀλλ-

2019 2884 2292 2957 επάλληλα
2325 2887 2480 2942 ἔσται
2511 2891 2578 2943 τὰ
2607 2891 2755 2944 κακά
2792 2895 2857 2962 τῇ
2895 2893 3196 2948 Βαϐυλῶνι.

2092 2982 2108 2998 ⁶
2144 2978 2208 3031 '0
2247 2979 2430 3048 λόγος
2473 2980 2546 3034 ὃν
2583 2983 2925 3038 ἐνετείλατο
2965 2986 3180 3053 Κύριος
3239 2986 3488 3058 Ἱερεμίᾳ
3525 2990 3602 3058 τῷ

2022 3071 2298 3142 προφήτῃ
2330 3073 2520 3128 εἰπεῖν
2559 3075 2637 3140 τῷ
2665 3076 2854 3143 Σαρέᾳ
2890 3075 2995 3142 υΙῷ
3029 3081 3288 3146 Νηρίου,
3325 3083 3426 3135 ὅτε
3457 3083 3600 3137 ἐποο

341 3160 447 3213 ibat
475 3175 508 3211 a
549 3155 768 3214 Sedecia
815 3172 932 3228 rege
967 3156 1113 3211 Iuda
1162 3159 1219 3211 in
1271 3158 1632 3229 Babylonem,
1679 3162 1738 3218 in
1779 3181 1916 3220 anno

2039 3163 2224 3216 λεύετο
2249 3164 2409 3231 παρὰ
2445 3164 2724 3219 Sedere/av
2744 3166 3054 3233 ,βασιλέως
3083 3168 3279 3223 Ἰούδα
3298 3174 3385 3236 εὶς
3413 3176 3599 3228 Βαϐυ-

339 3261 528 3321 quarto
559 3251 735 3318 regni,
761 3259 810 3303 et
843 3247 1055 3304 Saraeas
1080 3251 1320 3319 princeps
1350 3255 1629 3308 donorum.
1656 3241 1670 3256 ⁵

413 3438 526 3493 Hoc
562 3447 670 3505 est,
723 3437 929 3508 primus
983 3436 1127 3492 inter
1163 3451 1260 3493 eos
1303 3437 1393 3508 qui
1451 3438 1590 3493 dona
1636 3438 1916 3507 ferebant,

342 3544 458 3587 erat
485 3533 695 3588 Sarmas
727 3550 743 3588 :
778 3541 834 3587 et
860 3540 1146 3587 enumerat
1175 3532 1315 3585 dona
1354 3548 1383 3586 a
1415 3530 1644 3587 Sedecia
1674 3533 1751 3586 uti
1786 3536 1918 3588 sub-

343 3628 456 3681 .lito
535 3624 1056 3681 Nabuchodonosori
1135 3625 1336 3690 missa;
1402 3626 1492 3680 ubi
1550 3626 1798 3696 praecipit
1843 3627 1920 3682 illi

344 3733 396 3774 ιιι
444 3722 638 3773 lihrum
671 3720 937 3788 accipiat,
985 3728 1040 3774 et
1088 3703 1220 3789 liget
1265 3718 1500 3788 lapidem
1557 3719 1622 3774 ad
1661 3734 1823 3786 eum,
1865 3730 1922 3776 et

342 3811 592 3882 projiciat
623 3812 676 3864 in
717 3812 950 3864 medium
987 3809 1313 3879 Euphratis,
1343 3809 1556 3879 signum
1589 3811 1786 3865 excidii
1819 3811 1923 3866 Bs-

345 3902 600 3976 hylonici.
640 3899 718 3957 Ne
749 3900 894 3955 enim
925 3901 1108 3954 omnia
1157 3901 1211 3954 in
1246 3899 1468 3955 Barbari
1510 3903 1743 3970 gratiam
1795 3919 1922 3973 pro-

345 3995 490 4049 ferre
525 3994 822 4055 videretur,
873 3991 1051 4044 adhuc
1093 3990 1626 4047 Nabuchodonosore
1681 3994 1919 4064 vigente,

343 4083 662 4141 vaticinium
691 4084 743 4137 in
768 4081 1094 4153 Babylonem
1121 4082 1377 4147 confecit,
1405 4083 1490 4140 his
1518 4085 1772 4140 omnibus
1797 4101 1924 4142 cun-

343 4189 554 4234 testans
582 4175 804 4240 lsraeli,
841 4191 944 4228 non
973 4175 1041 4228 ad
1075 4175 1311 4231 hostium
1351 4176 1775 4232 assentationem
1810 4180 1922 4236 hac

336 4274 549 4336 dicere,
589 4269 684 4324 sed
720 4276 778 4322 ut
807 4267 1003 4323 civitas
1040 4265 1410 4334 resipisceret.
1453 4267 1566 4322 Hoc
1595 4269 1759 4325 linem
1800 4287 1922 4328 esse

345 4367 466 4419 tihri
511 4361 808 4434 prophetici
842 4359 1097 4430 signavit,
1137 4361 1228 4429 qui
1271 4360 1433 4415 verba
1467 4363 1748 4432 prophetae
1791 4379 1920 4418 con-

1941 3335 1946 3340 δ
2019 3253 2205 3316 λῶνα,
2249 3255 2318 3306 ἐν
2341 3253 2422 3318 τῷ
2451 3255 2568 3309 ἔτει
2598 3255 2679 3322 τῷ
2705 3256 2960 3326 τετάρτῳ
2996 3259 3105 3328 τῆς
3129 3260 3476 3329 βασιλείας.
3503 3266 3602 3317 καὶ

2020 3347 2246 3412 Σίιρέας
2276 3345 2387 3416 ἄρχ
2394 3365 2476 3399 ων
2510 3348 2734 3416 δώρων.

2093 3437 2404 3502 Τουτὲστιν,
2430 3441 2457 3492 ὁ
2487 3440 2704 3510 πρῶτος
2731 3441 2840 3495 τῶν
2882 3443 3329 3514 ἁποκομιζόντων
3356 3448 3425 3500 τὰ
3450 3449 3598 3521 δῶρα

2021 3524 2089 3600 ἦν
2121 3531 2148 3582 ὁ
2193 3531 2403 3601 Σαρέας
2432 3549 2444 3562 ·
2477 3531 2629 3600 λέγει
2672 3533 2728 3585 δὲ
2760 3534 2829 3587 τά
2862 3534 3011 3606 δῶρα
3044 3539 3113 3590 τὰ
3158 3539 3308 3608 παρὰ
3347 3541 3599 3595 Σεδεκίου

2023 3619 2469 3690 ἀποστελλόμενα
2530 3621 2609 3692 τῷ
2637 3623 3130 3698 Ναϐουχοδονόσορ,
3165 3627 3290 3680 ἔνθα
3325 3633 3600 3698 προστάτ-

2021 3730 2104 3766 τει
2145 3712 2292 3783 αὑτῴ
2335 3713 2520 3767 λαϐεῖν
2568 3715 2630 3767 τὸ
2670 3715 2880 3784 βιϐλίον
2906 3759 2920 3783 ,
2977 3718 3073 3770 καὶ
3113 3720 3270 3789 δῆσαι
3319 3722 3470 3775 λίθον
3516 3727 3598 3777 ἐπ’

2024 3804 2178 3870 αὐτὸ,
2213 3805 2312 3858 καὶ
2335 3805 2488 3876 ῥίψαι
2515 3809 2595 3870 εἰς
2616 3806 2676 3860 τὸ
2711 3808 2873 3878 μέσον
2907 3809 3000 3862 τοῦ
3027 3812 3336 3881 Εὐφράτου,
3373 3817 3600 3886 μήνυμα

2023 3897 2123 3966 τῆς
2145 3897 2531 3968 ἁπωλείαςτῆς
2559 3899 2911 3964 ἐΒαϐυλῶνος.
2947 3903 3064 3955 Ἵνα
3098 3903 3208 3973 γὰρ
3241 3906 3316 3975 μὴ
3360 3909 3598 3979 νομισθῇ

2024 3989 2167 4042 κατὰ
2204 3990 2362 4058 χάριν
2401 3989 2545 4060 ὑπὲρ
2593 3990 2684 4044 τοῦ
2729 3990 3006 4063 βαρϐάρου
3033 3994 3214 4064 λέγειν
3241 3997 3490 4062 ἅπαντα,
3521 4000 3599 4052 ἔτι

2025 4078 2314 4142 ἀνθοῦντος
2350 4079 2445 4133 τοῦ
2476 4080 2951 4154 Ναϐουχοδονόσορ
2977 4085 3074 4155 τὴν
3119 4085 3259 4138 κατὰ
3285 4088 3385 4158 τῆς
3427 4089 3599 4142 Βαϐυ-

2023 4169 2193 4233 λῶνος
2230 4171 2573 4241 προφητείαν
2616 4173 2914 4244 ἐποιήσατο
2936 4215 2951 4239 ,
2985 4175 3073 4228 διὰ
3113 4177 3333 4231 πάντων
3373 4181 3595 4233 πιστού-

2028 4278 2188 4331 μενος
2231 4261 2323 4314 τὸν
2361 4261 2581 4333 Ἰσραὴλ
2609 4305 2624 4328 ,
2663 4263 2740 4327 ὡς
2779 4265 2841 4318 οὐ
2877 4265 3140 4337 κολακείᾳ
3175 4270 3283 4321 τῶν
3321 4270 3598 4335 πολεμίων

2025 4350 2384 4422 προφητεύων
2430 4353 2577 4422 λέγει
2625 4355 2693 4408 τὰ
2743 4355 2887 4410 κατὰ
2926 4359 3026 4428 τῆς
3073 4357 3317 4425 πόλεως,
3361 4360 3476 4414 ἀλλ’
3509 4365 3599 4415 ἐπὶ

343 4456 613 4521 ι·ιιιιιιινὶι;
640 4469 761 4525 qua:
786 4467 916 4509 vero
941 4461 1242 4522 sequuntur
1277 4453 1463 4507 dicunt
1489 4454 1760 4522 exscripta
1797 4469 1918 4510 esse

2039 4445 2393 4516 τωφρονισμῷ
2453 4446 2561 4499 τῶν
2607 4447 2797 4502 ὅντων.
2846 4449 3016 4503 Τοῦτο
3046 4453 3199 4516 τέλος
3246 4451 3340 4505 τοῦ
3385 4452 3594 4523 βιϐλίου

341 4564 408 4601 ex
445 4546 594 4600 lihris
637 4547 879 4614 ltegum,
932 4559 1054 4597 cum
1108 4544 1332 4598 minime
1389 4544 1456 4598 ad
1512 4544 1652 4600 hanc
1683 4546 1918 4615 prophe-

345 4642 472 4692 tiam
502 4632 806 4694 videantur
823 4634 1031 4695 facere.

983 4911 1138 4966 CAP.
1180 4912 1288 4968 ιιι.

411 5008 573 5062 Vsus.
600 5009 654 5061 7.
685 5006 749 5061 Et
779 5007 975 5062 inerunt
1009 5008 1144 5059 viam
1167 5021 1285 5072 qua:
1310 5005 1380 5058 ad
1407 5006 1605 5060 Arabe.

415 5101 524 5155 lloc
557 5109 661 5164 est,
689 5100 739 5152 in
778 5111 1000 5167 campos
1025 5094 1348 5166 aufugerunt
1389 5114 1403 5150 :
1432 5098 1534 5153 hoc
1562 5101 1705 5154 enim
1746 5101 1920 5154 innuit

340 5198 378 5246 Α
392 5199 538 5248 ιάίιιι.

412 5284 577 5340 Vsus.
611 5284 666 5339 9.
698 5282 764 5335 Et
793 5281 1006 5335 locutus
1033 5289 1106 5334 est
1135 5282 1207 5335 ei.

410 5376 665 5443 Perspice
710 5373 998 5428 barbarum
1045 5373 1351 5438 hominem,
1382 5376 1774 5432 conscientiam
1819 5395 1916 5448 pu-

2020 4538 2115 4592 τοῦ
2143 4541 2424 4611 προφήτου
2457 4543 2862 4613 ἐπεσημήνατο,
2901 4547 2929 4597 ὁ
2975 4545 3188 4609 συνθεὶς
3225 4548 3294 4599 τὰ
3323 4547 3419 4600 τοῦ
3469 4565 3599 4619 προσ

2022 4633 2192 4702 φήτου
2225 4633 2478 4702 ῥήματα,
2521 4633 2591 4686 τὰ
2616 4633 2674 4687 δὲ
2707 4636 2846 4704 μετὰ
2875 4635 3049 4689 ταῦτά
3083 4655 3218 4704 φασι
3247 4639 3310 4691 ὲκ
3341 4639 3451 4691 τῶν
3497 4639 3598 4690 Βα-

2025 4724 2241 4777 σιλειῶν
2291 4722 2714 4794 μετενηνέχθαι,
2752 4725 3008 4795 οὐδεμίαν
3040 4727 3367 4781 ἀκολουθίαν
3408 4728 3596 4800 ἔχοντα

2021 4818 2160 4889 πρὸς
2187 4818 2286 4888 τὴν
2315 4815 2412 4870 τοῦ
2460 4816 2728 4886 Ἱερεμίου
2761 4818 3100 4888 προφητείαν

2600 4910 2857 4964 ΚΕΦΑΛ.
2899 4911 3027 4963 NB‘.

2089 5004 2203 5057 Kal
2230 5004 2650 5075 ἐπορεύθησαν
2673 5003 2789 5072 τὴν
2817 5004 2962 5059 ὁδὸν
2989 5004 3106 5071 τὴν
3137 5006 3223 5068 εἰς
3257 5005 3494 5072 Ἄραϐα.

2091 5095 2402 5160 Τουτέστιν,
2430 5100 2523 5151 ἐπὶ
2537 5098 2639 5168 τὴν
2663 5097 2890 5153 πεδιάδα
2909 5096 3131 5168 ἔφυγον.
3157 5094 3327 5150 Τοῦτο
3353 5096 3463 5168 γὰρ
3492 5113 3596 5168 μή·

2019 5186 2136 5240 νύει
2169 5189 2232 5240 τὸ
2270 5190 2505 5257 Ἄραϐα.

2091 5280 2196 5334 Καὶ
2221 5279 2530 5348 ἐλάλησεν
2558 5280 2739 5346 αὐτῷ.

2089 5373 2232 5443 Ὅρα
2289 5372 2566 5444 βάρϐαρον
2616 5374 2944 5446 ἄνθρωπον,
3003 5372 3063 5425 τὸ
3121 5371 3360 5433 συνειδὸς
3406 5371 3593 5451 ἔχοντα

342 5481 455 5520 ram
493 5465 813 5527 habentem,
859 5461 1115 5530 quoniam
1155 5479 1277 5517 cum
1313 5465 1505 5519 tiducia
1555 5465 1916 5536 jurisjnrandi

2039 5464 2295 5535 :aOapbv,
2331 5465 2517 5535 ἐπειδὴ
2583 5467 2720 5536 μετὰ
2773 5465 3087 5542 παρρησίας
3123 5462 3460 5534 παρεγένετο
3500 5463 3592 5532 τῆς

341 5565 584 5622 venerat,
607 5564 663 5611 et
685 5554 885 5625 quibus
909 5563 991 5608 est
1021 5562 1258 5623 potestas
1278 5557 1469 5626 iudicii
1507 5573 1611 5613 non
1641 5558 1917 5629 refugiunt

2017 5557 2125 5610 τῶν
2162 5557 2362 5628 ὅρκων.
2403 5561 2466 5611 Οἱ
2500 5558 2559 5611 δὲ
2589 5559 2688 5630 τῆς
2732 5558 2890 5626 δίκης
2926 5557 3258 5627 κρατοῦντες
3301 5557 3361 5609 οὐ
3399 5573 3582 5626 παραι-

341 5649 423 5702 vel
461 5647 809 5702 inferioribus
851 5645 1078 5700 reddere
1123 5649 1409 5702 rationem.
1448 5650 1521 5703 Ila
1570 5651 1799 5704 inditum
1832 5659 1918 5705 est

2039 5646 2234 5700 ςοῦνται
2257 5687 2275 5712 ,
2307 5647 2402 5700 καλ⁸
2434 5651 2550 5710 τοίς
2589 5649 3000 5717 ὑποδεεστέροις
3029 5647 3230 5701 διδόναι
3259 5645 3418 5714 λόγον
3443 5660 3459 5674 ⁸
3508 5643 3588 5696 cii-

332 5739 651 5796 tiominih‘us
701 5739 911 5797 honesti
959 5739 1218 5796 studium.
1276 5741 1459 5798 Voluit
1511 5744 1799 5798 ostendere
1854 5754 1913 5797 se

2039 5757 2126 5802 τως
2158 5739 2438 5810 πανταχοῦ
2489 5740 2660 5811 πολλὴ
2689 5743 2799 5804 τοῖς
2838 5739 3149 5810 ἀνθρώποις
3185 5741 3218 5810 ή
3264 5737 3472 5807 σπουδὴ
3502 5735 3588 5788 τοῦ
