3810 6384
376 434 523 500 1039
1157 434 1720 496 SUPPLEMENTUM
1754 435 1844 491 AD
1880 434 1938 492 S.
1974 434 2025 492 J.
2068 427 2559 491 CHRYSOSTOMI
2596 425 2848 485 OPERA.
3352 466 3357 471 ,
3496 403 3639 466 10Αο

1285 571 3632 608 MM

496 762 1377 879 FRAGMENTA
1460 761 1615 875 ΙΝ
1701 755 2482 873 EPISTOLAS
2566 744 3527 868 CATHOLICAS.

1731 981 2000 1054 (Causa,
2038 987 2077 1035 t.
2110 976 2268 1048 VIII.)

954 595 1281 610 ᾜ

380 597 824 615 W

1954 1167 2027 1183 σ-

1222 1316 1342 1404 IN
1418 1311 2095 1405 EPISTOLAM
2171 1312 2264 1400 S.
2341 1306 2847 1407 JACOBI-

868 1506 1104 1566 CAPUT
1161 1508 1456 1565 PRIMUM.
1987 1506 2040 1567 Α

1987 1506 2040 1567 Α
2473 1501 2877 1558 ΚΕΦΑΔΑΙΟΝ
2916 1499 3219 1555 ΠΡΩΤΟΝ.

452 1621 618 1677 νιιιιε.
657 1622 712 1677 2.
750 1621 916 1676 Omne
960 1620 1212 1693 gaudium
1256 1620 1572 1685 existimate,
1600 1618 1792 1688 fratres
1827 1617 1948 1684 mei,

2150 1618 2339 1675 Ὶᾶσαν
2387 1620 2579 1689 χαρὰν
2634 1618 2967 1688 ἡγήσασθε,
3025 1615 3279 1685 ἀδελφοί
3338 1631 3486 1686 μου,
3509 1613 3654 1669 ὅταν

382 1731 498 1769 cum
548 1716 604 1768 in
625 1713 933 1768 tentationes
956 1714 1133 1767 uarias
1157 1712 1468 1765 inciderilis.

2056 1711 2407 1783 πειρασμοῖς
2434 1711 2793 1781 περιπέσητε
2818 1709 3132 1774 ποικίλοις.

452 1807 737 1863 Vinculum
786 1804 1132 1873 infrangibile
1157 1814 1242 1860 est
1288 1801 1529 1868 aIIIictio,
1555 1800 1837 1856 charitatis
1873 1799 1956 1852 in,

2150 1806 2335 1878 lectio;
2369 1806 2479 1877 γάρ
2511 1804 2594 1868 τίς
2628 1805 2777 1857 ἐστιν
2809 1804 2844 1874 ή
2877 1801 3056 1871 θλίψις
3092 1801 3349 1874 caput];
3373 1840 3389 1865 ,
3423 1800 3654 1869 ἀγάπης

382 1907 741 1962 crernentum,
793 1895 1230 1965 contpunctionis
1274 1904 1329 1948 et
1362 1893 1579 1964 pietatis
1630 1892 1885 1947 Iumlame

2150 1903 2306 1972 ξησις,
2332 1897 2677 1966 κατανύξεως
2706 1896 2800 1951 καὶ
2822 1894 3107 1958 εὐλαϐείας
3134 1894 3413 1957 ὑπόθεσις.
3448 1892 3654 1945 Ἀκουε

388 1999 520 2042 ιιιιιι.
565 1989 703 2044 Audi
731 1989 931 2044 etenim
975 1989 1242 2043 dicentem
1277 1986 1578 2042 :Accedens
1613 1986 1683 2039 ad
1733 1984 1891 2039 cervi!

2154 2011 2169 2044 ι
2217 1991 2311 2044 τοῦ
2366 1990 2637 2060 λέγοντος,
2695 1992 2764 2044 El
2812 1986 3121 2058 προσέρχῃ
3179 1985 3506 2039 δουλεύειν
3580 1981 3658 2048 τῷ

387 2089 484 2131 tem
530 2078 642 2147 Dei,
674 2095 916 2149 pra’para
966 2080 1198 2133 animam
1242 2090 1386 2131 tuam
1412 2078 1480 2131 ad
1510 2074 1891 2131 tentationem'

2148 2080 2276 2151 ρίῳ.
2307 2081 2631 2150 ἐτοίμασον
2659 2077 2774 2146 τὴν
2798 2077 3011 2147 ψυχήν
3037 2094 3154 2131 σου
3176 2078 3263 2142 εἰς
3287 2074 3652 2142 πειρασμόν.

392 2171 455 2224 Et
485 2172 738 2228 Christus
774 2173 992 2241 quidem
1026 2185 1076 2227 et
1124 2173 1241 2243 ipse
1261 2172 1435 2226 dicit:
1470 2170 1536 2225 In
1567 2169 1763 2225 munda
1816 2183 1896 2236 pre

2157 2172 2240 2226 t6
2274 2171 2510 2243 Χριστὸς
2560 2170 2618 2224 δὲ
2675 2169 2839 2224 πάλιν
2885 2167 3093 2237 ἔλεγεν,
3163 2167 3268 2221 Ἐν
3317 2163 3399 2230 τῷ
3447 2167 3661 2232 κόσμῳ

386 2278 569 2315 suram
628 2260 922 2328 habebitis,
977 2262 1066 2316 sed
1135 2261 1382 2329 conﬁdite
1427 2260 1472 2314 ³.
1528 2260 1597 2315 Et
1664 2272 1879 2313 rursum

2153 2266 2275 2336 Γψιν
2303 2265 2492 2335 ἔχετε·
2535 2263 2694 2319 ἀλλὰ
2741 2260 3035 2331 θαρσεῖτε.
3084 2259 3194 2314 Καὶ
3233 2258 3421 2325 πάλιν,
3460 2255 3657 2324 Στειὴ

389 2352 626 2422 Angusta
667 2366 715 2407 et
748 2365 893 2408 arcta
939 2355 1025 2410 via
1054 2364 1127 2408 est
1161 2355 1205 2410 ⁸.
1244 2352 1406 2408 Vides
1435 2353 1634 2423 ubique
1694 2350 1893 2405 laudnt:

2155 2357 2549 2428 ίτεθλιμμένη
2583 2357 2622 2425 ἡ
2659 2355 2819 2422 ὁδός.
2864 2354 3029 2426 Ὁρᾷς
3061 2350 3343 2420 πανταχοῦ
3389 2350 3495 2422 τὴν
3540 2348 3659 2402 θλέ-

390 2440 757 2509 alllictionem,
805 2444 1005 2515 ubique
1065 2454 1121 2498 ιιι
1179 2445 1545 2500 necessariam
1575 2459 1605 2499 a
1660 2444 1814 2498 nobis
1846 2457 1889 2496 sn

2155 2468 2161 2495 ι
2191 2449 2615 2519 ἐπαινουμένην,
2648 2443 2928 2515 πανταχοῦ
2963 2439 3552 2515 παραλαμϐανομένην
3583 2437 3659 2500 ὡς

392 2531 722 2599 cipiendam.
758 2529 815 2586 Si
860 2533 1005 2588 enim
1040 2532 1092 2587 in
1141 2534 1301 2601 hujus
1336 2533 1519 2589 mundi
1551 2532 1749 2603 pmliis
1813 2550 1896 2587 net

2155 2542 2373 2612 ιγκαίαν
2397 2536 2563 2594 οὖσαν
2588 2540 2742 2611 ἡμῖν.
2777 2538 2841 2593 Ei
2862 2536 2971 2607 γὰρ
2997 2538 3056 2588 ἐν
3082 2535 3195 2597 τοῖς
3222 2530 3421 2596 ἔξωθεν
3445 2529 3659 2598 ἀγῶσιν

390 2623 510 2680 sine
539 2625 892 2683 tribulatione
913 2642 1169 2683 coronam
1192 2627 1413 2700 accipit,
1466 2644 1624 2684 nemo
1653 2629 1744 2698 qui
1773 2644 1879 2683 non

2156 2635 2247 2699 ἱεὶς
2283 2632 2348 2688 ἂν
2378 2632 2583 2704 ταύτης
2614 2630 2785 2703 χωρὶς
2832 2628 3100 2698 στέφανον
3132 2623 3324 2689 λάϐοι,
3360 2623 3411 2675 εί
3448 2621 3525 2692 μὴ
3565 2620 3660 2673 καὶ

394 2716 691 2783 laboribus,
732 2729 787 2774 et
816 2720 1196 2776 alimentorum
1224 2722 1627 2787 observatione,
1656 2730 1713 2777 et
1746 2721 1895 2793 regin

2157 2743 2257 2790 νοις
2288 2727 2382 2779 καὶ
2406 2724 2593 2777 σιτίων
2616 2723 3001 2794 παρατηρήσει
3027 2720 3123 2772 καὶ
3152 2717 3318 2787 νόμον
3345 2715 3534 2787 διαίτῃ
3567 2713 3661 2766 καὶ

394 2810 481 2865 nis
541 2812 955 2879 consuetudine,
999 2822 1055 2869 et
1106 2813 1349 2885 vigiliis,
1397 2824 1454 2869 et
1491 2813 1611 2868 aliis
1660 2815 1862 2876 multis.

2152 2818 2440 2889 ρυπνὶαις,
2478 2816 2573 2870 καὶ
2608 2815 2824 2886 μυρίοις
2871 2811 3083 2882 ἑτέροις
3131 2807 3325 2862 ἑαυτὸν
3354 2804 3618 2877 ὀχυρῶς-ῃ
3640 2841 3656 2866 ,

393 2911 571 2977 ipsum
623 2906 1034 2973 fortiﬁcaverit,
1085 2910 1255 2964 multo
1299 2908 1473 2980 magis
1527 2908 1579 2963 in
1632 2908 1737 2963 isto
1786 2919 1897 2964 cert

1299 2908 1473 2980 magis
1527 2908 1579 2963 in
1632 2908 1737 2963 isto
1786 2919 1968 2964 certa-
1999 2905 2044 2920 ⁵’
2071 2913 2251 2986 πολλῳ
2281 2912 2482 2985 μᾶλλον
2515 2905 2767 2964 ἐνταῦθα.

395 3015 563 3056 mine.
1219 3052 1229 3062 .

463 3093 628 3150 Vens.
658 3093 747 3148 12.
773 3092 967 3148 Beatus
991 3093 1073 3148 uir
1112 3092 1201 3163 qui
1220 3092 1405 3161 euﬂ‘ert
1449 3101 1813 3159 tentatzonem,
1835 3108 1966 3164 quo-

2160 3097 2440 3168 ilaxdptog
2466 3094 2621 3164 ἀνὴρ
2645 3091 2714 3159 ὃς
2732 3087 3019 3161 ὑπομένει
3046 3081 3403 3155 πειρασμὸν,
3434 3081 3528 3136 ὅτι
3564 3080 3664 3136 δό-

395 3184 563 3248 niam,
593 3200 712 3238 cum
774 3184 1026 3249 probatus
1063 3184 1243 3251 fuerit,
1273 3185 1493 3255 accipiet
1544 3200 1793 3238 coronant
1845 3184 1897 3239 ai

2158 3214 2242 3261 ιος
2280 3191 2603 3262 γενόμενος
2620 3185 2878 3255 λήψεται
2899 3181 3008 3235 τὸν
3032 3178 3341 3248 στέφανον
3361 3173 3473 3242 τῆς
3491 3172 3662 3240 ζωῆς,

393 3292 548 3346 quant
575 3276 871 3348 repromisit
895 3275 1032 3331 Deus
1053 3275 1393 3345 diligentibus
1430 3293 1506 3330 se.
1788 3302 1800 3309 -

2086 3288 2143 3343 ὃν
2166 3284 2558 3355 ἐπηγγείλατο
2586 3283 2618 3334 ό
2647 3277 2863 3345 Κύριος
2880 3272 3008 3338 τοῖς
3028 3269 3345 3342 ἀγαπῶσιν
3370 3268 3590 3322 αὐτόν.

466 3364 705 3438 (Beatus)
737 3367 829 3436 qui
857 3366 1142 3422 dominans
1169 3367 1274 3433 sui,
1303 3381 1364 3421 se
1390 3366 1725 3422 converterit
1758 3366 1824 3421 ad
1850 3365 1969 3421 suf-

2160 3377 2442 3447 ιῦτάρκως
2472 3369 2924 3444 προτρεψάμενος
2978 3362 3312 3433 ὑφίστασθαι
3363 3360 3499 3423 τοὺς
3538 3376 3664 3411 πει-

398 3458 646 3514 ferendas
679 3456 1023 3525 tentationes,
1062 3466 1122 3514 ut
1145 3459 1453 3514 inveniatur
1483 3459 1535 3514 in
1554 3473 1620 3516 eo
1677 3459 1902 3530 probatu

2161 3469 2320 3539 εμοὺς
2359 3465 2500 3537 μετὰ
2531 3464 2742 3535 χαρᾶς.
2776 3460 2863 3514 ἵνα
2896 3458 3190 3527 ἐγγένηται
3220 3454 3454 3523 δόκιμον
3502 3451 3665 3524 ἔργον

394 3567 552 3621 opus,
582 3561 637 3605 et
667 3551 923 3621 patientia
955 3551 1219 3621 perfecta,
1249 3565 1369 3621 qua:
1398 3546 1495 3622 per
1524 3551 1817 3621 semetipsa
1847 3566 1898 3621 ρ(

2158 3583 2166 3615 ι
2185 3559 2432 3630 ὑπομονὴ
2453 3560 2469 3588 ¹
2491 3554 2690 3610 τελεία·
2714 3550 3016 3606 τελειοῦται
3039 3548 3096 3601 δὲ
3117 3547 3290 3601 ταῦτα
3312 3545 3443 3599 καθ’
3466 3542 3662 3605 ἑαυτὰ,

395 3644 675 3705 Iiciuntnr.
700 3657 798 3698 nec
820 3642 1039 3698 aliunde
1067 3644 1407 3702 obtinentur.
1440 3643 1557 3698 Alia
1585 3644 1896 3699 exhortatio

2163 3692 2167 3706 .
2203 3651 2277 3723 μὴ
2311 3650 2375 3704 δι’
2406 3647 2536 3703 ἄλλο
2558 3649 2578 3678 ²
2610 3644 2983 3715 πραττόμενα’
3034 3641 3102 3694 δι’
3146 3638 3340 3710 ἑτέρας
3391 3636 3667 3708 παραινέ-

394 3735 626 3789 snadere
660 3743 891 3788 conatur
922 3742 979 3787 nt
1014 3740 1161 3789 recte
1206 3733 1511 3804 dirigantur
1537 3734 1833 3804 proposita,
1866 3748 1893 3786 a

2161 3763 2212 3809 ος
2250 3743 2460 3797 πείθειν
2495 3740 2766 3811 ἐπιχειρεῖ
2810 3732 3117 3807 κατορθοῦν
3158 3733 3227 3785 τὰ
3278 3733 3665 3802 προκείμενα’

398 3827 658 3882 nuntians
687 3826 894 3881 scilicet
938 3824 1226 3881 etbeatnm
1256 3841 1380 3881 esse
1416 3826 1601 3881 dicens
1636 3827 1902 3881 tentation

2174 3834 2511 3905 ἐπαγγελίαν
2544 3831 2815 3904 μακάριον
2854 3823 2996 3881 εἶναι
3022 3826 3196 3894 λέγων
3221 3824 3313 3877 τὸν
3347 3822 3667 3893 πειρασμὸν

396 3919 754 3975 sustinentem
773 3934 789 3984 ;
808 3917 990 3972 evadit
1018 3917 1162 3972 enim
1187 3917 1266 3974 sic
1294 3918 1509 3973 fortiter
1533 3917 1711 3988 praelia
1735 3918 1900 3971 ducen

2163 3930 2435 4001 ›μὲνοντα.
2463 3926 2759 3996 Γενήσεται
2786 3922 2895 3993 γὰρ
2921 3922 2941 3954 ³
2967 3919 3140 3982 οὓτως
3170 3917 3488 3987 ἀθλητικῶς
3516 3916 3667 3984 ἄγων

397 4015 482 4068 vir
526 4012 820 4084 probatus,
865 4020 919 4066 et
971 4010 1038 4065 ad
1084 4010 1266 4064 omnia
1325 4010 1674 4065 exercitatus.
1728 4010 1794 4064 Et
1844 4025 1901 4065 cn

2196 4021 2407 4088 ἀγῶνα,
2443 4018 2667 4088 δόκιμος
2700 4014 2838 4086 ἀνὴρ
2879 4013 2968 4068 διὰ
3007 4013 3228 4066 πάντων
3269 4009 3670 4081 γεγυμωσμέ-

397 4102 982 4176 apparebitsplendens
1001 4103 1068 4158 de
1087 4104 1188 4157 hac
1224 4105 1508 4158 tenebrosa
1543 4111 1711 4171 terra,
1744 4103 1901 4157 donal

2162 4134 2186 4170 λ.
2216 4112 2376 4169 Οὕτω
2412 4110 2469 4165 δὲ
2498 4108 2827 4179 ἁναφανέντι
2859 4107 2923 4159 ὲκ
2951 4104 3061 4157 τῶν
3094 4102 3470 4174 σκυθρωπῶν,
3502 4101 3666 4172 δοθή-

400 4207 489 4249 tur
519 4209 719 4250 corona
749 4192 998 4262 vitaejam
1035 4208 1063 4247 a
1100 4193 1207 4247 Deo
1235 4202 1540 4263 praeparata
1581 4191 1692 4246 illis
1724 4192 1812 4259 qui
1845 4191 1895 4245 di

2165 4224 2230 4260 :at
2258 4205 2521 4275 στέφανος
2546 4202 2689 4273 ζωῆς
2719 4196 3099 4268 εὐτρεπισθεὶς
3125 4194 3230 4250 ὑπὸ
3258 4193 3356 4248 τοῦ
3385 4193 3530 4247 Θεοῦ
3552 4197 3669 4256 τοῖς

400 4296 529 4358 gnnt
557 4286 729 4341 illum.
762 4284 854 4340 Sic
897 4284 985 4339 ille
1017 4285 1109 4357 qni
1145 4284 1413 4341 suﬂ'erens
1463 4284 1792 4340 tentationes
1851 4299 1904 4340 cc

2163 4298 2238 4353 τὸν
2271 4287 2580 4365 ἀγαπῶσιν.
2610 4290 2797 4355 Οὕτως
2829 4292 2857 4343 6
2887 4287 2965 4359 τῷ
2992 4287 3288 4358 ὑπομένειν
3323 4284 3667 4355 πειρασμὺν,

403 4378 595 4434 temnit
631 4377 847 4432 labores
881 4386 934 4431 et
958 4377 1129 4447 ipsam
1158 4386 1411 4440 mortem,
1439 4390 1694 4432 coronam
1758 4383 1906 4429 atteri

2165 4389 2439 4462 εαφρονῶν
2469 4386 2747 4442 ἐπιπόνων
2775 4384 2873 4438 καὶ
2904 4379 3070 4435 αὑτοῦ
3100 4379 3194 4433 τοῦ
3237 4377 3509 4441 θανάτου,
3546 4377 3669 4429 στέ-

398 4471 526 4526 vitae
548 4469 799 4539 accipiet.
833 4468 887 4522 Si
909 4484 1120 4539 qumras
1144 4483 1211 4523 ex
1245 4484 1351 4539 qua
1385 4468 1609 4522 materia
1646 4483 1902 4537 praepara

2165 4468 2243 4538 ιον
2277 4482 2375 4552 τῆς
2405 4479 2623 4534 αἰωνίου
2672 4475 2820 4546 ζωῆς
2865 4472 3224 4543 ἀπολήψεται.
3259 4469 3484 4540 Ζητείς,
3518 4469 3608 4533 τίς
3637 4471 3669 4539 ἠ

402 4563 543 4619 Deus
572 4578 829 4619 coronam
861 4562 983 4617 vita:
1030 4562 1096 4617 iis
1126 4561 1217 4633 qui
1267 4562 1495 4632 diligunt
1520 4560 1691 4627 illum,
1732 4561 1905 4616 dicem

2164 4591 2182 4644 ἰ
2211 4567 2269 4626 οὗ
2306 4570 2606 4642 ἡτοίμασεν
2627 4567 2655 4619 6
2682 4565 2813 4629 Θεὸς
2848 4562 3115 4631 στεφάνου
3137 4558 3160 4591 ⁸
3196 4558 3343 4627 ζωῆς
3373 4559 3496 4620 τοῖς
3526 4558 3668 4622 67a-

403 4656 544 4726 qnod
610 4666 836 4726 propter
875 4654 1112 4708 divinam
1178 4652 1568 4708 sublimitatem
1618 4651 1809 4706 oculus
1875 4667 1906 4704 ιι

2172 4680 2255 4717 σιν
2293 4661 2491 4725 αὐτόν;
2524 4657 2674 4712 ἐστιν
2715 4674 2734 4707 ι
2764 4656 2800 4710 ἃ.
2825 4653 3123 4724 ἡτοίμασεν
3154 4653 3182 4704 6
3211 4648 3347 4712 Θεὸς
3376 4650 3498 4710 τοῖς
3529 4648 3669 4714 ἁγα-

398 4749 554 4807 vidit.
587 4760 687 4801 nec
729 4745 879 4799 auris
906 4745 1138 4808 audivit,
1172 4758 1274 4800 nec
1297 4744 1350 4798 in
1392 4743 1562 4798 levius
1598 4758 1694 4797 cor
1737 4742 1902 4798 homin

2171 4767 2253 4804 σιν
2293 4750 2484 4814 αὑτὸν,
2523 4766 2541 4799 ι
2582 4745 2618 4800 ἃ
2653 4745 2742 4800 διὰ
2791 4743 3021 4815 μέγεθος
3049 4740 3361 4809 θειότητος,
3396 4736 3527 4807 ὄψει
3571 4734 3670 4788 καὶ

400 4837 646 4897 ascendit
671 4852 789 4906 quae
816 4838 1139 4908 praeparavit
1164 4838 1307 4893 Deus
1329 4837 1398 4892 iis
1415 4839 1505 4907 qui
1540 4837 1771 4906 diligunt
1795 4836 1904 4891 illul

2166 4848 2215 4915 ιῇ
2245 4843 2343 4913 οὺχ
2371 4841 2681 4906 ὑπόκειται,
2716 4838 2836 4892 οὐδὲ
2868 4835 2959 4889 ἐπὶ
2986 4832 3150 4905 ψιλὴν
3175 4832 3366 4901 νόησιν
3388 4832 3411 4864 ⁸
3447 4825 3670 4898 ἀνθρὼ-

2077 4954 2182 4991 που
2209 4935 2571 5007 ἀναϐέϐηκεν.

486 5017 652 5071 Vens.
684 5016 771 5072 l5.
822 5016 1022 5072 Deinde
1070 5018 1513 5087 concupiscentia,
1562 5035 1680 5073 cum
1724 5036 1977 5084 concepe-

2163 5028 2296 5082 Εἶτα
2325 5026 2364 5094 ἡ
2388 5024 2670 5094 ἐπιθυμία
2689 5016 3108 5081 συλλαϐοῦσα,
3130 5015 3315 5069 τίκτει
3343 5011 3667 5082 ἁμαρτίαν·

404 5108 492 5170 rit,
515 5108 656 5174 parit
678 5108 987 5175 peccatum;
1016 5118 1283 5180 peccatum
1306 5120 1482 5165 autem
1507 5128 1623 5165 cum
1646 5129 1908 5167 consumm

2095 5125 2117 5194 ἢ
2137 5122 2205 5177 δὲ
2226 5119 2479 5193 ἁμαρτία
2499 5112 2973 5174 ἀποτελεσθεῖσα
2990 5153 3005 5177 ,
3026 5108 3275 5166 ἀποκύει
3302 5104 3599 5160 θάνατον.

400 5207 511 5251 tum
541 5199 719 5267 luerit,
744 5209 953 5269 generat
988 5209 1229 5255 mortem.
2950 5220 2952 5223 ’

468 5285 615 5339 Dnm'
641 5289 841 5343 etenim
884 5300 1163 5360 peccatum
1199 5308 1509 5363 operantur,
1556 5296 1833 5368 voluptate
1892 5301 1972 5355 in-

2168 5310 2253 5363 Ἐν
2286 5308 2384 5380 μὲν
2419 5306 2530 5378 γὰρ
2557 5303 2638 5375 τῷ
2676 5302 2940 5373 πράττειν
2979 5297 3079 5368 τὴν
3110 5292 3391 5366 ἁμαρτίαν
3427 5291 3540 5346 ὑπὸ
3567 5293 3672 5360 τῆς

398 5378 613 5443 ebriati,
640 5395 746 5435 non
774 5381 852 5436 sic
884 5381 1167 5440 aﬂicimur.
1192 5384 1488 5456 Postquam
1517 5401 1695 5445 autem
1719 5402 1897 5448 ortum

2163 5378 2614 5468 ινῆςήμεθύοντες,
2636 5392 2735 5462 οὐχ
2760 5390 2932 5452 οὕτως
2963 5383 3360 5455 αἰσθανόμεθα.
3407 5381 3667 5435 Ἐπειδὰν

400 5471 559 5526 tinem
590 5475 813 5544 recepit,
842 5484 969 5534 tunc
1001 5491 1174 5547 certe,
1198 5481 1504 5552 pmsertim
1526 5485 1671 5540 omni
1704 5487 1904 5542 exstim

2164 5491 2391 5562 γένηται
2421 5488 2517 5542 καὶ
2563 5483 2708 5558 λάϐῃ
2731 5483 2752 5515 ⁸
2793 5482 2949 5545 τέλος
3011 5480 3135 5533 τότε
3169 5477 3233 5533 δὴ
3280 5476 3525 5548 μάλιστα
3564 5475 3668 5545 τῆς

468 5649 490 5681 ¹
529 5649 695 5707 Eccli.
723 5669 784 5720 ιι,
809 5654 857 5710 ι.
931 5655 952 5687 ⁸
990 5653 1149 5714 Joan.
1174 5656 1402 5727 "1,25.
1478 5661 1499 5693 ⁵
1539 5661 1730 5720 Matth.
1758 5679 1858 5732 vn,
1886 5665 1974 5722 I4.

472 5804 489 5837 ¹
524 5805 657 5861 Cnd.
688 5807 853 5897 qusl.
888 5812 1155 5936 ὖποέιονῆ.
1231 5816 1253 5848 ⁸
1283 5815 1416 5874 Cod.
1439 5817 1603 5873 Coisl.
1630 5817 1820 5889 (XXV)
1855 5818 1904 5873 ἆ]

400 5878 603 5947 νοήσει.
679 5879 701 5912 ⁸
726 5883 787 5936 (ι.
821 5881 883 5939 C.
913 5881 981 5938 λά
1017 5900 1088 5941 οι.

2161 5818 2287 5876 Cod.
2315 5817 2377 5874 C.
2408 5820 2517 5890 γὰρ
2546 5819 2593 5872 6.
2620 5818 2697 5891 1‘
2729 5819 2787 5873 Ω.
2814 5817 2876 5872 C.
2905 5815 3225 5886 στεφάνους.
3301 5813 3325 5847 ⁸
3358 5811 3424 5869 C.
3450 5811 3516 5868 C.
3538 5808 3665 5883 ψιλῇ
