3810 6430
222 375 361 433 {Gil

1201 369 1621 428 FRAGMENTA
1664 368 1729 423 lN
1772 364 2157 424 EPISTOLAM
2195 370 2251 426 S.
2289 369 2540 429 JACOBI.

3373 368 3512 429 1049.

221 499 425 569 ἡδονῆς
481 497 802 568 σσεσθείσης
861 495 1101 567 ἁπάσης,
1158 497 1219 549 τὸ
1263 495 1458 566 πικρὸν
1490 495 1590 564 τῆς
1622 492 1781 547 ἐννοίε

1935 494 2232 562 Voluptate,
2279 510 2499 549 amarus
2541 495 2595 549 in
2641 492 3058 566 intelligentiam
3094 510 3212 550 sese
3269 479 3508 552 insinuat

220 591 609 661 ἐπεισέρχεται
629 588 876 660 κέντρον,
894 589 1223 653 ἁπεναντίας
1241 592 1363 652 ταῖς
1383 586 1703 648 ὼδινούσαις
1724 603 1823 653 γυ-

217 684 426 750 ναιξίν.
460 683 579 737 Ἐπ’
597 683 823 737 ἐκείνων
852 682 957 752 μὲν
986 682 1095 753 γὰρ
1125 681 1232 753 πρὸ
1259 680 1355 735 τοῦ
1380 680 1565 742 τόκου,
1604 679 1770 742 πολὺς
1793 681 1822 733 ὁ

219 771 390 835 πόνος
403 772 497 825 καὶ
522 770 713 834 ὠδῖνες
729 771 972 842 δριμεῖαι
994 771 1355 825 ὲπικόπτουσι
1375 772 1499 833 ταῖς
1524 769 1820 838 ἀλγηδόσιν

217 854 417 927 αὑτάς⁹
454 866 595 934 μετὰ
643 865 699 917 δὲ
744 865 835 918 τὸν
876 866 1037 917 τόκον
1084 865 1303 928 ἄνεσις,
1358 863 1438 934 τῷ
1484 862 1680 934 βρέφει
1717 862 1818 931 τῆς

214 955 419 1025 ὀδύνης
452 954 904 1027 συνεξελθούσης.
958 956 1225 1010 Ἐνταῦθα
1258 956 1316 1010 δὲ
1349 957 1449 1026 οὐχ
1480 955 1672 1019 οὕτως’
1702 953 1819 1008 ἀλλ’

217 1047 333 1111 ἕως
364 1049 464 1118 μὲν
516 1048 582 1102 ἂν
628 1049 911 1120 ὠδίνωμεν
959 1050 1055 1104 καὶ
1103 1050 1576 1121 συλλαμϐάνωμεν
1618 1051 1686 1103 τὰ
1734 1049 1816 1103 δυ»

216 1138 547 1211 εφθαρμένα
593 1145 864 1213 νοήματα,
902 1143 1313 1213 εὐφραινόμεθα
1368 1143 1464 1196 καὶ
1520 1142 1811 1214 χαίρομεν

215 1231 445 1284 ἐπειδάν
500 1231 558 1284 δὲ
615 1232 978 1303 ἀποτέκωμεν
1034 1234 1097 1286 τὸ
1154 1233 1391 1305 πονηρὸν
1446 1233 1663 1287 παιδίον
1712 1231 1814 1304 τὴν

215 1322 520 1395 ἁμαρτίαν,
575 1324 696 1377 τότε
746 1324 807 1378 τὸ
856 1320 1046 1395 αἵσχος
1092 1324 1187 1380 τοῦ
1238 1326 1525 1398 τεχθέντος
1578 1326 1809 1392 ἰδόντες,

213 1414 573 1485 ὀδυνώμεθα,
606 1416 727 1470 τότε
768 1416 1176 1487 διακοπτόμεθα
1214 1419 1321 1473 τῶν
1352 1420 1659 1473 ὠδινουσῶν
1709 1436 1811 1488 γυ-

214 1508 427 1563 ναικῶν
474 1509 883 1580 χαλεπώτερον.
938 1511 1030 1565 Διὸ
1082 1512 1390 1583 παρακαλῶ
1436 1513 1511 1583 μὴ
1558 1512 1809 1583 δέχεσθαι

219 1599 327 1671 μὲν
358 1599 594 1670 μάλιστα
618 1603 770 1673 παρὰ
796 1603 897 1674 τὴν
932 1603 1107 1673 ἀρχὴν
1140 1604 1439 1676 ἐπιθυμίαν
1473 1604 1809 1675 διεφθαρμέ-

213 1709 341 1762 νην·
370 1693 420 1746 εί
448 1693 505 1747 δὲ
535 1695 629 1748 καὶ
656 1695 978 1766 ἐδεξάμεθα,
1006 1697 1332 1764 ἀποπνίγειν
1360 1697 1510 1751 ἔνδον
1539 1699 1610 1752 τὰ
1636 1699 1807 1769 σπέρ-

216 1802 391 1855 ματα.
423 1786 485 1840 El
535 1787 592 1840 δὲ
622 1789 718 1841 καὶ
751 1789 912 1860 μέχρι
938 1789 1132 1844 τούτου
1177 1791 1611 1863 ῥαθυμήσωμεν,
1656 1790 1807 1856 ἐξελ-

1926 586 2199 641 stimulus.
2225 586 2664 643 Parturientibus
2700 589 3038 642 contrarium
3076 588 3278 643 accidit
3306 589 3504 646 mulie-

1926 680 2094 733 rihus.
2127 679 2327 736 Matres
2355 681 2558 735 etenim
2585 690 2714 737 ante
2763 692 2999 752 partum,
3026 692 3082 738 et
3118 684 3318 738 multus
3353 685 3506 738 labor

1922 776 1973 822 et
1991 769 2260 839 puerperii
2286 769 2588 825 acutissimi
2629 771 2865 836 dolores,
2891 783 3137 841 premunt
3160 776 3350 841 malis;
3383 786 3505 843 post

1923 875 2052 914 veru
2068 870 2279 928 partum
2304 862 2540 929 requies,
2568 861 2744 917 fructu
2770 864 3046 935 dissipatis
3062 866 3340 921 arumnis.
3364 866 3497 922 Pec-

1920 952 2170 1007 cantibus
2200 966 2381 1006 autem
2430 969 2536 1007 non
2583 955 2685 1009 sic.
2717 955 2823 1011 Sed
2862 959 3105 1025 quandiu
3153 960 3395 1028 paritnus
3443 971 3498 1015 et

1920 1044 2258 1112 concipimus
2290 1056 2581 1114 corruptas
2621 1047 2999 1116 cogitationes,
3024 1060 3078 1105 et
3100 1051 3399 1120 gaudemus
3439 1063 3495 1108 et

1919 1135 2182 1191 hetamur.
2223 1136 2514 1208 Postquam
2543 1149 2724 1194 autem
2752 1142 3062 1209 peperimus
3096 1145 3394 1212 pessimum
3436 1145 3497 1198 ll-

1917 1226 2069 1291 lium,
2096 1238 2398 1298 peccatum,
2436 1243 2563 1283 tunc
2591 1230 2705 1298 jam
2738 1232 2985 1286 videntes
3003 1232 3167 1303 geniti
3196 1234 3491 1289 lteditatem

1916 1317 2180 1385 patimur,
2216 1326 2341 1372 tunc
2373 1320 2642 1374 credelius
2667 1337 2828 1390 quam
2852 1323 3213 1391 parturientes
3240 1324 3495 1380 mulieres

1914 1408 2234 1476 premimur.
2294 1407 2526 1479 Propter
2573 1415 2716 1480 quod
2779 1413 2986 1467 suadeo
3042 1428 3109 1467 ne
3161 1414 3491 1484 accipiamus

1911 1499 2154 1569 quidem,
2177 1503 2478 1569 praesertim
2511 1503 2565 1557 in
2618 1507 2911 1575 principio,
2942 1506 3271 1563 desiderium
3301 1523 3493 1563 corru-

1913 1601 2085 1661 ptum.
2125 1593 2181 1647 Si
2220 1602 2400 1649 autem
2432 1595 2541 1663 jam
2577 1597 2973 1666 acceperimus,
3021 1613 3207 1655 semen
3251 1601 3304 1655 in
3336 1602 3491 1658 nobis

1912 1682 2334 1750 restinguamus.
2366 1683 2519 1751 Quod
2544 1686 2590 1739 si
2621 1702 2749 1741 vero
2781 1703 2957 1757 usque
2984 1691 3126 1745 adeo
3158 1691 3491 1761 negligentes

1914 1773 2175 1829 fuerimus
2205 1784 2263 1828 ut
2289 1774 2399 1843 jam
2433 1778 2668 1833 creverit
2690 1781 2741 1834 in
2770 1795 2907 1850 Opus
2936 1791 3245 1849 peccatum,
3269 1799 3487 1839 rursum

212 1879 420 1932 θοῦσαν
451 1882 533 1945 εἰς
581 1879 742 1952 ἔργον
785 1881 884 1952 τὴν
928 1884 1205 1954 ἁμαρτίαν
1262 1884 1585 1939 ἀποκτεῖναι
1641 1885 1781 1939 πάλι·

1914 1866 2042 1921 illud
2099 1868 2491 1925 interliciamus
2555 1871 2898 1939 confusione,
2945 1873 3223 1944 lacrymis,
3261 1884 3317 1933 et
3345 1876 3489 1933 illius

209 1971 288 2025 δι’
319 1970 760 2044 ἐξομολογήσεως
792 1977 886 2029 καὶ
919 1975 1195 2043 δακρύων,
1228 1976 1319 2030 διὰ
1345 1976 1442 2031 τοῦ
1474 1979 1805 2049 κατηγορεῖν

210 2062 434 2116 ἑαυτοῦ
460 2064 613 2118 οὐδὲν
641 2065 750 2137 γὰρ
777 2066 950 2131 οὕτως
977 2067 1223 2137 ὀλέθριον
1252 2067 1642 2139 ἁμαρτίας,ὡς
1675 2085 1807 2122 κατ-

209 2156 416 2227 ηγορία
450 2158 546 2209 καὶ
575 2159 945 2226 κατάγνωσις.

288 2247 590 2313 Θρησκειά
637 2250 864 2318 καθαρὰ
904 2249 1000 2303 καὶ
1031 2250 1317 2320 ἀμίαντος
1344 2251 1503 2321 παρὰ
1554 2251 1676 2318 Θεῷ
1703 2252 1803 2306 καὶ

209 2339 395 2406 Harp!
445 2341 600 2409 αὕτη
625 2341 818 2405 ἐστὶν.
843 2342 1315 2398 ἐπισκέπτεσθαι
1361 2345 1663 2414 ὀρφανοὺς
1696 2346 1799 2400 καὶ

206 2430 406 2500 χήρας
434 2431 503 2485 ἐν
542 2432 617 2502 τῇ
650 2436 852 2504 θλίψει
885 2434 1103 2502 αὐτῶν,
1133 2435 1402 2492 ἄσπιλον
1447 2438 1668 2492 ἑαυτὸν
1695 2455 1798 2508 τη.

199 2522 342 2590 ρεῖν
370 2524 488 2578 ἀπὸ
525 2526 629 2580 τοῦ
657 2528 909 2598 κόσμου.

285 2616 458 2670 Τοῦτό
491 2618 662 2680 ἐστιν,
695 2612 740 2688 ᾧ
773 2621 1086 2686 ἐξισοῦσθαι
1108 2622 1389 2694 δυ·.άμεοα
1417 2621 1496 2693 τῷ
1526 2620 1648 2693 Θεῷ
1671 2620 1752 2694 τῷ
1773 2623 1797 2656 '

205 2707 385 2762 ἐλεεῖν
415 2711 511 2763 καὶ
540 2712 856 2783 οἰκτείρειν.
889 2715 1061 2768 Ὅταν
1108 2712 1204 2768 οὖν
1241 2714 1402 2769 τοῦτο
1435 2715 1510 2787 μὴ
1554 2716 1793 2787 ἔχωμεν,

202 2798 304 2852 τοῦ
334 2800 537 2864 παντὸς
566 2803 1014 2876 ἀπεστερήμεθα.
1052 2808 1167 2861 Οὐκ
1191 2804 1367 2871 εἶπεν,
1416 2808 1544 2862 Ἐὰν
1572 2807 1795 2880 νηστεύ-

206 2909 341 2961 σητε
364 2894 543 2963 ὅμοιοί
572 2897 696 2949 sm
723 2898 802 2968 τῷ
834 2900 1009 2972 Πατρλ⁸
1044 2901 1220 2971 ὑμῶν·
1261 2901 1414 2955 οὐδὲν
1440 2902 1551 2973 γὰρ
1583 2900 1793 2956 τούτων

204 2984 403 3055 cupit“
435 2985 590 3050 Θεὸν,
622 2988 746 3041 οὐδὲ
772 2990 1062 3060 ἐργάζεται
1092 3010 1144 3047 τι
1178 2992 1384 3047 τούτων
1414 2994 1442 3046 ὁ
1466 2993 1622 3057 Θεὸς,
1656 2993 1794 3048 ἀλλὰ

200 3076 297 3144 τίς
332 3078 590 3133 Γίνεσθε
618 3083 993 3151 οὶκτῲμονες
1019 3085 1100 3151 ὡς
1133 3088 1166 3139 ὁ
1190 3086 1394 3156 Πατὴρ
1421 3085 1590 3155 ὑμῶν
1613 3086 1634 3118 ⁹
1663 3089 1697 3140 ό
1720 3085 1793 3141 ἐν

1907 1960 2275 2015 accusatione.
2303 1960 2448 2015 Nihil
2475 1964 2620 2017 enim
2653 1965 2724 2018 ita
2754 1966 2962 2033 peccati
2990 1966 3300 2025 destructor
3344 1970 3488 2025 sicut

1906 2059 1961 2109 et
1981 2053 2257 2109 accusatio
2278 2064 2333 2109 et
2360 2054 2769 2112 condemnatio.
3579 2053 3582 2057 ’

1969 2235 2138 2294 Vnus.
2185 2238 2279 2295 97.
2335 2238 2538 2310 Religio
2591 2241 2790 2295 munda
2838 2253 2885 2297 et
2932 2242 3276 2298 immaculata
3340 2244 3484 2311 apud

1903 2333 2073 2387 Deum
2106 2342 2155 2387 et
2179 2331 2400 2387 Patrem
2424 2333 2536 2388 Iuro
2561 2344 2638 2389 est
2666 2353 2685 2392 :
2718 2337 2933 2390 visitare
2964 2337 3149 2391 viduas
3170 2348 3216 2391 et
3253 2338 3483 2405 pupillos

1900 2426 1955 2478 in
1986 2425 2331 2482 tribulatione
2356 2443 2563 2495 eorum,
2598 2438 2648 2482 et
2679 2430 3079 2485 immaculatum
3107 2447 3163 2485 se
3214 2432 3483 2487 custodire

1899 2517 1966 2571 ab
1992 2519 2089 2572 hoc
2117 2520 2330 2576 swculo.

1968 2613 2024 2667 ld
2050 2623 2155 2678 est,
2194 2615 2247 2669 in
2280 2615 2382 2670 hoc
2405 2615 2616 2670 similes
2647 2614 2758 2669 Deo
2786 2614 2902 2670 lieri
2933 2630 3243 2684 possumus.
3282 2615 3325 2669 si
3380 2614 3484 2669 mi-

1899 2722 2146 2762 seremur
2171 2716 2227 2761 et
2254 2710 2635 2777 compatiuntur.
2666 2706 2721 2762 Si
2747 2707 2864 2762 haec
2890 2722 3020 2776 ergo
3053 2724 3161 2762 non
3193 2708 3475 2772 habemus,

1898 2800 1966 2853 ah
1993 2800 2109 2869 ipso
2141 2801 2364 2854 omnino
2420 2815 2762 2867 separamur.
2799 2799 2917 2855 Non
2965 2801 3100 2856 dicit
3127 2819 3140 2855 :
3174 2800 3233 2855 Si
3261 2800 3474 2869 jejuna-

1896 2890 2106 2953 veritis,
2140 2890 2350 2945 similes
2384 2890 2539 2944 eritis
2585 2889 2729 2944 Patri
2764 2901 2968 2958 vestro,
3002 2890 3136 2945 nihil
3171 2892 3317 2945 enim
3370 2891 3476 2945 tale

1894 2981 2031 3051 apud
2048 2979 2214 3034 Deum
2242 2994 2339 3035 nec
2359 2980 2555 3035 similia
2590 2981 2695 3036 illis
2714 2993 3003 3051 operatur;
3023 2982 3115 3058 sed
3134 2981 3265 3052 quid
3290 2981 3423 3037 dicit
3453 2996 3471 3035 :

1896 3073 2081 3130 Estote
2104 3074 2466 3129 misericordes
2502 3074 2635 3128 sicut
2658 3085 2704 3128 et
2738 3074 2903 3129 Pater
2937 3074 3219 3154 vesterpqni
3248 3075 3300 3128 in
3330 3073 3474 3129 cretis

201 3167 333 3236 τοῖς
365 3171 665 3239 οὐρανοῖς.
714 3174 884 3227 Τοῦτο
914 3176 1048 3229 θεοῦ
1093 3176 1273 3246 ἔργον.
1333 3179 1457 3231 Ἐὰν
1491 3176 1583 3234 οῦν
1627 3178 1781 3233 τοῦτο

1914 3179 1967 3222 εει
1991 3169 2032 3220 ⁸.
2058 3166 2172 3222 Hoc
2195 3166 2288 3222 Dei
2314 3184 2472 3237 opus.
2502 3164 2558 3222 Si
2584 3168 2714 3221 illud
2734 3182 2864 3237 ergo
2890 3184 2998 3223 non
3020 3170 3208 3234 habes,
3226 3169 3353 3240 quid
3380 3168 3478 3222 ha-

204 3259 285 3401 μῖι
312 3258 463 3332 ἔχῃς,
491 3262 544 3315 τί
579 3262 760 3335 ἐχεις;
789 3267 1009 3321 Ἐλεον
1040 3269 1225 3336 θέλω,
1257 3270 1424 3342 φησὶ.
1453 3271 1551 3327 καὶ
1578 3272 1653 3327 οὐ
1683 3273 1789 3328 θυ-

204 3364 250 3401 σ
276 3365 374 3401 αν.

200 3364 374 3405 σιαν.

839 3473 1089 3530 ΚΕΦΑΛ.
1120 3477 1197 3533 B'.

272 3557 557 3630 ,Ἀδελφοί
613 3578 734 3631 μου
752 3603 767 3629 ,
800 3562 889 3635 μὴ
956 3568 1029 3623 ἐν
1059 3574 1596 3642 προσωποληψίαις
1622 3574 1793 3645 ἔχετε

201 3655 319 3719 τὴν
344 3655 554 3710 πίστιν
589 3658 697 3713 τοῦ
733 3662 958 3731 Κυρίου
981 3662 1154 3734 ἡμῶν
1174 3665 1378 3735 Ἰησοῦ
1402 3669 1660 3738 Χριστοῦ
1680 3669 1790 3740 τῆς

201 3744 408 3812 δόξης.

277 3839 431 3902 Τίνος
476 3840 665 3896 ἕνεκεν
711 3844 776 3898 σὺ
811 3846 957 3917 μέγα
986 3852 1242 3922 φρονεῖς,
1288 3852 1491 3923 φησίνς
1543 3855 1614 3908 Ἦ
1646 3855 1790 3910 διατί

202 3930 366 3985 πάλιν
405 3932 592 4004 ἕτερος
621 3936 812 3993 ἑαυτὸν
842 3940 1209 4008 ἐξευτελίζεις
1242 3945 1379 4016 Οὐχὶ
1410 3946 1573 4017 σῶμά
1617 3948 1788 4018 ἐσμεν

202 4020 443 4083 ἅπαντες
464 4022 543 4087 ἒν,
577 4026 671 4079 καὶ
699 4029 929 4097 μεγάλοι
956 4033 1050 4085 καὶ
1076 4035 1299 4102 μικροί;
1331 4036 1501 4090 Ὀταν
1519 4033 1614 4090 οὖν
1642 4038 1786 4092 κατὰ

198 4112 263 4164 τὸ
288 4114 581 4183 κεφάλαιον
611 4118 671 4171 ἓν
697 4113 847 4192 ὦμεν
875 4124 969 4178 καὶ
997 4126 1246 4196 ἀλλήλων
1273 4128 1432 4199 μέλη,
1465 4129 1519 4183 τί
1555 4132 1620 4202 τῇ
1644 4131 1786 4185 ἀπο-

200 4206 320 4275 νοίᾳ
364 4206 676 4277 αὑχίζεις¹⁰
725 4214 961 4279 σαυτόνς
1011 4216 1063 4269 τι
1110 4217 1345 4291 αἰσχύνῃ
1382 4219 1475 4274 τὸν
1520 4220 1781 4292 ἀδελφόν;

200 4293 415 4366 Ὠσπερ
454 4300 563 4372 γὰρ
607 4304 813 4369 ἐκεῖνός
848 4322 941 4359 σου
984 4309 1175 4379 μέλος,
1222 4311 1368 4366 οὕτω
1397 4314 1653 4369 κάκείνου
1681 4316 1780 4382 σὺ,

199 4387 293 4441 καὶ
321 4389 490 4462 πολλὴ
519 4394 661 4449 κατὰ
685 4395 845 4451 τοῦτο
872 4399 907 4469 ή
931 4400 1214 4472 ὁμοτιμία.

282 4575 364 4630 οὐ
394 4574 727 4649 διεκρίθητε
759 4582 831 4637 ἐν
855 4583 1095 4654 ἑαυτοῖς
1128 4586 1229 4643 καὶ
1268 4589 1551 4662 ἐγένεσθε
1582 4595 1777 4665 κριταὶ

196 4662 599 4738 διαλογισμῶν
622 4674 933 4743 πονηρῶνς
1512 4724 1515 4725 ,

264 4760 336 4813 Τὸ
365 4762 500 4815 αὐτὸ
538 4766 619 4828 εἰς
665 4767 930 4840 ἀλλήλους
970 4772 1322 4844 φρονοῦντες.
1364 4779 1705 4851 Παρεγένετο
1742 4783 1772 4837 ό

193 4849 381 4947 πένης·
412 4856 572 4922 γενοῦ
608 4859 731 4913 κατ’
759 4862 939 4928 [αὑτὸν
963 4864 1005 4897 ¹¹
1044 4866 1124 4939 τῷ
1157 4849 1487 4942 φρονήματι’
1522 4873 1598 4947 μὴ
1649 4876 1771 4946 μεί-

194 4941 318 5003 ζονα
343 4948 659 5024 καταϐάλῃς
691 4954 858 5024 ὄγκον
885 4957 973 5013 διὰ
1004 4960 1097 5015 τὸν
1127 4941 1378 5020 πλοῦτον’
1405 4968 1506 5021 οὐκ
1524 4941 1776 5024 *ἔστινπά-

192 5042 721 5135 γης-καὶ-πλούσιος
765 5050 826 5103 ἐν
868 5052 1111 5126 Χριστῳ.
1155 5057 1246 5130 Μὴ
1295 5059 1476 5115 τοίνυν
1509 5063 1774 5135 ἐπαισχύ-

1895 3262 2032 3319 bes?
2060 3260 2487 3317 Misericordia":
2513 3260 2651 3329 volo,
2686 3262 2839 3328 dicit,
2863 3272 2913 3317 et
2947 3280 3050 3318 non
3078 3263 3396 3333 sacri/icium
3426 3261 3472 3318 ⁷.

2556 3472 2708 3529 CAP.
2742 3439 2839 3528 11.⁹

1968 3587 2138 3644 Vens.
2180 3588 2233 3642 Ι.
2271 3584 2490 3640 Fratres
2521 3586 2646 3649 mei,
2683 3584 2842 3639 nolite
2875 3583 2933 3638 in
2983 3595 3327 3652 personarum
3377 3594 3473 3632 ae-

1894 3681 2129 3748 ceptioue
2188 3678 2381 3733 habere
2411 3678 2567 3746 ﬁdem
2618 3676 2828 3731 Domini
2885 3675 3052 3729 nostri
3083 3671 3215 3728 Jesu
3271 3670 3473 3728 Christi

1891 3772 2098 3845 gloriae.

1962 3866 2101 3935 Quid
2131 3874 2215 3921 est
2240 3867 2380 3937 quod
2414 3866 2480 3921 de
2516 3874 2567 3920 te
2616 3863 2851 3936 superbe
2893 3865 3086 3927 sentis,
3110 3861 3235 3916 dum
3282 3876 3313 3916 e
3340 3876 3475 3916 cou-

1892 3975 2077 4024 verso,
2117 3959 2260 4014 alter
2320 3959 2554 4027 teipsum
2617 3957 2962 4014 contemnit?
3024 3954 3221 4012 Nonne
3274 3969 3471 4023 corpus

1891 4069 2058 4108 unum
2087 4068 2276 4108 sumus
2297 4066 2512 4117 omnes,
2543 4059 2598 4104 et
2625 4049 2806 4120 magni
2833 4060 2888 4105 et
2917 4048 3106 4120 parvi?
3143 4048 3283 4103 Dum
3309 4061 3467 4115 ergo,

1890 4146 2188 4202 secundum
2216 4147 2359 4214 quod
2388 4142 2716 4212 prmeipuum
2746 4153 2852 4206 εει,
2878 4155 3043 4193 unum
3072 4153 3281 4199 sumus,
3305 4146 3362 4191 et
3392 4137 3471 4191 al-

1888 4242 1974 4288 ter
2002 4234 2225 4288 alterius
2251 4233 2519 4292 membra.
2552 4232 2681 4300 quid
2732 4239 2784 4284 tu
2823 4228 3304 4284 intolerantissime
3359 4225 3471 4294 glo-

1890 4329 2073 4392 riaris,
2098 4327 2229 4397 quid
2273 4325 2496 4381 fratrem
2541 4324 2870 4379 contumelia
2906 4321 3110 4376 vexas?
3136 4320 3290 4375 Sicut
3318 4319 3467 4374 eiiim

1888 4422 1990 4477 iste
2020 4419 2323 4475 membrum
2357 4428 2530 4484 tuum,
2553 4416 2635 4473 sic
2654 4425 2709 4472 et
2737 4424 2791 4470 tu
2818 4414 3010 4487 ipsius,
3035 4421 3091 4467 et
3120 4412 3246 4467 inde
3273 4425 3466 4481 magna

1809 4520 1857 4579 ι)
1887 4514 2110 4570 honoris
2143 4512 2446 4583 aequalitas.

1959 4606 2127 4661 Vsus.
2174 4604 2230 4659 4.
2286 4603 2478 4658 Nonne
2528 4601 2790 4673 judicatis
2838 4598 2982 4670 apud
3024 4596 3380 4666 vosmetipsos,
3413 4602 3465 4651 et

1886 4699 2021 4770 facti
2053 4697 2181 4752 estis
2206 4695 2415 4767 jndices
2443 4695 2817 4767 cogitationum
2847 4692 3148 4760 iniquarum
3170 4689 3196 4743 ?

1950 4790 2095 4847 Idem
2135 4789 2205 4846 de
2251 4790 2506 4844 omnibus
2547 4801 2874 4844 seuuannts.
2911 4784 3075 4840 Adest
3104 4796 3330 4854 pauper,
3363 4796 3460 4836 cu-

1883 4900 1997 4940 ram
2035 4882 2191 4938 istius
2210 4881 2353 4937 habe
2382 4881 2503 4935 forti
2537 4878 2757 4946 animo;
2800 4893 2900 4932 nec
2931 4874 3190 4943 majorem
3225 4876 3291 4927 de
3317 4872 3457 4925 divi-

1884 4978 1974 5032 tiis
2002 4976 2291 5031 elationem
2327 4973 2591 5042 accipias.
2625 4968 2813 5039 Neque
2843 4983 3049 5040 pauper
3079 4981 3257 5036 neque
3305 4964 3458 5020 dives

1878 5075 1964 5121 est
2012 5065 2066 5120 in
2100 5062 2339 5118 Christo.
2371 5062 2487 5117 Noli
2544 5063 2728 5131 itaque
2780 5061 3105 5114 erubescere
3149 5058 3201 5111 in
3243 5055 3455 5112 externi

192 5144 285 5225 νῃς
308 5131 349 5225 ’ξ
378 5130 468 5225 διὰ
503 5135 605 5205 τὴν
636 5137 840 5203 ἔξωθεν
875 5144 1193 5218 περιὸολὴν,
1228 5148 1366 5203 ἀλλὰ
1398 5152 1657 5220 ἀπόδεξαι
1679 5130 1772 5210 διὰ

1914 5156 2057 5225 pecie
2087 5153 2410 5217 indumenti,
2446 5151 2543 5205 sed
2574 5130 2722 5204 illum
2758 5149 2946 5219 accipe
2969 5145 3268 5201 secundum
3303 5143 3451 5197 inte-

190 5222 285 5289 τὴν
315 5222 462 5278 ἔνδον
496 5227 701 5284 πίστιν.

270 5315 614 5409 Ἀκούσατε,
658 5322 911 5394 ἀδελφοί
942 5326 1074 5397 ’μου
1090 5332 1533 5408 ἀτηπητοὶβὺχ
1562 5342 1596 5393 ό
1626 5339 1769 5409 Θεὸς

189 5407 504 5476 ἐξελέξατο
557 5415 698 5483 τοὺς
754 5423 1032 5492 πτωχοὺς
1083 5426 1190 5481 τοῦ
1248 5407 1527 5501 κόσμου,
1574 5407 1766 5488 πλουέ·

258 5586 278 5618 ⁸
310 5587 439 5646 Luc.
468 5608 546 5658 νι,
576 5593 666 5651 36.
744 5597 788 5652 ⁷.
832 5599 1023 5659 Matth.
1052 5620 1130 5674 Ix,
1167 5596 1253 5663 l3.

1877 5250 2075 5304 riurem
2109 5247 2289 5301 Iidem.

1950 5340 2118 5395 Vens.
2151 5341 2208 5406 5,
2238 5339 2294 5395 6.
2315 5339 2531 5402 Audite,
2558 5337 2752 5408 fratres
2775 5353 2873 5389 me:
2902 5332 3265 5396 dilectissimi;
3289 5344 3459 5383 nonne

1890 5433 2036 5497 Deus
2062 5433 2214 5503 elegit
2237 5446 2489 5502 pauperes
2539 5432 2594 5484 in
2643 5431 2740 5484 hoc
2778 5431 2995 5493 mundo,
3025 5427 3213 5481 diuites
3245 5426 3300 5478 in
3349 5420 3458 5485 ﬁde

258 5744 458 5841 facinc'
573 5767 650 5841 ,ῗχ
669 5766 915 5841 ,ξ’θιξνεςι.
988 5760 1099 5841 δεῖ.
1132 5761 1195 5816 C.
1230 5766 1381 5836 περὶ.
1458 5764 1558 5821 'C.
1587 5764 1649 5821 C.
1682 5765 1781 5838 ἠμί

1980 5768 2023 5801 ’⁸
2048 5768 2090 5824 C
2115 5767 2177 5827 C:
2215 5766 2448 5840 σχίζεις.
2511 5767 2955 5841 ἁπονοιαυχίζεις
2990 5769 3127 5826 Cod.
3226 5765 3272 5800 “
3295 5762 3455 5822 C.‘C.

192 5814 419 5873 ἐκεῖνον.
499 5821 542 5854 ¹¹
571 5822 633 5877 C.
666 5823 727 5880 C.
758 5829 1147 5898 ἐπαισχυνθῇς.
