3810 6424
390 311 529 367 1083

1188 296 1996 365 ’ΒυΡΡιΕΜΕΝΤυΜ”Ᾰῐ)8.
2034 302 2084 359 J.
2121 297 2610 356 CIIRYSOSTOMI
2648 295 2902 353 OPERA.

3507 292 3648 347 10H

387 435 434 478 et
461 417 691 480 hiaredes
729 442 871 495 regns
919 427 1057 497 quod
1090 430 1384 494 repromisit
1441 429 1576 485 Deus
1613 429 1946 498 diligentibus

2083 422 2222 486 ἰύυς
2264 420 2335 473 ἐν
2358 418 2578 480 πίστει,
2610 416 2707 472 καὶ
2735 410 3148 481 κληρονόμους
3177 401 3290 471 τῆς
3315 402 3647 498 ﬂaceidae

388 519 477 572 se?
503 536 591 573 vos
624 530 796 573 autem
830 520 1192 575 exhonorastis
1219 539 1518 592 pauperem.

462 695 570 752 Nos
601 700 766 764 enim,
799 699 942 754 sicut
963 715 1124 769 quam
1157 701 1397 756 maxima
1429 702 1570 771 passi
1598 702 1946 770 detrimenta,

392 787 466 843 ita
495 788 921 858 supplicantibus
962 790 1308 858 insultatnns,
1348 807 1546 860 eosque
1577 793 1952 858 abltorremus,

392 894 493 933 nec
537 880 663 948 quid
715 879 928 944 damus,
959 881 1052 935 sed
1085 896 1114 934 e
1144 893 1331 936 contra
1384 883 1788 938 contristamus.
1824 884 1958 937 Cor-

392 970 544 1037 ripite
565 979 619 1022 ut
643 969 887 1038 fratrem,
919 971 1050 1024 dicit
1077 971 1294 1035 Paulus,
1327 981 1371 1025 et
1395 971 1557 1025 nolite
1580 972 1712 1024 sicut
1744 973 1955 1025 inimico

390 1059 646 1113 insultare
686 1060 728 1115 ⁸.
780 1060 877 1125 Οιιί
936 1059 1159 1114 fratrem
1209 1077 1364 1115 suum
1414 1061 1658 1129 corripit,
1696 1078 1802 1115 non
1854 1063 1959 1116 hoc

391 1148 606 1218 publice
643 1148 1221 1220 facit.Corrcptionetn
1269 1168 1372 1207 non
1410 1152 1670 1221 divulgat,
1701 1152 1795 1206 sed
1846 1151 1956 1220 pri-

395 1239 560 1292 vatim
606 1240 798 1305 instat,
855 1250 908 1293 et
953 1257 1140 1310 magna
1195 1257 1314 1295 cum
1370 1242 1676 1310 prudentia,
1721 1250 1776 1296 et
1827 1240 1961 1294 allii-

393 1340 533 1395 ctus,
589 1341 639 1384 et
681 1333 762 1384 vix
825 1345 1130 1401 temperans
1171 1349 1198 1386 a
1250 1334 1523 1405 lacrymis,
1554 1349 1690 1400 quas
1739 1343 1794 1388 ει
1819 1347 1962 1402 ειερε

395 1425 653 1490 plurimas
701 1425 946 1479 effundit.
1005 1427 1048 1480 A
1107 1426 1348 1482 fraterno
1401 1439 1579 1482 tamen
1629 1427 1964 1496 digredimur

395 1529 577 1579 sensu,
631 1517 835 1584 absque
893 1517 1127 1574 fraterna
1157 1518 1480 1587 corripimus
1543 1517 1957 1582 benevolentia,

397 1622 498 1660 non
528 1608 676 1675 quasi
712 1607 891 1662 aﬂlicti
941 1610 993 1664 in
1022 1613 1288 1676 donando,
1320 1611 1412 1666 sed
1450 1622 1507 1664 ut
1535 1627 1678 1680 aegre
1708 1611 1958 1665 ferentes

2057 509 2128 582 ἧς
2173 510 2567 581 ἐπηγγείλατο
2617 507 2740 573 τοῖς
2786 501 3100 576 ἀγαπῶσιν
3129 500 3350 562 αὐτόν;
3374 495 3550 566 ὑμεῖς
3578 495 3647 548 δὲ

2052 603 2378 674 ἠτιμάσατε
2403 600 2512 654 τὸν
2547 597 2800 666 πτωχόν.

2137 695 2324 765 Ἡμεῖς
2358 692 2414 745 δὲ
2463 691 2536 753 ὼς
2571 689 2641 743 τὰ
2675 689 2908 759 μέγιστα
2940 683 3264 756 ἠδικημένοι
3313 679 3458 734 οὕτω
3504 677 3642 741 τοὺς

2057 785 2488 858 προσαιτοῦντας
2538 783 2855 854 ὑϐρίζομεν,
2907 775 3390 849 ἀποστρεφόμεθα·
3443 774 3504 825 οὗ
3565 772 3646 824 δί-

2057 879 2180 942 δους
2205 879 2248 910 ⁸³
2280 896 2332 930 τι
2363 878 2458 930 xu‘t
2485 876 2676 938 λυπεῖς
2701 893 2716 942 ;
2747 870 3128 938 Νουθετεῖτεζ,
3157 864 3315 921 εἶπεν
3342 869 3370 920 6
3405 863 3644 926 Παῦλος,

2057 972 2136 1037 ὡς
2189 969 2511 1038 ἀδελφοὺς,
2559 969 2670 1036 οὐχ
2725 963 2982 1034 ὑϐρίζετε
3029 962 3110 1028 ὡς
3155 959 3431 1030 ἐχθρούς·
3476 957 3506 1008 6
3556 955 3646 1008 τὸν

2059 1059 2287 1128 ἀδελφὺν
2330 1057 2494 1112 αὑτοῦ
2540 1055 2829 1119 νουθετῶν,
2875 1053 2938 1106 οὐ
2985 1051 3224 1122 δημοσία
3261 1048 3426 1102 τοῦτο
3475 1049 3644 1098 ποιεῖ·

2059 1153 2158 1205 οὐκ
2185 1147 2526 1221 ὲκπομπεύει
2557 1147 2655 1218 τὴν
2689 1145 2869 1216 ὓϐριν,
2899 1143 3018 1197 ἀλλ’
3054 1143 3161 1212 ἰδίᾳ⁸
3194 1142 3291 1195 καὶ
3341 1138 3483 1210 μετά
3513 1138 3646 1190 πολε

2059 1246 2158 1318 λῆς
2181 1248 2224 1279 ¹⁵
2250 1247 2544 1316 προσοχῆς,
2573 1244 2668 1296 καὶ
2691 1238 2872 1310 ἀλγῶν
2905 1241 3000 1292 καὶ
3022 1238 3352 1308 δακνόμενος
3381 1233 3643 1304 δακρύων

2061 1340 2157 1392 καὶ
2197 1337 2542 1407 ὀδυρόμενος.
2595 1333 2729 1387 Ἀπὸ
2767 1331 3064 1400 ἀδελφικῆς
3101 1329 3282 1382 τοίνυν
3318 1328 3646 1398 παρέχομεν

2061 1432 2160 1501 τῆς
2187 1428 2447 1492 διανοίας,
2479 1426 2586 1480 ἀπὸ
2609 1424 2907 1494 ἀδελφικῆς
2931 1420 3294 1489 νουθετοῦμεν
3319 1419 3423 1488 τῆς
3455 1434 3652 1486 προαι-

2067 1523 2289 1594 ρέσεως,
2321 1520 2394 1592 μὴ
2423 1519 2498 1584 ὡς
2522 1518 2815 1588 ἀλγοῦντες
2851 1516 2945 1570 ἐπὶ
2967 1515 3046 1585 τῷ
3076 1517 3119 1547 ¹⁶
3150 1513 3383 1576 διδόναι,
3417 1510 3537 1564 ἀλλ’
3573 1509 3648 1572 ὡς

2063 1611 2358 1680 ἀλγοῦντες
2395 1611 2489 1663 ἐπὶ
2515 1612 2591 1678 ei)
2621 1610 2828 1662 ἐκεῖνον
2873 1605 3235 1678 παραϐαίνειν
3277 1603 3377 1672 τὴν
3419 1601 3649 1670 ἐντολὴν

395 1699 568 1769 ipsum
625 1702 948 1768 transgredi.
986 1711 1251 1772 praecepta
1316 1712 1506 1757 contra
1559 1701 1867 1756 utilitatem.
1905 1700 1960 1755 Si

2083 1704 2157 1756 :n‘t
2184 1703 2246 1755 τὸ
2289 1701 2506 1773 κέρδος.
2541 1699 2603 1754 El
2637 1699 2746 1771 γὰρ
2784 1699 2922 1771 μετά
2950 1699 3009 1752 τδ
3038 1696 3220 1752 δοῦναι
3242 1696 3520 1768 ὑϐρίζεις,
3552 1693 3649 1745 λυ-

393 1802 571 1846 autem
599 1809 718 1845 cum
747 1794 982 1858 dederis,
1017 1792 1264 1859 insultas,
1301 1794 1671 1848 beneficentia:
1711 1793 1963 1863 volupta-

396 1891 499 1936 tem
522 1885 845 1951 corrumpis.
873 1883 978 1938 Sed
1006 1888 1051 1938 si
1086 1899 1258 1953 neque
1280 1885 1376 1938 das
1401 1893 1454 1938 et
1477 1884 1728 1950 insultas,
1760 1890 1963 1952 quanto

397 1973 844 2028 miserabiliorem
869 1972 1066 2029 elllcies
1100 1975 1240 2028 hunc
1275 1975 1386 2044 jam
1417 1974 1670 2029 miserum
1706 1983 1759 2028 et
1785 1973 1963 2028 infeli-

393 2067 542 2120 rem!
571 2066 749 2121 Exivit
772 2068 836 2120 ad
860 2078 910 2122 te
936 2079 993 2122 ut
1017 2068 1164 2122 illum
1183 2069 1487 2137 adiuvares,
1515 2077 1568 2122 et
1593 2067 1796 2121 recedit
1819 2082 1965 2121 mor-

396 2157 486 2211 tali
519 2169 742 2226 accepto
774 2159 1016 2224 vulnere,
1050 2159 1330 2229 magisque
1355 2160 1695 2230 lacrymabit.
1746 2159 1803 2215 Si
1842 2161 1964 2230 quis

394 2259 574 2313 autem
605 2250 894 2317 indigentia
931 2259 1025 2305 aut
1075 2251 1420 2316 necessitate;
1450 2253 1758 2307 mendicare
1816 2269 1952 2307 com.

395 2340 634 2411 pellitur,
672 2341 716 2396 si
748 2356 898 2406 vero,
938 2343 1349 2400 mendicationis
1396 2359 1585 2408 causa,
1619 2345 1960 2400 contumeliis

394 2433 647 2499 allicitur,
697 2445 922 2506 quanta,
973 2451 1178 2504 quaeso,
1213 2437 1319 2490 erit
1351 2436 1522 2505 ipsius
1565 2436 1962 2492 animadversio

394 2528 447 2580 in
482 2526 930 2582 contumeliosum
961 2526 974 2580 ι
1008 2527 1319 2582 Creatorem
1351 2536 1530 2581 autem
1578 2527 1691 2596 ipse
1745 2528 1964 2583 exulce-

395 2627 496 2684 rat,
529 2616 795 2686 siquidem
820 2617 960 2671 lmnc
993 2617 1138 2672 misit
1168 2618 1310 2672 Deus
1341 2618 1407 2671 ad
1440 2625 1493 2672 te
1521 2618 1874 2687 indigentem,
1903 2628 1962 2674 ιιι

396 2717 449 2760 ιιι
482 2707 673 2762 debeas
730 2707 974 2762 auxiliari
1005 2707 1078 2761 illi
1113 2749 1128 2774 ,
1161 2718 1214 2761 et
1249 2717 1300 2762 tu
1348 2707 1422 2762 illi
1461 2718 1682 2780 pr0pter
1721 2720 1773 2765 te
1823 2710 1964 2766 indi-

392 2799 534 2867 genti
593 2798 838 2854 insultas.
901 2798 1112 2867 Quanta
1156 2801 1271 2855 haec
1317 2801 1703 2870 imprudentia!
1762 2813 1963 2872 quanta

394 2891 494 2944 hoc
533 2907 670 2959 opus
717 2890 1075 2961 ingratitndol

464 2983 631 3038 V'Etts.
658 2983 713 3047 6,
738 2985 791 3038 7.
817 2983 1007 3040 Nonne
1034 2988 1218 3041 divites
1240 3005 1332 3058 per
1353 2990 1636 3058 potentiam
1663 2989 1962 3058 opprimunt

2072 1794 2237 1867 μαίνῃ
2259 1797 2325 1866 τῇ
2367 1795 2465 1864 τῆς
2490 1793 2690 1856 δόσεως
2731 1792 2911 1864 ἡδονῇ.
2948 1792 3118 1844 Ὅταν
3143 1789 3200 1844 δὲ
3235 1789 3372 1859 μήτε
3412 1787 3521 1857 δῷς
3555 1787 3653 1838 καὶ

2066 1886 2318 1960 ὑϐρίσῃς,
2349 1886 2516 1939 πόσον
2537 1886 2637 1938 οὐκ
2656 1884 2897 1951 εἰργάσω
2917 1882 3088 1936 κακὸν
3104 1881 3193 1934 τὸν
3223 1880 3412 1934 ἄθλιον
3435 1879 3652 1931 ἐκεῖνον

2065 1982 2161 2032 καὶ
2189 1977 2568 2048 ταλαίπωρον,
2596 1976 2911 2045 Προσῆλϐεν
2939 1973 3014 2038 ὡς
3035 1972 3394 2042 ὲλεησόμενος
3420 1971 3466 2002 ⁸⁸
3495 1969 3654 2039 παρά

2067 2069 2185 2134 σοῦ,
2205 2069 2386 2125 λαϐὼν
2410 2069 2466 2124 δὲ
2496 2068 2716 2140 καιρίαν
2744 2067 2840 2138 τὴν
2871 2067 3084 2138 πληγὴν
3118 2064 3351 2133 ἀπῆλθε,
3386 2064 3484 2116 καὶ
3520 2063 3654 2132 μᾶλ-

2065 2163 2155 2218 λον
2189 2163 2505 2232 ἐδάκρυσεν.
2544 2162 2714 2215 Ὅταν
2746 2162 2853 2229 γὰρ
2895 2158 3273 2227 ἀναγκάζηται
3309 2156 3400 2210 διὰ
3431 2156 3535 2226 τὴν
3566 2156 3653 2207 ἔν-

2065 2256 2216 2309 δειαν
2261 2255 2598 2325 προσαιτεῖν,
2645 2251 2734 2304 διὰ
2773 2251 2831 2304 δὲ
2873 2251 2932 2303 τὸ
2980 2252 3293 2318 προσαιτεῖν
3335 2247 3648 2316 ὑϐρίζεται,

2065 2347 2168 2417 ὅρα
2199 2345 2340 2415 πόση
2368 2345 2444 2415 τῷ
2477 2342 2751 2413 ὑϐρίζοντι
2848 2342 3112 2412 τιμωρία.
3151 2341 3455 2411 Παροξύνει
3486 2341 3528 2371 ³⁷
3557 2340 3649 2392 τὸν

2075 2440 2383 2508 ποιήσαντα
2407 2436 2587 2490 αὐτόν’
2623 2435 2782 2506 εἴπερ
2801 2434 2909 2505 γάρ
2944 2450 3033 2504 μοι
3064 2432 3224 2495 αὐτὸς
3259 2433 3426 2485 αὑτὸν
3457 2431 3646 2500 ἀφῆκε

2065 2529 2328 2585 πένεσθαι
2353 2529 2441 2583 διὰ
2473 2527 2554 2593 σὲ,
2589 2528 2678 2581 ἴνα
2705 2528 2769 2581 σὺ
2799 2527 2928 2596 ἔχῃς
2966 2523 3294 2595 θεραπεύειν
3323 2525 3513 2583 αὑτὸν,
3549 2523 3647 2574 καὶ

2066 2623 2130 2677 σὺ
2168 2621 2260 2676 τὸν
2292 2621 2381 2675 διὰ
2411 2621 2470 2675 σὲ
2495 2619 2791 2691 πενόμενον
2819 2617 3082 2688 ὑϐρίζεις,
3112 2616 3282 2686 πόσης
3315 2612 3645 2685 ἀγνωμοσὺ-

2065 2708 2162 2787 νης
2190 2714 2398 2779 ruina;
2428 2708 2606 2784 ’πόσης
2641 2713 2964 2784 ἀχαριστίας
2991 2711 3152 2766 τοῦτο
3179 2711 3240 2763 τὸ
3274 2707 3474 2781 ἕργονς

2138 2976 2259 3043 Οὐχ
2318 2975 2373 3028 οι
2420 2972 2698 3026 πλούσιοι
2768 2964 3398 3021 καταδυναστεύουσιν·
3451 2959 3641 3030 ὑμῶν.

395 3087 486 3124 nos
511 3112 524 3135 ,
555 3083 600 3125 et
627 3073 723 3140 ipsi
750 3074 965 3128 tradunt
1007 3091 1098 3128 nos
1137 3079 1205 3129 ad
1227 3051 1480 3147 judicia?
1510 3051 1705 3132 Nonne.
1723 3051 1820 3148 ipsi
1843 3078 1957 3131 bla-

2083 3067 2161 3121 ιαί
2186 3065 2356 3120 αὐτοὶ
2389 3063 2678 3117 ἕλκουσιν
2713 3058 2868 3128 ὑμᾶς
2891 3061 2977 3123 εις
3005 3055 3303 3124 κριτήρια;
3324 3055 3436 3107 οὐκ
3471 3051 3644 3104 αὐτοὶ

394 3165 662 3232 sphemant
687 3166 874 3219 bonum
897 3182 1080 3222 nomen
1101 3170 1236 3238 quod
1260 3169 1552 3223 invocatum
1575 3182 1648 3222 est
1666 3187 1819 3239 super
1836 3170 1959 3224 nos?

2083 3155 2496 3227 Βλασφημοῦσι
2537 3153 2603 3208 τὸ
2654 3152 2844 3206 καλὸν
2882 3151 3065 3218 ὄνομα
3092 3147 3159 3200 τὸ
3185 3143 3537 3214 ἐπικληθὲν,
3552 3143 3644 3210 ἐφ’

468 3347 741 3402 Generose
776 3350 1008 3420 ipsorum
1038 3353 1387 3421 cupiditatem
1411 3354 1650 3409 sull'erte.
1682 3355 1758 3409 Illi
1783 3366 1959 3412 autem

394 3441 602 3508 seipsos
648 3443 892 3510 perdent,
925 3459 1027 3497 non
1065 3460 1178 3500 vos.
1213 3445 1333 3506 Vos,
1357 3446 1572 3514 quidem
1607 3447 1961 3518 divitiissspo-

395 3532 551 3597 liant,
587 3535 680 3588 sed
733 3535 939 3604 seipsos
968 3537 1173 3592 nudant
1222 3538 1591 3594 benevolentia
1635 3551 1687 3592 et
1717 3542 1962 3608 praesidio

397 3624 510 3678 Dei.
540 3624 640 3692 Qui
680 3641 806 3680 vero
838 3629 954 3682 istis
977 3629 1315 3694 destituitur,
1339 3630 1466 3686 licet
1513 3640 1740 3688 cunctas
1777 3633 1961 3688 mundi

395 3718 921 3785 possidualtlivilias,
957 3722 1193 3776 omnium
1243 3723 1618 3791 pauperrimus
1642 3730 1746 3778 est.

461 3900 738 3956 VensJB.
787 3901 874 3958 Sic
923 3903 1195 3974 loquimini
1251 3915 1300 3960 et
1347 3923 1423 3960 ste
1478 3908 1833 3978 facite,sicut.
1871 3926 1962 3978 per

397 3995 555 4063 legent
588 3995 842 4050 libertatis
873 3997 1174 4065 incipientes
1186 3997 1443 4064 judicari.

462 4088 654 4144 Melius
705 4093 849 4144 enim
907 4101 990 4146 est
1051 4107 1146 4147 vos
1186 4093 1376 4149 verbis.
1409 4103 1620 4159 terreri,
1672 4109 1741 4150 ne
1801 4094 1960 4150 rebus

391 4183 705 4237 crueiemini
717 4224 729 4236 .

471 4276 636 4331 Vens.
669 4275 761 4331 15.
803 4274 1178 4347 Superata/tat
1231 4286 1406 4332 autem
1461 4279 1824 4334 misericordia
1863 4281 1959 4350 ju-

389 4367 603 4421 dicium.

471 4459 822 4531 Eleemosyna
869 4461 1202 4516 admirabilis
1232 4462 1473 4531 quaedam
1508 4476 1594 4518 res
1621 4471 1707 4518 est
1723 4471 1795 4534 ,ει
1835 4477 1960 4534 pro-

393 4552 554 4606 tectio
578 4553 916 4623 operantium
963 4555 1140 4620 illam;
1172 4567 1201 4608 a
1251 4553 1362 4608 Deo
1393 4555 1863 4621 etenimxamalur,
1907 4564 1961 4610 et

386 4642 538 4710 juxta
571 4643 716 4698 illum
771 4654 878 4699 stat
924 4660 1156 4713 semper.
1198 4644 1438 4700 Gratiam
1491 4645 1650 4700 facile
1707 4647 1962 4715 impetrat

395 4735 446 4790 in
471 4737 720 4790 omnibus
760 4752 880 4805 qua:
929 4738 1224 4804 desiderat,
1259 4740 1419 4795 modo
1460 4754 1565 4794 non
1601 4741 1674 4795 sit
1700 4740 1901 4810 injusta
1929 4756 1958 4794 a

394 4829 580 4893 nobis;
602 4828 808 4895 injusta
839 4839 1016 4882 autem
1047 4840 1128 4883 cst
1152 4844 1274 4884 cum
1307 4831 1452 4886 illam
1485 4845 1780 4898 operamur
1810 4832 1964 4887 bonis

394 4920 578 4986 rapina
622 4921 956 4989 comparatis
994 4923 1152 4990 quasi
1181 4921 1227 4976 si
1283 4937 1415 4992 pura
1474 4934 1676 4979 essent.
1711 4923 1960 4994 Magnam

391 5013 740 5077 operantibus
795 5027 913 5067 eam
974 5013 1136 5068 donat
1172 5014 1458 5085 justitiam,
1512 5025 1654 5070 tanta
1716 5016 1830 5083 ejus
1881 5025 1965 5072 est

392 5103 648 5158 fortitudo
695 5115 750 5160 et
806 5107 858 5160 in
901 5109 1131 5175 gratiam
1213 5109 1577 5163 misericordis
1621 5117 1675 5162 et
1733 5111 1784 5161 itt
1839 5123 1963 5176 gra-

395 5196 521 5248 tiam
560 5198 852 5264 peccantis.
887 5198 1001 5268 lpsa
1027 5240 1042 5266 ,
1073 5201 1285 5255 vincula
1331 5200 1528 5264 solvit,
1585 5201 1832 5253 tenebras
1879 5201 1965 5252 ln-

392 5293 518 5354 gat,
565 5286 740 5355 ignem
811 5291 1150 5360 exstinguit,
1199 5306 1434 5346 vermem
1489 5290 1724 5353 occidit,
1763 5290 1963 5344 avertit

401 5375 687 5430 stridorem
740 5379 1003 5445 dentium,
1036 5383 1192 5452 eique
1241 5395 1434 5452 magna
1490 5396 1610 5436 cum
1662 5372 1985 5436 securitate

461 5511 482 5543 ⁸
520 5509 560 5562 Ρ
590 5511 778 5569 Thess.
801 5530 896 5587 ιιιλ
927 5516 1011 5571 15.
1069 5499 1082 5518 ”

479 5649 524 5680 ¹³
551 5649 611 5705 C.
650 5649 710 5706 C.
764 5651 938 5714 δίδως.
1035 5652 1078 5684 ⁸⁸
1111 5652 1170 5706 C.
1205 5651 1267 5706 C.
1307 5650 1506 5720 πολλῆς
1555 5647 1676 5720 τῆς.

1776 5648 1818 5679 ³⁸
1851 5646 1912 5700 C.
1937 5645 2001 5700 C.
2037 5645 2117 5700 τὸ.
2198 5647 2240 5677 ¹⁶
2270 5645 2331 5699 C.
2370 5645 2432 5699 C.
2469 5643 2910 5712 ἐλεηθησόμενος.

2059 3250 2244 3322 ὑμᾶς

2122 3366 2332 3435 ’Φέρετε
2360 3360 2624 3426 γενναίως
2668 3357 2765 3419 τὰς
2807 3352 3141 3417 πλεονεξίας.
3187 3350 3451 3411 Ἑαυτοὺς
3487 3348 3646 3400 ἀναι-

2069 3456 2254 3530 ροῦσιν
2279 3455 2503 3518 ἐκεῖνοι,
2535 3453 2635 3521 οὐχ
2674 3451 2838 3519 ὑμᾶς.
2891 3446 3067 3518 ’Υμᾶς
3121 3445 3218 3514 μὲν
3274 3441 3644 3512 ἀποστεροῦσι

2066 3547 2384 3619 χρημάτων,
2441 3545 2668 3605 ἑαυτοὺς
2715 3541 2772 3594 δὲ
2801 3537 3067 3610 γυμνοῦσι
3111 3536 3210 3606 τῆς
3280 3533 3501 3594 εὐνοίας
3547 3533 3644 3584 τοῦ

2063 3638 2202 3692 Θεοῦ
2236 3637 2332 3691 καὶ
2374 3636 2474 3706 τῆς
2518 3634 2790 3705 βοηθείας·
2841 3633 2869 3684 6
2919 3632 2974 3683 δὲ
3005 3629 3222 3695 ἐκείνης
3259 3625 3552 3694 στερηθεὶς
3579 3624 3641 3687 ’⁸,

1979 3731 2010 3766 -’
2068 3732 2173 3786 κᾶν
2201 3731 2412 3786 ἅπαντα
2443 3727 2806 3800 περιϐάληται
2838 3724 2936 3794 τῆς
2977 3719 3304 3790 οἰκουμένης
3345 3719 3440 3772 τὸν
3474 3716 3645 3770 πλοῦ-

2062 3839 2176 3886 τον,
2211 3823 2432 3876 πάντων
2462 3821 2579 3872 ἐστὶ
2606 3819 2948 3884 πενέστερος.
3648 3889 3650 3892 ν

2130 3913 2328 3978 Οὕτως
2363 3911 2601 3966 λαλεῖτε
2627 3907 2724 3963 καί
2752 3907 2937 3969 οὕτως
2953 3901 3190 3964 ποιεῖτε,
3221 3901 3301 3965 ὡς
3317 3899 3417 3952 διὰ
3449 3899 3642 3966 νόμον

2061 4005 2398 4071 ἐλευθερίας
2424 3999 2753 4070 μέλλοντες
2789 3996 3115 4064 κρίνεσθαι.

2131 4095 2348 4148 Βέλτιον
2385 4093 2494 4163 γὰρ
2535 4093 2646 4153 τοῖς
2675 4090 2925 4159 ῥήμασιν
2946 4085 3100 4166 ,ὑμᾶς
3131 4081 3367 4154 φοϐῆσαι
3391 4122 3406 4145 ,
3437 4080 3530 4132 ἵνα
3565 4097 3638 4151 μη

2061 4190 2170 4251 τοῖς
2211 4186 2528 4256 πράγμασιν
2557 4182 2855 4252 ἁλγήσητε.
3327 4173 3330 4175 Α

2129 4275 2581 4347 Κατακαυχᾶται
2607 4275 2781 4329 ἔλεον
2799 4271 3067 4340 κρίσεως.

2148 4470 2211 4522 Ἠ
2238 4464 2576 4538 ἐλεημοσύνη
2610 4462 2768 4531 τέχνη
2794 4475 2877 4521 τις
2907 4459 3101 4526 ἁριστη
3132 4454 3248 4508 ἐστὶ
3271 4453 3366 4507 καὶ
3400 4451 3640 4521 προστάο

2059 4578 2144 4625 τις
2197 4561 2304 4614 τῶν
2361 4555 2744 4628 ἐργαζομένων
2795 4551 2983 4619 αὑτήν.
3040 4549 3171 4616 Φίλη
3222 4547 3332 4615 γὰρ
3366 4545 3464 4597 τοῦ
3500 4543 3637 4595 Θεοῦ

2059 4655 2175 4705 ἐστι
2204 4652 2268 4713 ⁸⁸,
2301 4650 2395 4703 καὶ
2440 4649 2526 4702 ἀεὶ
2555 4648 2782 4716 πλησίον
2816 4645 3045 4713 ἕστηκεν
3074 4639 3257 4701 αὑτοῦ,
3295 4636 3436 4707 ὑπὲρ
3465 4630 3543 4688 ὧν
3573 4635 3638 4688 ἂν

2065 4743 2324 4814 βούληται
2350 4740 2584 4802 εὐκόλως
2613 4739 2842 4793 αἰτοῦσα
2888 4737 3070 4808 χάριν,
3106 4733 3262 4803 μόνον
3311 4729 3378 4783 ἂν
3415 4729 3494 4798 μὴ
3527 4727 3637 4779 66t-

2063 4835 2230 4904 κῆται
2283 4832 2412 4905 παρ’
2456 4832 2633 4900 ἡμῶν·
2677 4831 2941 4885 ἀδικεῖται
2977 4828 3034 4880 δὲ
3059 4867 3074 4891 ,
3108 4827 3236 4878 ὅταν
3266 4823 3325 4886 ἐξ
3369 4822 3635 4890 ἁρπαγῆς

2059 4925 2239 4981 αὐτῶν
2264 4925 2307 4956 ²⁰
2339 4921 2718 4994 ἐργαζώμεθα,
2745 4923 2820 4984 ὡς
2848 4920 2942 4974 ἐὰν
3027 4915 3266 4984 καθαρὰ,
3293 4911 3503 4981 πολλὴν
3524 4913 3634 4971 τοῖς

2061 5015 2482 5085 ἀναπέμπουσιν
2531 5012 2701 5083 αὐτὴν
2748 5012 2935 5064 δίδωσι
2985 5008 3084 5079 τὴν
3138 5005 3482 5076 παρρησίαν·
3540 5002 3634 5053 καὶ

2061 5105 2202 5175 ὑπὲρ
2251 5103 2776 5175 προσκεκρουκότων
2830 5101 3036 5163 δεῖται,
3085 5095 3318 5162 τοσαύτη
3367 5091 3544 5158 αὐτῆς
3600 5091 3633 5159 ἡ

2061 5197 2232 5266 ίσχὺς,
2262 5198 2354 5249 καὶ
2398 5195 2539 5265 ὑπὲρ
2561 5192 2958 5264 ἡμαρτηκότων
2978 5191 3021 5222 ⁸⁸
3043 5205 3057 5219 ⁸
3098 5187 3235 5256 αὕτη
3266 5184 3632 5254 διαρρήγνυσι

2058 5291 2128 5343 τὰ
2156 5290 2354 5361 δεσμὰ,
2382 5289 2501 5344 λύει
2533 5289 2594 5342 τὸ
2622 5289 2832 5353 σκότος,
2877 5285 3126 5340 σϐέννυσι
3153 5282 3214 5334 τὸ
3245 5280 3376 5348 πῦρ,
3407 5278 3634 5330 (iuvato?

2058 5382 2148 5435 τὸν
2182 5381 2462 5452 σκώληκα,
2496 5377 2794 5434 ἀπελαύνει
2830 5379 2918 5431 τὸν
2947 5376 3055 5430 τῶν
3079 5374 3305 5427 ὀδόντων
3338 5369 3588 5441 βρυγμόν
3611 5384 3626 5397 ο

2989 5642 3051 5696 ¹⁷.
3077 5641 3140 5696 C.
3177 5639 3238 5695 C.
3294 5638 3625 5712 παρωξύγοι.

391 5720 434 5753 ¹⁸
454 5721 513 5777 C.
548 5723 607 5781 C.
639 5722 969 5793 γυμνωθεὶς.
1045 5725 1086 5757 ³³
1111 5724 1172 5780 C.
1199 5722 1259 5778 (ὲ,
1315 5714 1486 5774 ἐστὶν.
1579 5718 1625 5750 ’⁸
1654 5716 1715 5774 C.
1740 5717 1802 5774 C.
1829 5716 2016 5787 αὐτὴν.
2091 5717 2131 5747 ³⁸
2171 5715 2234 5772 C.
2263 5716 2325 5770 (Σ.
2355 5714 2752 5786 ἡμαρτικότων.
2792 5792 2803 5802 ν
