3854 6458
22 387 207 449 ,045

1051 356 1473 460 rnAouENTA
1510 402 1577 458 IN
1613 400 1999 461 EPISTOLAM
2040 407 2096 463 s.
2138 410 2391 470 JACOBI.

21 513 253 589 ταύτῃ
284 515 426 589 μετά
477 518 681 588 πολλῆς
710 518 896 584 ἀδείας
924 519 1231 591 ἀνοίγονται
1276 522 1386 576 τῶν
1416 522 1625 595 οὐρανῶ

1769 526 2034 582 caelorum
2106 532 2427 596 aperiuntur
2495 545 2682 602 portae.
2744 566 2816 578 -—
2852 534 2921 591 Et
2984 539 3145 607 paulo
3202 555 3339 606 post.

21 605 73 655 ιὶ
156 609 386 665 πύλαι.
443 641 510 652 -
564 611 671 664 Καὶ
700 611 830 681 μετ’
868 613 1062 681 ὀλίγοιο
1134 614 1432 668 Βασίλισσα
1464 616 1508 647 ²¹
1555 615 1625 683 γὰ

1768 617 1973 673 Revera
2018 621 2217 675 etenim
2271 625 2453 694 regina
2484 638 2589 689 est,
2613 629 2820 684 similes
2850 605 3099 687 homines
3139 605 3343 690 faciens

21 697 250 765 ivtw;
305 702 455 755 ἐστὶν
509 703 713 774 ὁμοίως
758 705 803 736 ²³
860 705 1181 777 ἀνθρώπους
1228 707 1459 761 ποιοῦσα
1517 708 1658 778 Θεῷ·

1766 712 1875 767 Deo
1913 732 1927 769 :
1965 717 2148 770 Estote
2192 732 2313 786 ergo
2374 720 2770 786 misericordes,
2818 723 3037 792 dicitur,
3101 728 3234 781 sicut
3287 740 3344 784 et

21 789 349 847 Ἐσεσθε
367 794 495 864 γὰρ,
511 813 585 865 φη
594 795 700 860 σἰν,
719 797 1107 865 οἰκτίρμονες,
1127 798 1208 863 ὠς
1225 801 1256 851 ὀ
1279 798 1480 868 Πατὴρ
1500 799 1624 867 ὑμῶ

1768 800 1929 859 Pater
1952 815 2117 860 vester
2144 809 2231 875 qui
2253 808 2306 861 in
2333 809 2475 862 cretis
2500 820 2573 864 est
2602 811 2645 865 '.
2681 812 2852 881 Agilis
2876 825 2960 868 est
2989 789 3043 870 et
3070 818 3224 881 levis,
3250 820 3341 872 de-

21 883 38 933 i
93 883 203 936 ἐν
263 885 392 951 τοῖς
438 889 738 955 οὐρανοῖς·
799 889 1108 960 ὑπόπτερος
1151 892 1267 942 ἐστι.
1308 891 1403 944 καὶ
1442 893 1617 962 κούφη
1643 930 1660 958 ,

21 980 361 1053 ττὲρυγας
403 980 602 1052 ἔχουσα
633 983 860 1052 χρυσᾶς·
902 982 1098 1050 πτῆσιν
1128 982 1327 1051 ἔχουσα
1356 983 1497 1036 πάνυ
1532 984 1659 1054 τέρα

21 1088 147 1124 του
160 1091 290 1127 σαν
313 1073 440 1137 τοὺς
452 1073 738 1141 ἀγγέλους.
758 1074 904 1126 Ἐκεῖ
919 1074 965 1106 ⁸⁵
990 1073 1286 1145 Πτέρυγες
1310 1075 1661 1142 περιστερᾶς

21 1165 639 1236 τεριηργυρωμέναι,
671 1164 769 1220 καί
813 1165 1156 1235 μετάφρενα
1189 1166 1380 1233 αὐτῆς
1412 1167 1482 1220 ὲν
1504 1171 1659 1236 χλω-

21 1258 274 1325 >ότητι
318 1258 599 1328 χρυσίου.
650 1257 919 1327 Καθάπερ
954 1260 1255 1329 περιστερά
1292 1277 1374 1321 τις
1408 1258 1585 1329 χρυσῆ
1612 1258 1657 1291 ³⁸

21 1347 135 1399 eat
171 1347 346 1409 ζῶσα
374 1348 617 1401 πέτει-αι’
646 1347 804 1416 ὄμμα
829 1348 1108 1418 προσηνὲς
1135 1349 1356 1418 ἔχουσα,
1381 1347 1657 1418 ὀφθαλμὸν

21 1437 304 1507 ιλμερον·
353 1438 507 1491 οὐδὲν
538 1439 584 1470 ’⁸
632 1436 913 1506 ὀφθαλμοῦ
954 1438 1164 1492 ἐκείνου
1202 1439 1430 1509 βέλτιον.
1480 1439 1657 1503 Καλός

21 1542 218 1582 εστιν
245 1529 277 1581 ό
325 1527 467 1593 ταὼς
494 1570 511 1594 ,
556 1528 694 1581 ἀλλὰ
724 1527 863 1598 πρὸς
904 1528 1120 1598 ἐκείνην
1150 1530 1378 1593 κολοιός·
1420 1528 1593 1593 οὕτως
1622 1530 1653 1601 ἡ

21 1620 211 1690 ερνις
249 1622 394 1691 αὕτη
426 1622 563 1693 καλή
602 1624 686 1686 τίς
729 1625 848 1678 ὲστι
887 1625 985 1677 καὶ
1027 1624 1339 1695 θαυμαστή.
1376 1625 1524 1676 ⁸Ἀνω
1567 1623 1655 1677 διὰ

1762 907 1984 951 auratas
2003 899 2207 953 habens
2230 917 2457 969 pettnas,
2485 918 2607 971 qua
2629 905 2832 957 aethera
2860 906 3020 962 volitn
3048 910 3341 964 verberan-

1761 998 1867 1056 tes,
1894 990 2120 1043 multum
2148 991 2762 1064 laetificantangelosﬁe
2784 997 2871 1049 illa
2891 998 3090 1052 dicitur
3110 1018 3123 1054 :
3144 997 3343 1055 Penno:

1759 1079 2014 1135 columba:
2037 1082 2415 1152 deargentatw,
2452 1098 2499 1139 et
2553 1088 2845 1153 posteriora
2877 1089 2992 1158 ejus
3039 1092 3091 1143 in
3139 1092 3341 1157 pallore

1760 1173 1880 1225 auri
1931 1173 1997 1228 ⁸⁸.
2031 1174 2185 1227 Sicut
2237 1177 2480 1242 quaedam
2531 1179 2783 1232 columba
2843 1194 3007 1234 aurea
3052 1192 3103 1234 et
3155 1184 3342 1236 vivens

1760 1262 1968 1327 volitat,
1996 1264 2277 1331 pulchrum
2313 1266 2519 1320 hahens
2566 1280 2867 1336 aspectum,
2901 1271 3082 1323 dulces
3130 1270 3334 1334 oculos,

1758 1355 1953 1424 quibus
1978 1356 2050 1408 nil
2081 1358 2296 1411 melius.
2323 1357 2554 1411 Pulcher
2571 1370 2651 1413 est
2687 1369 2743 1412 et
2775 1376 2931 1427 pavo,
2969 1362 3059 1411 sed
3099 1361 3145 1415 is
3186 1376 3337 1427 com-

1758 1446 2039 1512 paratione
2071 1449 2250 1510 istius,
2276 1449 2527 1517 graculus
2555 1457 2676 1513 est;
2704 1449 2840 1502 adeo
2868 1452 3062 1503 decora
3091 1461 3139 1503 et
3174 1451 3337 1504 mira-

1758 1538 1879 1591 bilis
1911 1549 1994 1592 est
2016 1540 2130 1593 avis
2156 1540 2262 1594 illa.
2284 1541 2403 1593 Alta
2438 1556 2655 1609 semper
2681 1541 3102 1610 contemplatur,
3135 1542 3330 1593 inulta-

1756 1647 1859 1699 que
1883 1631 2252 1684 circumdatur
2273 1631 2441 1699 gloria
2478 1631 2594 1685 Dei.
2620 1633 2788 1701 Virgo
2823 1642 2904 1685 est
2942 1633 3120 1687 aureis
3152 1633 3330 1686 dotata

21 1714 271 1778 παντὸς
299 1715 420 1786 όρᾷ’
446 1716 614 1787 πολλῇ
641 1717 733 1769 τοῦ
762 1716 898 1770 Θεοῦ
917 1720 982 1788 τῇ
1006 1716 1132 1789 δόξῃ
1159 1716 1622 1788 περιστοιχίζεται

1755 1722 1965 1790 pennis.
1998 1722 2163 1776 nitide
2196 1724 2519 1791 composita,
2550 1722 2676 1776 albo
2703 1732 2758 1777 et
2789 1722 2927 1777 dulci
2963 1723 3132 1777 vultu.
3164 1723 3332 1797 Agilis

21 1807 349 1878 Παρθένος
373 1807 491 1860 ἐστὶ
543 1808 822 1878 πτέρυγας
848 1808 1046 1877 ἔχουσα
1071 1811 1298 1879 χρυσᾶς,
1327 1809 1650 1881 π;ριεσταλ-

21 1896 227 1967 μένη,
260 1896 457 1952 λευκὸν
476 1898 678 1967 ἔχουσα
706 1898 1268 1971 πρόσωπον,ῆμερον.
1313 1898 1647 1970 Ὑπόπτερός

21 1988 172 2039 ἐστι
200 1988 305 2041 καὶ
334 1988 535 2060 κούφη,
553 1989 703 2061 παρὰ
731 1990 822 2043 τὸν
844 1989 1034 2061 θρόνον
1065 1990 1282 2044 ἑστῶσα
1311 1990 1402 2047 τὸν
1442 1993 1647 2063 βασιλι-

21 2078 169 2132 κόν.
187 2079 370 2132 Ὅταν
400 2081 719 2152 κρινώμεθα
737 2084 805 2149 ’⁷,
831 2084 988 2153 ἄφνω
1002 2084 1300 2152 ἐφίσταται
1331 2087 1427 2139 καὶ
1454 2087 1645 2154 φαίνε-

21 2188 131 2224 ται
158 2210 177 2232 ,
211 2173 318 2225 καὶ
358 2171 655 2243 ἐξαιρεῖται
684 2175 783 2244 τῆς
813 2176 1089 2239 κολάσεως
1119 2179 1287 2247 ἡμᾶς,
1328 2180 1446 2240 ταῖς
1475 2180 1647 2249 αὐτῆς

21 2259 146 2310 τττέ
162 2258 293 2328 ρυξι
317 2261 744 2332 περιϐάλλουσα,
764 2264 969 2335 ταύτην
997 2265 1141 2319 θέλει
1165 2267 1193 2318 ό
1212 2266 1344 2331 Θεὸς
1369 2268 1401 2337 ἢ
1433 2268 1647 2331 θυσίας.

108 2351 299 2404 Οὕτω
322 2354 421 2404 καὶ
451 2354 489 2421 ἠ
530 2354 753 2420 πίστις,
788 2356 896 2408 ἐὰν
948 2355 1034 2425 μὴ
1095 2359 1207 2426 ἔχῃ
1268 2359 1431 2427 ἔργα,
1463 2358 1645 2426 νεκρά

21 2443 186 2497 ἐστι
204 2447 340 2501 καθ’
355 2445 599 2514 ἑαυτήν.
620 2446 783 2500 Ἀλλ’
798 2447 924 2516 ἐρεῖ
948 2467 1057 2514 τις,
1083 2449 1164 2502 Σὺ
1206 2451 1414 2503 πίστιν
1445 2451 1605 2520 ἔχεις
1624 2493 1640 2517 ,

21 2536 222 2606 κάγὼ
285 2538 428 2607 ἔργα
473 2538 612 2607 ἔχω,
651 2538 854 2602 δεῖξόν
893 2557 993 2608 μοι
1044 2544 1157 2607 τὴν
1188 2543 1396 2595 πίστιν
1421 2559 1538 2597 σου
1571 2542 1641 2597 ἐκ

21 2631 173 2684 τῶν
228 2631 424 2702 ἔργων
482 2647 621 2686 σου·
654 2632 819 2701 κάγὼ
860 2616 1037 2697 δείξω
1068 2649 1166 2687 σοι
1207 2635 1276 2688 ἐκ
1306 2634 1426 2688 τῶν
1450 2635 1641 2704 ἔργων

21 2743 169 2792 μου
215 2724 338 2791 τὴν
378 2725 587 2778 πίστιν
632 2742 775 2794 μου.
813 2724 896 2778 Σὺ
944 2727 1247 2792 πιστεύεις
1289 2726 1381 2780 ὅτι
1432 2730 1465 2781 ό
1495 2727 1639 2793 Θεὸς

21 2813 132 2880 εἷς
186 2818 364 2883 ἐστι,
404 2816 606 2884 καλῶς
665 2818 855 2886 ποιεῖς
887 2835 902 2850 θ
947 2820 1045 2876 καί
1094 2820 1164 2874 τὰ
1222 2817 1500 2889 δαιμόνια
1543 2838 1638 2873 πι-

21 2910 347 2963 στεύουσι
367 2950 382 2975 ,
418 2909 515 2963 καὶ
540 2910 897 2979 φρίσσουσι.

1753 1823 1832 1867 est
1863 1823 1917 1867 et
1947 1812 2102 1879 levis,
2141 1815 2373 1883 regalem
2403 1824 2528 1868 ante
2559 1815 2813 1869 thronum
2836 1823 3008 1872 stans.
3031 1815 3163 1869 Cum
3183 1815 3328 1884 judi-

1752 1921 1959 1969 camur,
1995 1907 2175 1962 subito
2205 1908 2500 1975 splendens
2532 1911 2797 1977 assurgit,
2830 1917 2888 1962 et
2921 1922 2949 1961 ιι
2982 1909 3328 1961 damnatione

1752 2011 1856 2049 non
1903 1997 2063 2066 eripit
2122 2013 2258 2067 quos
2320 2000 2516 2069 pennis
2566 2001 2806 2070 protegit
2852 1999 3110 2054 extensis.
3176 1998 3327 2053 Illam

1748 2089 1864 2143 vult
1887 2089 2048 2156 Deus,
2082 2101 2136 2145 et
2170 2106 2275 2144 non
2298 2091 2662 2146 sacriﬁcium.

1821 2362 1983 2417 Vens.
2033 2361 2223 2418 17-19.
2263 2362 2354 2417 Sic
2398 2370 2449 2415 et
2501 2361 2655 2431 ﬁdes,
2682 2362 2727 2416 si
2762 2378 2865 2415 non
2916 2361 3102 2415 habeat
3142 2376 3322 2429 opera,

1750 2466 1955 2508 mortua
1984 2464 2059 2507 est
2084 2456 2136 2508 in
2166 2457 2463 2522 semetipsa.
2493 2454 2594 2506 Sed
2621 2455 2754 2506 dicet
2773 2457 2924 2523 quis:
2949 2457 3020 2507 Tu
3046 2453 3203 2527 ﬁdem
3230 2453 3326 2504 Ita—

1748 2546 1855 2612 bes,
1879 2556 1925 2599 et
1959 2562 2051 2614 ego
2096 2562 2253 2613 opera
2318 2545 2522 2611 habeo;
2555 2546 2767 2600 ostende
2802 2545 2928 2597 mihi
2970 2544 3125 2612 ﬁdem
3179 2553 3322 2595 tuam

1744 2636 1860 2689 sine
1885 2636 2147 2703 operibus,
2181 2645 2230 2688 et
2261 2651 2354 2704 ego
2385 2636 2654 2687 ostendam
2688 2633 2779 2686 tibi
2812 2649 2875 2687 ea:
2904 2633 3142 2701 operibus
3159 2631 3322 2699 ﬁdem

1743 2742 1928 2782 meam.
1964 2725 2041 2778 Tu
2068 2726 2236 2779 credis
2268 2728 2519 2795 quoniam
2555 2742 2691 2778 unus
2733 2738 2806 2779 est
2850 2725 2986 2778 Deus
3017 2740 3030 2753 ο
3066 2723 3191 2779 bene
3227 2723 3319 2792 [a-

1738 2817 1847 2882 cis;
1867 2827 1914 2871 et
1940 2816 2200 2871 daemones
2226 2818 2466 2882 credunt,
2491 2832 2552 2868 ac
2575 2817 3001 2869 contremiscunt.

110 3024 251 3077 Κᾶν
281 3024 390 3094 γὰρ
431 3025 511 3086 είς
542 3024 634 3077 τὸν
676 3024 895 3093 Πατέρα
924 3024 1018 3076 καὶ
1061 3025 1141 3086 είς
1172 3024 1264 3077 τὸν
1299 3024 1428 3078 Υἱδν
1459 3025 1625 3095 ὀρθῶς

1814 3023 1967 3079 Licet
2012 3022 2156 3078 enim
2196 3023 2248 3076 in
2301 3022 2518 3078 Patrem
2549 3032 2600 3078 et
2652 3022 2705 3077 in
2738 3021 2935 3076 Filium
3003 3034 3149 3078 recte
3195 3024 3319 3093 quis

21 3133 127 3178 τις
162 3115 427 3189 πιστεύῃ,
464 3118 559 3169 καὶ
582 3119 663 3178 είς
690 3117 750 3168 τὺ
783 3116 1009 3187 Πνεῦμα
1039 3117 1099 3170 τὸ
1124 3118 1300 3185 ἆγιον,
1328 3116 1444 3187 βίον
1476 3118 1535 3171 δὲ
1564 3119 1637 3191 μὴ

24 3207 148 3280 ἔχῃ
182 3206 368 3279 ὀρθὸν,
420 3207 574 3262 οὐδὲν
606 3206 755 3277 αὐτῷ
793 3208 984 3281 κέρδος
1016 3211 1115 3279 τῆς
1157 3209 1394 3275 πίστεως
1422 3214 1502 3275 είς
1529 3230 1637 3265 σω-

25 3300 272 3372 τηρίαν.
302 3299 513 3353 Οὐκοῦν
542 3301 671 3354 ὅταν
700 3299 862 3372 λέγῃ,
907 3299 1017 3355 Καὶ
1058 3302 1210 3369 αὕτη
1254 3302 1363 3372 γάρ
1387 3305 1557 3358 ἐστιν
1596 3304 1635 3372 ἡ

25 3391 292 3457 αιώνιος
317 3390 452 3459 ζωὴ,
483 3392 585 3444 ἵνα
609 3390 950 3462 γινώσκωσι
975 3406 1051 3446 σε
1076 3392 1183 3446 τὸν
1203 3396 1397 3462 μόνον
1432 3396 1636 3463 ἀληθι-

26 3484 165 3538 νὸν
194 3482 367 3547 Θεὸν,
405 3485 482 3553 μὴ
510 3484 821 3554 νομίσωμεν
859 3485 991 3554 ἡμῖν
1026 3485 1218 3555 ἀρκεῖν
1246 3488 1326 3549 είς
1358 3487 1635 3555 σωτηρίαν

27 3577 102 3629 τὸ
132 3576 450 3646 λεγόμενον·
480 3576 563 3629 δεῖ
601 3576 710 3646 γὰρ
748 3576 896 3646 ἡμᾶς
939 3576 1034 3628 καὶ
1079 3576 1193 3645 βίου
1227 3577 1320 3631 καὶ
1360 3578 1635 3641 πολιτείας

28 3668 474 3739 καθαρωτάτης.

110 3760 283 3829 Μέγα
314 3759 412 3830 μὲν
445 3757 628 3821 πίστις
658 3759 752 3812 καὶ
782 3759 1074 3830 σωτήριον,
1112 3760 1205 3813 καὶ
1246 3759 1451 3830 ταύτης
1501 3761 1629 3816 ἄνευ

31 3854 146 3906 οὐκ
186 3853 267 3906 ενι
298 3852 539 3922 σωθῆναί
572 3869 702 3904 ποτε
727 3869 742 3883 °
779 3853 891 3905 ἀλλ’
934 3854 1033 3907 οὐκ
1062 3854 1225 3922 ἀρκεῖ
1262 3855 1385 3906 καθ’
1431 3856 1630 3926 ἑαυτὴν

28 3945 207 3998 τοῦτο
236 3943 599 4015 ἐργάσασθαι.
648 3943 810 3997 Ἀλλὰ
849 3945 933 3997 δεῖ
971 3947 1065 3997 καὶ
1103 3945 1379 4008 πολιτείας
1424 3946 1623 4017 ὀρθῆςο

29 4036 187 4090 ὥστε
213 4034 303 4088 διὰ
328 4031 487 4087 τοῦτο
516 4034 612 4087 καὶ
638 4032 847 4095 Παῦλος
877 4036 987 4096 τοῖς
1022 4033 1120 4104 ἢδη
1151 4033 1259 4085 τῶν
1310 4034 1628 4105 μυστηρίων

30 4125 467 4190 καταξιωθεῖσι,
495 4126 755 4195 παραινεῖ
775 4123 983 4195 ,λέγων’
1018 4124 1422 4194 Σπουδάσωμεν
1448 4125 1626 4177 εἰσελ-

32 4218 158 4272 θεῖν
178 4219 261 4280 εἰς
284 4217 384 4286 τὴν
403 4218 746 4269 κατάπαυσιν
767 4215 986 4285 εκείνην
1000 4215 1064 4246 ’⁸ο
1088 4215 1498 4285 σπουδάσωμεν,
1522 4232 1627 4288 φη-

34 4313 152 4377 σῖν,
182 4309 262 4372 ὡς
287 4309 390 4361 οὑκ
426 4307 704 4379 ἀρκούσης
729 4306 830 4376 τῆς
858 4306 1113 4371 πίστεως,
1158 4307 1272 4360 ἀλλ’
1314 4308 1624 4377 ὀφείλοντος

33 4401 378 4472 προτεθῆναι
398 4399 601 4452 καὶτοῦ
624 4399 763 4469 βίου,
784 4399 877 4451 καὶ
897 4398 1097 4470 πολλὴν
1113 4398 1209 4469 τὴν
1235 4399 1470 4470 σπουδὴν
1488 4400 1626 4469 γίνε-

36 4493 194 4544 σθαι.
227 4494 319 4543 Δεῖ
339 4491 447 4560 γὰρ
469 4489 637 4552 ὅντως
660 4483 757 4541 kal.
784 4488 983 4557 πολλῆς
1014 4488 1250 4559 σπουδῆς
1279 4489 1418 4542 ὥστε
1445 4489 1622 4541 εἰσελ-

38 4580 160 4632 θεῖν
188 4580 268 4642 είς
298 4578 391 4630 τὸν
430 4577 679 4646 οὐρανόν.
715 4576 777 4629 El
813 4576 923 4647 γὰρ
963 4577 1068 4646 γῆς
1107 4576 1167 4629 οὐ
1200 4577 1623 4648 διατηξιώθησαν

38 4668 92 4721 οἱ
120 4665 364 4718 τοσαῦτα
390 4664 900 4735 ταλαιπωρηθέντες
938 4668 995 4718 ἐν
1027 4667 1091 4736 τῇ
1128 4666 1352 4735 ἐρήμῳ,
1387 4667 1481 4719 καὶ
1518 4665 1623 4734 γῆς

39 4761 233 4827 τυχεῖν
267 4758 368 4810 οὐκ
395 4756 761 4827 ἠδυνήθησαν,
789 4757 911 4809 ἐπεὶ
946 4756 1274 4824 ἐγόγγυσαν,
1308 4757 1401 4809 καὶ
1432 4756 1623 4828 ἐπειδὴ

41 4851 402 4920 ἐπόρνευσαν,
445 4849 565 4911 πῶς
610 4850 701 4901 τὸν
739 4849 965 4919 οὐρανὸν
1010 4850 1170 4919 ἡμεῖς
1213 4849 1621 4917 καταξιωσηθό-

48 4942 192 5013 μεθα
222 4941 267 4974 ’⁸
297 4939 606 5008 ἀδιαφόρως
629 4939 829 5005 ζῶντες
869 4941 964 4993 καὶ
995 4940 1287 5011 ρᾳθύμως;
1316 4944 1410 4994 Δεῖ
1444 4943 1622 4993 τοίνυν

45 5038 179 5109 η’μῖν
208 5034 411 5104 πολλῆς
442 5032 703 5101 σπουδῆς.
740 5023 851 5084 Καὶ
880 5032 1062 5085 πάλιν.

117 5146 330 5211 Πίστις
394 5142 573 5211 χωρὶς
610 5140 731 5196 τῶν
781 5141 973 5211 ἔργων
999 5140 1180 5209 νεκρά
1207 5141 1397 5196 ἐστιν.

120 5237 381 5300 Εἰκότως*
427 5234 617 5306 ὥσπερ
657 5234 766 5305 γὰρ
810 5236 969 5304 σῶμα
1013 5233 1179 5287 καλὸν
1223 5238 1315 5288 καὶ
1358 5235 1618 5300 εὐανθὲς,

49 5328 178 5381 ὅταν
216 5328 367 5396 ἰσχὺν
417 5325 491 5397 μὴ
539 5324 678 5396 ἔχῃ,
725 5324 860 5378 ἀλλὰ
902 5327 1013 5386 τοῖς
1055 5324 1543 5397 ἐζωγραφτιμένοις
1586 5323 1618 5400 ᾖ

52 5420 370 5490 προσεοικὸς
401 5420 470 5484 ³⁸,
496 5417 640 5472 οὓτω
669 5417 854 5481 πίστις
885 5417 1020 5489 ὀρθὴ
1047 5420 1213 5489 χωρὶς
1248 5418 1447 5489 ἔργων.

1742 3117 1946 3184 credat,
1977 3125 2031 3172 et
2069 3116 2126 3170 in
2164 3114 2427 3186 Spiritum
2471 3127 2743 3180 sanctum,
2776 3118 2939 3170 vitam
2994 3128 3173 3171 autem
3210 3132 3317 3171 non

1741 3205 1940 3262 habeat
1996 3219 2222 3275 rectam,
2250 3209 2396 3263 nulla
2448 3209 2496 3263 ei
2539 3209 2659 3262 fidei
2704 3208 2910 3262 utilitas
2959 3208 3010 3261 in
3061 3208 3316 3263 salutem.

1743 3303 1874 3356 Dum
1903 3318 2032 3371 ergo
2062 3303 2197 3371 legis
2225 3319 2238 3355 :
2278 3300 2411 3355 lla’c
2447 3311 2521 3355 est
2534 3304 2647 3356 rita
2674 3312 2891 3364 mterna,
2923 3312 2977 3355 ut
3000 3310 3314 3371 cognoscant

1742 3403 1792 3446 te
1815 3392 1986 3447 solum
2020 3393 2186 3447 Deum
2221 3410 2396 3447 verum
2428 3393 2493 3457 “,
2519 3410 2584 3447 ne
2614 3394 2806 3446 credas
2834 3395 2948 3446 haec
2970 3394 3111 3446 dicta
3157 3391 3315 3446 nobis

1736 3483 1981 3539 sumcere
2022 3487 2087 3540 ad
2116 3488 2371 3539 salutem.
2404 3482 2629 3554 Oportet
2658 3485 2804 3538 enim
2842 3499 2941 3537 nos
2987 3492 3042 3537 et
3081 3483 3193 3537 vita
3256 3490 3315 3536 et

1737 3577 1976 3631 moribus
2004 3564 2323 3645 purissimos
2353 3577 2643 3631 exsistere.

1806 3756 2056 3827 Magnum
2085 3757 2302 3826 quidem
2328 3764 2383 3811 et
2415 3757 2546 3813 fides
2574 3765 2629 3812 et
2659 3758 2822 3823 salus,
2846 3767 2900 3812 et
2927 3758 3045 3812 sine
3075 3756 3178 3810 fide
3210 3756 3314 3812 sai—

1733 3851 1847 3903 vari
1883 3864 2156 3918 nunquam
2207 3865 2513 3917 possumus.
2549 3850 2654 3904 Sed
2697 3866 2800 3902 non
2837 3848 3029 3903 snﬂicit
3053 3851 3116 3902 ad
3163 3849 3308 3902 salu-

1734 3949 1860 4003 tem,
1883 3940 2039 3992 lidem
2060 3940 2157 3992 sibi
2173 3938 2506 3993 etiormasse.
2533 3939 2713 3994 ﬂectis
2738 3950 2917 3993 antem
2948 3956 3084 4008 opus
3106 3949 3189 3995 est
3215 3939 3312 3994 ad-

1730 4029 1835 4084 huc
1856 4029 2111 4083 moribus.
2136 4028 2426 4098 Pr0pterea
2460 4042 2514 4083 et
2550 4029 2748 4084 Paulus
2775 4031 2891 4084 illos
2909 4033 2998 4099 qni
3019 4030 3129 4099 jam
3157 4031 3307 4100 digni

1728 4120 1897 4176 habiti
1932 4131 2056 4174 sunt
2089 4122 2469 4192 mysteriorum
2498 4125 2820 4174 exhortatur
2848 4122 3032 4175 dicens
3073 4140 3088 4176 :
3126 4119 3303 4175 Festi-

1728 4228 1919 4267 nemus
1945 4213 2152 4282 ingredi
2191 4213 2241 4265 in
2278 4212 2420 4266 illam
2460 4214 2702 4280 requiem
2736 4214 2814 4279 “;
2843 4213 3159 4268 festinemus
3206 4215 3306 4279 ait,

1730 4302 1852 4371 quia
1874 4320 1975 4357 non
2000 4303 2198 4357 sullicit
2230 4305 2379 4369 tides,
2408 4304 2503 4357 scd
2536 4305 2745 4358 ostendi
2771 4306 2932 4359 debet
2955 4307 3084 4370 vita,
3105 4306 3305 4370 ethoc,

1661 4374 1705 4430 Ῑ)
1732 4395 1894 4448 multa
1930 4411 2049 4448 cum
2083 4395 2448 4449 festinatione.
2480 4393 2676 4463 Magno
2707 4396 2851 4447 enim
2883 4409 3018 4461 opus
3064 4402 3146 4447 est
3183 4394 3308 4460 qui-

1729 4487 1848 4540 dem
1879 4487 2073 4541 ardore
2102 4496 2157 4538 ut
2183 4487 2379 4539 coelum
2414 4487 2798 4553 ingrediamur.
2822 4484 3063 4553 Namque
3088 4485 3130 4536 si
3158 4495 3302 4537 terra

1729 4593 1835 4631 non
1865 4579 2008 4647 digni
2038 4565 2242 4631 inventi
2271 4587 2397 4630 sunt
2430 4575 2664 4634 Hebraei.
2698 4578 2789 4644 qui
2814 4585 2963 4627 tanta
2996 4575 3139 4642 passi
3174 4585 3301 4627 sunt

1729 4670 1780 4723 in
1800 4670 2044 4732 deserto;
2076 4671 2118 4721 si
2185 4679 2382 4722 terram
2439 4670 2714 4737 possidere
2758 4682 2862 4720 non
2907 4675 3217 4732 potuerunt,
3248 4673 3304 4718 et

1731 4775 1852 4814 llos
1909 4770 2401 4823 mnrmnraverunt,
2465 4770 2516 4814 et
2567 4770 2750 4828 postea
2802 4757 3050 4810 fornicati
3124 4765 3296 4821 sunt,

1729 4854 1998 4920 quomodo
2029 4867 2125 4905 nos
2147 4851 2283 4906 caelo
2308 4852 2453 4920 digiti
2485 4852 2876 4921 jndicahimur,
2903 4849 2993 4917 qui
3024 4849 3290 4917 negligen-

1732 4954 1812 4997 ter
1838 4955 1891 4998 et
1932 4945 2164 4997 molliter
2204 4945 2476 4998 vivimus?
2514 4944 2716 5013 Nempe
2768 4954 2852 4998 est
2881 4957 3012 5012 ergo
3070 4950 3129 4994 ut
3181 4953 3301 4993 cum

1729 5037 1898 5090 multo
1922 5036 2227 5090 laboremus
2257 5038 2470 5091 ardore.

1800 5144 1964 5199 Vsus.
2011 5144 2102 5200 27.
2179 5145 2243 5199 Et
2289 5148 2419 5215 ﬁdes
2469 5149 2578 5201 sine
2638 5149 2879 5216 operibus
2941 5156 3146 5201 mortuo
3204 5157 3303 5203 est.

1801 5235 1864 5288 Et
1895 5239 2278 5292 convenienter
2310 5256 2323 5292 :
2354 5239 2509 5292 Sicut
2554 5242 2697 5292 enim
2733 5240 3015 5308 pulchrum
3067 5249 3119 5293 et
3159 5237 3307 5294 ﬂori-

1729 5333 1853 5385 dum
1898 5348 2094 5401 corpus
2129 5334 2268 5400 quod
2324 5335 2523 5387 nullam
2558 5335 2757 5388 habeat
2791 5336 2896 5386 vim
2926 5345 2979 5387 et
3012 5333 3187 5388 simile
3223 5330 3305 5402 pi-

1727 5425 1896 5477 cturis
1927 5435 2090 5490 esset,
2124 5426 2195 5478 ita
2227 5433 2281 5479 et
2305 5435 2451 5479 recta
2482 5426 2615 5480 tides
2649 5429 2767 5481 sine
2787 5426 3066 5495 operibus.

124 5598 146 5629 ’
183 5595 313 5651 Luc.
346 5609 424 5659 νι,
455 5593 548 5651 36.
624 5592 669 5625 “
709 5590 853 5647 Psal.
893 5606 1063 5656 van,
1097 5592 1185 5646 M.
1264 5593 1305 5625 ¹⁸
1338 5590 1497 5647 Joan.
1529 5608 1663 5660 xvu,
1702 5594 1757 5653 5.
1834 5597 1879 5632 ¹¹
1919 5596 2085 5654 llebr.
2120 5614 2193 5662 tv,
2223 5600 2280 5654 2.

124 5752 173 5827 ’,τ
199 5750 264 5827 ςε
294 5750 357 5806 ο.
392 5748 752 5827 βαρελεισσαε-
784 5744 933 5827 1'9.
964 5744 1028 5827 βο
1054 5744 1295 5827 ιμοεουςο
1368 5746 1416 5779 ἰ
1440 5747 1503 5827 ρο
1537 5747 1600 5802 c-

1750 5749 1799 5827 i.
1840 5750 2008 5827 ﬂ"
2034 5750 2096 5806 C.
2130 5754 2434 5827 περιστερὰ
2460 5755 2662 5827 χρυσῆ.
2688 5826 2691 5827 ν
2738 5757 2784 5789 ’⁸
2814 5755 2877 5827 C.
2914 5754 2977 5811 ϐ.
3003 5754 3154 5809 οὐδὲν
3176 5753 3295 5827 τοῦ.

58 5823 102 5856 ³⁷
134 5822 194 5878 C.
225 5822 286 5886 Ω.
314 5813 632 5894 κρίνόμεθα.
706 5817 754 5852 ⁸⁸
779 5815 844 5874 C.
875 5813 938 5874 C.
962 5813 1179 5888 ὲκείνην
1203 5816 1304 5888 τὴν
1347 5813 1718 5875 κατάπαυσιν.
1758 5823 1802 5853 ³³
1832 5820 1896 5878 C.
1923 5821 1987 5878 ϐ.
2027 5813 2582 5897 καταξὶωθηᾶόμέθα.

2677 5826 2722 5859 ³ο
2748 5827 2812 5883 (ἒ.
2836 5826 2900 5882 C.
2934 5822 3297 5898 προσεοικὼς.

3207 416 3348 480 1046
3418 476 3425 483 .
