3854 6476
13 438 186 501 343
1038 452 1466 510 FRAGMENTA
1503 453 1575 510 lN
1612 454 2004 513 EPISTULA“
2043 457 2103 515 S.
2142 459 2394 519 JACOBI.
3193 466 3335 528 i050

13 555 187 655 511::
258 559 326 613 τὸ
350 559 692 631 ἁμαρτάνειν
749 562 1119 635 ἀναισχυντεῖ,
1177 566 1276 638 οὐχ
1328 566 1504 632 οὕτως
1559 569 1624 621 ἐπ

1758 586 1862 625 non
1899 573 2192 637 erubescit,
2245 585 2493 629 nontam
2544 576 2670 643 quia
2726 574 2944 640 cecidit,
3000 576 3332 636 miserabilis

14 649 66 714 Ξ)
122 649 209 679 ⁸⁸⁸
272 655 464 705 πεσεῖν
492 655 643 706 ἐστιν
687 653 923 718 ἐλεεινὸς
977 656 1054 720 ώς
1084 658 1178 712 ἐπὶ
1223 659 1301 730 τῷ
1330 658 1375 691 ³⁸
1436 659 1624 714 κείσοα

26 740 617 758 _,....-...
900 749 1117 758 -..-
1296 752 1308 758 -
1567 751 1581 758 -

1755 678 1856 732 est,
1907 670 2047 722 sicut
2095 678 2151 722 et
2181 669 2306 737 quia
2350 670 2494 737 jacet
2536 670 2625 723 ubi
2665 670 2884 724 cecidit.
2945 668 3001 724 Eii
3048 685 3180 726 vero
3221 687 3327 727 non
3408 681 3426 705 ί

13 756 49 789 ε
66 744 269 799 σῶν.
290 746 359 798 El
385 745 442 799 δὲ
467 744 529 798 τὸ
558 746 633 816 μὴ
670 749 954 816 μετανοεῖν
977 749 1063 817 ἐφ’
1094 751 1456 822 ἁμαρτήμασι
1494 751 1624 822 χαλε

1755 762 2019 830 pmnitere
2050 771 2392 827 peccatorum
2442 760 2639 814 malum
2674 770 2794 824 est,
2831 760 3043 828 qualem
3089 771 3330 816 meretur

13 831 161 940 ᾗ»γῖ
201 835 277 889 τὸ
313 837 410 890 καὶ
428 837 778 908 πεφυσῆσθαι
808 839 902 892 ἐπὶ
946 842 1060 904 τοῖς
1092 843 1459 913 ἁμαρτήμασι
1489 843 1624 896 ποία

1754 850 2257 905 condemnationem
2294 850 2387 919 qui
2408 849 2656 919 superbit
2684 861 2739 903 et
2768 850 2999 905 exsultat
3049 852 3100 904 in
3127 865 3324 921 pecca-

13 928 347 991 ολὰσεώς
370 929 517 981 ἐστιν
538 928 722 993 aeto»;
752 929 815 984 Εἰ
843 931 953 1001 γὰρ
978 932 1006 983 ὁ
1036 933 1130 987 ἐπὶ
1147 937 1261 997 τοῖς
1286 935 1624 1005 κατορθώμα

1751 945 1854 997 iis!
1886 943 1949 997 Et
1975 944 2016 996 si
2048 944 2355 996 immundus
2379 951 2460 996 est
2489 942 2582 1010 qui
2615 941 2668 994 in
2695 941 2849 996 bonis
2898 941 3108 996 actibus
3135 956 3328 1010 supcr-

13 1034 87 1069 ιν
158 1020 555 1123 ἐπαιρόμενος
599 1023 919 1095 ἀκάθαρτός
968 1026 1141 1091 ἐστιν,
1190 1029 1218 1080 ὁ
1266 1028 1362 1081 ἐπὶ
1396 1029 1615 1101 ἀμαρτή

1753 1034 1961 1103 bit,qui
2012 1032 2267 1087 similiter
2295 1041 2348 1086 et
2377 1031 2443 1086 de
2474 1029 2713 1101 peccatis
2739 1030 2926 1097 sentit,
2959 1031 3044 1084 ubi
3082 1030 3325 1085 inveniet

14 1126 191 1165 ac:
239 1112 404 1166 τοῦτο
437 1112 663 1184 πάσχων
692 1114 856 1179 ποίας
881 1114 1136 1182 τεύξεται
1183 1116 1550 1190 συγγνώμης;

1751 1123 2178 1195 indulgentiam?

651 1227 908 1281 ΚΕΦΑΛ.
981 1227 1059 1284 E'.

76 1317 282 1387 ’ᾼτε
313 1317 451 1384 νῦν,
486 1320 543 1373 οἱ
575 1319 881 1383 πλούσιοι,
914 1321 1226 1375 κλαύσατε
1255 1319 1624 1383 ὀλολύζοντες

1820 1330 1985 1385 Vens.
2023 1329 2074 1394 1,
2099 1328 2154 1382 2.
2188 1328 2340 1396 Agite
2375 1342 2533 1389 nunc,
2564 1325 2769 1386 divites,
2800 1322 3006 1392 plorate
3056 1319 3323 1375 ululantes

13 1406 113 1459 πὶ
168 1407 322 1474 ταῖς
360 1408 789 1476 ταλαιπωρίαις
823 1406 990 1478 ὑμῶν
1018 1409 1150 1476 ταῖς
1192 1410 1622 1481 ἐπερχομέναις

1747 1419 1802 1474 in
1841 1419 2067 1473 mist-riis
2102 1417 2286 1471 vestris
2320 1431 2438 1482 quo:
2470 1414 2756 1468 adveniunt
2796 1411 2960 1466 vobis.
3000 1410 3208 1464 Divitiae
3234 1425 3323 1463 oe-

13 1501 79 1549 Ο
167 1499 455 1566 πλοῦτος
505 1497 675 1569 ὑμῶν
716 1498 976 1566 σέσηπε,
1013 1500 1112 1555 καὶ
1152 1502 1225 1555 τὰ
1253 1501 1451 1571 Ιμάτια
1479 1501 1624 1572 ὑμῶν

1746 1520 1871 1562 stro:
1908 1506 2219 1576 putrefacta:
2260 1514 2405 1567 sunt,
2441 1514 2491 1557 et
2530 1504 2841 1557 vestimenta
2874 1511 3045 1555 vestra
3098 1517 3130 1553 a
3166 1500 3323 1553 tineis

13 1592 408 1658 ἠτόϐρωτα
427 1592 675 1660 γέγονεν
696 1605 712 1621 ’
736 1592 770 1644 d
798 1591 1026 1660 χρυσὸς
1068 1592 1238 1661 ὑμῶν
1268 1593 1369 1647 καὶ
1402 1595 1435 1648 ὁ
1465 1594 1624 1664 ἁργυ·

1747 1608 1974 1654 comesta
2012 1608 2173 1660 sunt;
2204 1614 2395 1652 aurum
2445 1606 2670 1650 restrum
2705 1605 2751 1649 et
2791 1604 3069 1664 argentum
3127 1592 3323 1662 ωηιςὶ-

18 1698 131 1747 ος
170 1682 483 1737 κατίωται.

1746 1694 1904 1749 navit.

98 1772 437 1845 Ἀψώμεθα
467 1777 569 1845 τῆς
592 1772 714 1828 ὁδοῦ
744 1775 845 1844 τῆς
872 1774 1068 1840 στενῆς
1088 1790 1103 1805 θ
1145 1775 1310 1847 μέχρι
1351 1777 1482 1830 πότε
1514 1794 1624 1847 τρυ·

1815 1783 2355 1854 Compreltendamus
2389 1795 2521 1850 ergo
2553 1785 2836 1849 angustam
2878 1776 3039 1831 viam.
3105 1773 3323 1845 Usque-

13 1866 89 1934 ;ή
130 1883 163 1929 ς,
204 1865 372 1937 μέχρι
424 1867 555 1919 πότε
595 1866 817 1933 άνεσις;
875 1866 975 1919 οὐκ
1028 1867 1441 1938 ὲνεπλήσθημεν
1472 1869 1624 1940 ρᾳθυ·

1746 1892 1851 1948 quo
1882 1877 2165 1946 voluptarii
2221 1872 2455 1929 sensus?
2509 1886 2789 1941 usquequo
2838 1868 3133 1923 mollities?
3177 1865 3318 1923 Nutu

13 1958 326 2024 ιοῦντες,
382 1958 687 2027 γελῶντες,
742 1957 1215 2030 άναὸαλλόμενοι;
1272 1960 1330 2013 οὐ
1375 1961 1445 2013 τά
1502 1961 1624 2015 αὺτὲ

1746 1970 2113 2025 saturabimur
2147 1966 2505 2028 luxuriantes,
2543 1963 2809 2026 ridentes,
2853 1960 3157 2016 saltantes?
3185 1976 3317 2015 num

13 2050 218 2103 τὰλιν
240 2051 400 2103 ἔσται
427 2048 680 2121 τράπεζα
713 2050 806 2103 καὶ
841 2049 1004 2121 κόρος
1033 2049 1126 2103 καὶ
1177 2049 1497 2104 πολυτέλεια
1544 2050 1624 2103 καὛ

1746 2061 2002 2118 eteadem
2027 2074 2242 2129 semper
2267 2068 2446 2123 erunt,
2471 2066 2526 2112 et
2556 2070 2777 2119 menszr,
2802 2063 2856 2108 et
2874 2050 3067 2117 fastus,
3094 2062 3149 2107 et
3169 2048 3320 2105 sum;

13 2141 322 2211 [ρήματα
359 2142 453 2196 καὶ
510 2141 704 2212 κτῆσις
737 2139 782 2172 δ’
841 2140 938 2194 καὶ⁵
967 2141 1292 2211 οὶκοδομαί;
1336 2142 1443 2194 Καὶ
1488 2141 1540 2194 τί
1578 2142 1624 2195 τε

1746 2152 2009 2223 ptuositas
2038 2161 2089 2205 et
2114 2150 2356 2203 divitiae?
2384 2163 2509 2201 num
2541 2161 2759 2215 semper
2780 2155 2835 2200 et
2872 2157 3052 2198 emere
3083 2153 3138 2198 et
3185 2141 3319 2196 aedi—

13 2232 247 2302 ιέρδος
278 2250 295 2297 ;
329 2232 562 2295 θάνατος
582 2248 597 2262 °
629 2232 726 2286 καὶ
743 2231 795 2285 τί
827 2231 889 2285 τὸ
914 2231 1106 2299 τέλος;
1133 2234 1309 2303 τέφρα
1344 2233 1438 2286 καὶ
1465 2235 1624 2300 κόνις,

1746 2246 1937 2300 licare?
1966 2243 2030 2297 Et
2060 2243 2182 2312 quis
2218 2240 2535 2311 profectus?
2569 2252 2748 2305 mors,
2779 2247 2833 2291 et
2848 2237 2970 2305 quis
3001 2234 3161 2289 linis?
3181 2233 3321 2289 cinis

13 2325 201 2394 τυροὶ
232 2325 333 2378 καὶ
367 2324 668 2395 σκώληκες.

1746 2350 1791 2395 et
1826 2338 2025 2408 pulvis,
2076 2336 2334 2390 feretrum
2381 2343 2435 2386 et
2484 2345 2719 2385 vermes.

111 2415 546 2486 Ἐτρυςρήσατε
570 2416 669 2470 ἐπὶ
693 2414 805 2485 τῆς
832 2415 966 2487 τῆς,
992 2416 1091 2470 καὶ
1122 2415 1624 2483 ἐσπαταλήσατει

1809 2428 1974 2483 Vens.
2008 2428 2060 2482 5.
2089 2425 2308 2495 Epulati
2337 2429 2463 2478 estis
2494 2437 2650 2488 super
2678 2433 2895 2484 terram,
2929 2418 3056 2472 etin
3087 2417 3318 2474 iururiis

13 2514 345 2584 ἐθρέψατε
363 2513 470 2579 τὰς
498 2511 748 2581 καρδίας
763 2510 1028 2582 ὑμῶνώς
1054 2511 1124 2565 ἐν
1149 2511 1338 2581 ἡμέρᾳ
1367 2509 1624 2581 σφαγῆς.

1746 2520 2109 2592 ingnrgitustis
2138 2534 2248 2574 vos.
2286 2515 2579 2572 Enutristis
2602 2514 2761 2569 corda
2787 2523 2959 2568 vestra
2983 2512 3120 2565 sicut
3148 2512 3202 2565 in
3232 2509 3320 2565 die

1737 2614 2039 2669 occisionis.

1808 2705 1946 2771 Quid
1987 2701 2154 2771 ergo?
2187 2700 2255 2754 ab
2285 2697 2458 2769 epulis
2488 2695 2864 2751 dimovemur?
2910 2702 2966 2748 et
3014 2692 3315 2747 vehemen-

2412 1230 2570 1288 CAP.
2611 1229 2673 1286 ν.

91 2694 180 2749 Τί
216 2692 356 2759 οῦνς
391 2695 705 2750 κεκώλυται
744 2697 776 2766 ἡ
808 2696 989 2765 τρυφή
1022 2711 1037 2761 ;
1068 2695 1163 2749 καὶ
1204 2694 1433 2769 σφόδρα.
1478 2694 1633 2748 Διατί

13 2783 126 2844 ιῦν
164 2790 254 2851 είς
286 2787 587 2858 μετάληψιν
638 2786 920 2852 Exstant;
957 2788 1041 2841 ὅτι
1084 2786 1178 2840 καὶ
1218 2788 1383 2860 ἄρτον
1417 2787 1626 2853 ἔκτισε,

1740 2806 1845 2852 ter.
1898 2796 2010 2850 Cur
2054 2808 2184 2864 ergo
2220 2803 2278 2846 ut
2303 2791 2435 2861 ipsis
2493 2788 2886 2858 participemns
2922 2796 3121 2839 creata:
3143 2783 3318 2838 sunt?

13 2884 131 2936 (αἱ
170 2879 487 2934 κεκώλυται
517 2880 551 2951 ἡ
586 2878 822 2949 ἀμετρία
844 2895 858 2909 ’
882 2881 965 2932 ὅτι
996 2881 1092 2932 καὶ
1123 2873 1266 2931 οἶνον
1300 2877 1506 2943 ἔκτισε,
1539 2878 1624 2932 καὶ

1746 2890 1870 2958 Quia
1900 2898 1955 2942 et
1980 2902 2173 2957 panem
2200 2882 2408 2939 creavit
2442 2880 2583 2936 Deus
2612 2892 2668 2934 et
2698 2882 2765 2933 ab
2788 2878 3099 2933 excessibus
3132 2874 3318 2945 probi-

13 2972 413 3043 κεκώλυταιή
444 2971 704 3041 ἀμετρία.
742 2972 855 3041 Οὐχ
880 2970 956 3031 ώς
987 2969 1301 3041 ἀκάθαρτον
1327 2970 1509 3023 τοίνυν
1533 2971 1630 3043 τὴν

13 3064 256 3136 τροφὴν
285 3063 327 3094 ⁸³
386 3060 774 3133 παραιτεῖσθαι
826 3059 1065 3127 κελεύει,
1120 3060 1238 3114 ἀλλ’
1277 3060 1352 3124 ὡς
1402 3060 1631 3114 ἐκλύου-

1735 2983 1960 3046 bemur;
1986 2983 2109 3047 quia
2133 2987 2181 3031 et
2206 2977 2390 3030 vinum
2425 2974 2652 3038 creavit,
2678 2982 2730 3024 et
2762 2979 2919 3039 potus
2951 2967 3318 3023 immoderati-

1738 3076 1809 3130 tia
1839 3073 2249 3127 condemnatur.
2273 3067 2391 3122 Non
2432 3067 2649 3138 quidem
2687 3065 2830 3119 sicut
2863 3062 2993 3133 quid
3041 3061 3317 3130 impurum

13 3174 136 3210 σαν
159 3155 209 3187 δ’
243 3153 333 3208 διὰ
360 3153 461 3223 τῆς
486 3152 755 3223 ἀμετρίας
782 3152 881 3221 τὴν
910 3152 1108 3222 ψυχήν.
1144 3152 1260 3206 Πᾶν
1288 3152 1397 3223 γὰρ
1428 3152 1624 3218 κτίσμα

1746 3168 1925 3239 epulas
1954 3180 2235 3221 removere
2260 3165 2433 3234 jubet,
2490 3163 2581 3215 sed
2614 3160 2742 3228 quia
2795 3172 2889 3228 per
2947 3154 3318 3208 immoderati-

13 3247 174 3301 Θεοῦ
208 3246 403 3307 καλὸν,
448 3246 602 3316 φησὶ,
647 3245 745 3298 καὶ
784 3244 935 3298 οὐδὲν
966 3244 1272 3316 ἁπόσλητον
1307 3243 1444 3316 μετά
1477 3245 1624 3315 εὐχαυ

1747 3261 1873 3313 tiam
1903 3258 2138 3311 animam
2160 3262 2445 3309 enervant.
2472 3249 2745 3320 Quidquid
2770 3246 2979 3303 creavit
3011 3244 3176 3307 Deus,
3216 3244 3319 3299 boc

13 3356 161 3411 ριστ
170 3339 261 3403 ίας
298 3337 542 3408 λαμϐανό
549 3353 733 3408 μενον.

93 3543 633 3615 Μακροθυμήσατε
658 3542 754 3596 καὶ
781 3539 976 3611 ὑμεῖς,
1000 3540 1325 3610 στηρίξατε
1358 3542 1465 3607 τὰς
1495 3557 1630 3608 καρ-

13 3638 174 3705 δίας
204 3636 396 3707 ὑμῶν.
440 3635 532 3690 ὅτι
580 3635 619 3703 ἡ
650 3633 964 3701 παρουσία
1012 3633 1121 3687 τοῦ
1150 3632 1369 3699 Κυρίου
1397 3630 1626 3700 ﬁmus.

98 3729 518 3800 Μακροθυμίαν
545 3728 681 3798 πρὸς
712 3726 999 3796 ἀλλήλους,
1027 3724 1306 3795 ὑπομονὴν
1334 3724 1468 3794 πρὸς
1499 3724 1629 3787 τοὺς

13 3824 167 3889 ἔξω.
200 3821 569 3893 Μακροθυμεῑ
609 3821 718 3892 γάρ
748 3837 832 3883 τις
877 3819 1015 3890 πρὸς
1061 3818 1320 3881 ἐκείνους,
1356 3816 1449 3870 οὓς
1468 3817 1629 3871 δυνα-

13 3918 128 3970 τὸν
184 3915 282 3968 καὶ
339 3912 693 3984 ἀμύνασθαι·
743 3912 1005 3983 ὑπομένει
1050 3911 1105 3963 δὲ
1153 3910 1247 3974 οὓς
1288 3911 1348 3964 οὐ
1403 3911 1628 3964 δύναται

14 4005 360 4079 ἀμύνασθαι
383 4023 397 4036 ’
430 4005 516 4058 διὰ
541 4003 700 4058 τοῦτο
731 4005 824 4057 ἐπὶ
880 4005 976 4075 μὲν
1010 4004 1147 4057 Θεοῦ
1180 4004 1435 4058 οὐδέποτε
1491 4005 1625 4058 ὑπο-

21 4099 188 4172 μονὴ
216 4098 458 4167 λέγεται,
499 4095 853 4169 μακροθυμία
890 4094 955 4149 δὲ
991 4095 1288 4167 πολλαχοῦ.
1312 4097 1376 4150 El
1408 4092 1500 4151 οὖν
1533 4097 1629 4151 καὶ

17 4186 282 4243 ἐνταῦθα
310 4186 562 4241 δοκοῦσιν
609 4185 1124 4253 ἐγκαταλελεῖφθαι,
1155 4186 1273 4239 ἀλλ’
1324 4188 1475 4257 ὅμως
1508 4190 1629 4242 ἐκεῖ

17 4279 247 4349 πολλῆς
305 4278 675 4332 ἀπολαύσουσι
723 4278 825 4348 τῆς
881 4275 1060 4348 δόξης.
1097 4278 1268 4332 Ὅταν
1322 4279 1381 4332 δὲ
1444 4280 1629 4334 ἴδωσιν

16 4374 75 4425 οἱ
120 4370 340 4441 μεγάλα
361 4369 645 4439 φυσῶντες
676 4370 804 4433 τοὺς
833 4369 1270 4439 μαστιζομένους
1296 4371 1388 4424 ὑπ’
1421 4372 1624 4437 αὐτῶν,

18 4465 168 4525 τοὺς
205 4461 778 4531 καταφρονουμένους,
813 4463 940 4526 τοὺς
981 4462 1468 4532 καταγελωμένους
1501 4464 1627 4518 τού-

20 4568 166 4615 τους
202 4552 370 4619 ἐγγὺς
399 4550 559 4614 ὄντας
585 4550 741 4615 Θεοῦ,
783 4550 905 4605 τότε
948 4550 1282 4623 θρηνήσουσι
1317 4552 1414 4606 καὶ
1440 4553 1626 4607 ὀλολύ-

24 4646 246 4711 ξουσιν,
277 4643 406 4696 ὅταν
422 4644 468 4675 ⁸³
496 4644 625 4707 τοὺς
679 4645 929 4713 οἰκτροὺς
971 4644 1066 4697 καὶ
1108 4644 1497 4716 ταλαιπώρους
1527 4649 1624 4699 καὶ

29 4737 215 4808 μυρία
242 4736 515 4798 παθόντας
545 4736 695 4788 δεινὰ
730 4736 827 4790 καὶ
854 4736 1271 4801 πιστεύσαντας,
1304 4739 1385 4801 είς
1426 4738 1625 4791 τοσαύ-

26 4847 140 4900 την
178 4829 290 4901 ἄγῃ
314 4828 359 4861 ⁸⁸
384 4829 773 4898 λαμπρότητα.

107 4920 233 4987 Πρὸ
290 4919 533 4973 πάντων
584 4919 673 4983 δὲ,
713 4919 970 4990 ἀδελφοί
1019 4938 1161 4990 μου,
1216 4920 1302 4990 μὴ
1348 4921 1620 4990 ὀμνύετε,

1738 3354 1936 3407 bonum
1979 3350 2135 3415 dixit,
2157 3359 2211 3404 et
2258 3347 2391 3402 nihil
2427 3344 2884 3399 contemnendum
2920 3339 3066 3409 quod
3119 3337 3321 3408 gratia-

1735 3462 1851 3499 rum
1877 3460 1997 3498 cutn
2034 3442 2251 3496 actione
2279 3439 2612 3507 accipimus.-

1806 3534 1971 3588 Vens.
1997 3532 2050 3588 8.
2090 3530 2360 3584 Patientes
2390 3537 2553 3582 estote
2587 3537 2636 3581 et
2671 3543 2782 3591 vos,
2814 3523 3126 3592 con/innate
3149 3520 3312 3574 corda

1733 3639 1924 3692 vestra,
1945 3628 2191 3697 quoniam
2248 3622 2499 3676 adventus
2533 3619 2745 3671 Domini
2773 3613 3240 3686 appropinquavit.

1808 3720 2076 3774 Patientia
2102 3718 2167 3771 ad
2200 3716 2454 3769 invicem.
2490 3710 2820 3767 Suﬂ‘erentia
2847 3709 2913 3762 ad
2945 3722 3040 3762 eos
3063 3706 3154 3776 qui
3179 3703 3314 3759 foris

1733 3816 1885 3863 sont.
1915 3806 2134 3860 Patiens
2165 3806 2309 3858 enim
2335 3804 2456 3872 quis
2483 3810 2565 3856 est
2596 3803 2648 3855 iu
2676 3800 2783 3854 illis
2815 3801 2868 3853 in
2898 3798 3094 3867 quibus
3122 3794 3313 3850 ulcisci

1732 3900 2044 3972 potuisset?
2074 3897 2273 3951 Sun‘ert
2306 3907 2485 3949 autem
2520 3909 2581 3947 ea
2616 3908 2736 3963 qua:
2768 3892 3048 3945 vindicare
3078 3904 3181 3944 non
3209 3902 3308 3956 po-

1735 4004 1839 4049 test
1870 4008 1884 4046 :
1922 4003 2140 4063 propter
2160 3990 2304 4060 quod
2342 3999 2395 4043 et
2427 3990 2491 4042 de
2526 3988 2635 4042 Deo
2663 3984 2981 4040 suil‘ereutia
3035 3996 3311 4049 nunquam

1732 4085 1952 4157 legitur,
2008 4084 2100 4138 sed
2161 4082 2360 4152 ubique
2403 4079 2681 4147 patientia.
2724 4076 2828 4145 Qui
2869 4090 2998 4145 ergo
3053 4084 3108 4128 et
3168 4086 3315 4126 nunc

1731 4180 1953 4233 omnino
1990 4177 2244 4230 videntur
2284 4173 2545 4236 derelicti,
2599 4171 2674 4226 illi
2720 4178 2776 4225 et
2818 4169 2871 4223 in
2925 4167 3110 4222 futuro
3144 4166 3313 4220 multa

1733 4271 1981 4325 fruentur
2004 4269 2194 4337 gloria.
2221 4266 2353 4322 Cum
2389 4273 2565 4318 autem
2599 4263 2877 4327 videbunt,
2907 4260 2959 4313 bi
2983 4260 3073 4328 qui
3116 4270 3310 4325 magna

1732 4361 2088 4430 Sttpet'bittttl,
2145 4359 2264 4412 illos
2320 4371 2457 4425 quos
2518 4354 2924 4423 ﬂagellaverunl
2981 4350 3122 4417 ipsi,
3176 4362 3312 4415 quos

1731 4460 2119 4521 conspueruut,
2165 4451 2493 4507 deriserunt,
2527 4456 2735 4500 stantes
2773 4445 2926 4513 juxta
2969 4441 3163 4503 Deum,
3200 4450 3311 4492 tum

1731 4546 1989 4614 lugebant
2015 4561 2029 4609 ;
2061 4554 2112 4597 et
2142 4539 2579 4595 Iatnentabuutur
2608 4553 2728 4591 cum
2769 4535 2832 4589 ad
2869 4542 3071 4587 tantam
3124 4545 3314 4601 perve-

1736 4638 1886 4690 nicnt
1918 4635 2233 4690 felicitatem
2268 4633 2322 4686 bi
2350 4630 2533 4685 miseri
2587 4641 2642 4683 et
2673 4626 3013 4681 miserabiles
3032 4625 3122 4693 qui
3161 4632 3311 4677 tanta

1732 4729 1801 4784 ab
1822 4729 1954 4798 ipsis
1985 4729 2127 4796 passi
2159 4736 2285 4779 sunt
2317 4724 2553 4779 crudelia
2577 4722 2741 4776 mala.

1802 4915 1966 4970 Vens.
2007 4915 2093 4970 12.
2136 4912 2274 4968 Ante
2316 4913 2489 4966 omnia
2532 4920 2737 4972 autem,
2761 4910 2957 4979 fratres
2990 4908 3111 4972 mei,
3152 4906 3313 4961 nolite

22 5012 188 5082 μήτε
220 5012 327 5065 τόν
368 5011 650 5080 οὐρανὸν,
697 5011 853 5082 μήτε
893 5011 1008 5082 τὴν
1049 5012 1188 5082 γῆν,
1219 5013 1375 5084 μήτε
1427 5013 1623 5067 ἄλλον

1746 5026 1911 5064 νιιτανε
1943 5025 2104 5078 neque
2156 5023 2247 5075 per
2311 5005 2519 5070 calum,
2565 5019 2726 5070 neque
2757 5018 2851 5071 per
2885 5009 3101 5064 terram,
3149 5014 3337 5069 neque

28 5104 173 5158 ’τινὰ
202 5102 404 5169 ὅρκον.

109 5195 178 5248 Τί
208 5189 301 5247 οὖν
337 5193 433 5247 ἐὰν
460 5194 668 5266 ἀπαιτῇ
695 5211 780 5258 τις
800 5195 984 5265 ὅρκον,
1016 5197 1109 5249 καὶ
1133 5196 1383 5267 ἀνάγκην
1414 5194 1621 5267 ἐπάγῃς

44 5289 112 5339 Ὀ
141 5285 238 5338 τοῦ
271 5285 408 5339 Θεοῦ
438 5285 602 5354 φόϐος
632 5286 731 5355 τῆς
760 5286 1008 5356 ἀνάγκης
1057 5287 1198 5341 ἔστω
1227 5287 1622 5359 δυνατώτερος.

44 5375 208 5427 Ἐπεὶ
242 5375 289 5427 εί
350 5374 538 5444 μέλλει
569 5375 615 5407 ⁸⁸
659 5376 759 5438 τὰς
785 5375 832 5406 ⁵⁸
891 5376 1150 5441 τοιαύτας
1214 5378 1619 5448 προϐάλλεσθαι

37 5465 345 5534 προφάσεις
364 5465 438 5531 ⁸⁸,
516 5466 671 5520 οὐδὲν
722 5466 980 5536 φυλάξεις
1033 5469 1139 5523 τῶν
1194 5471 1619 5541 ἐπιταχθέντων.

38 5558 301 5627 Καίτοιγε
339 5560 434 5611 ἐπὶ
473 5559 583 5613 τῶν
625 5560 806 5630 νόμων
844 5560 954 5615 τῶν
988 5562 1353 5634 ἀνθρωπίνων
1384 5563 1623 5631 οὐδαμοῦ

37 5651 205 5704 τοῦτο
254 5651 466 5723 τολμᾷς
508 5651 904 5724 προϐαλέσθαι,
937 5653 1059 5707 οὐδὲ
1088 5657 1283 5720 εἰπεῖν,
1317 5655 1433 5709 ἀλλ’
1483 5655 1625 5710 ἑκὼν

137 5811 180 5842 ³⁸
202 5811 258 5866 C.
282 5810 429 5865 (λτδ.

38 5882 87 5917 ⁸⁵
115 5881 176 5938 C.
203 5881 263 5938 C.
285 5882 428 5951 άγει.

534 5810 579 5842 ³⁸
614 5811 676 5867 C.
703 5810 763 5866 C.
793 5811 874 5866 τὸ.
978 5811 1024 5844 ⁸⁰
1052 5811 1112 5869 C.
1170 5814 1233 5868 C.
1266 5815 1463 5878 κτίσις.

532 5881 579 5915 ⁸⁸
607 5881 670 5938 C.
706 5883 769 5940 C.
802 5882 1036 5953 μέλλεις.

1563 5814 1609 5885 “7
1637 5812 1698 5869 C.
1730 5815 1790 5869 (Σ.
1826 5814 2058 5885 τρυφήν.

1131 5882 1177 5914 ⁸⁸
1203 5884 1357 5940 (2.0.
1398 5901 1509 5942 om.
1570 5884 1665 5969 ³⁸⁸⁸
1694 5886 1756 5943 C.
1785 5882 2187 5957 ϐίπροφάσῃς.

1728 5103 1878 5157 aliud
1907 5105 2250 5170 quodcunque
2270 5099 2648 5167 iuramentum.

1802 5193 1941 5261 Quid
1965 5208 2093 5262 ergo
2122 5193 2165 5245 si
2204 5192 2443 5259 requirat
2466 5191 2588 5259 quis
2612 5190 3007 5257 juramentum,
3029 5196 3083 5241 et
3112 5201 3307 5243 neces-

1730 5288 1942 5342 sitatem
1979 5285 2318 5354 prtetenttat?
2350 5283 2687 5337 Necessitate
2715 5283 2984 5351 potentior
3024 5284 3093 5336 sit
3150 5283 3311 5336 timor

1731 5380 1844 5435 Dei.
1872 5378 1927 5434 Si
1963 5379 2084 5431 talia
2117 5381 2259 5431 enim
2292 5376 2552 5429 vindicari
2576 5386 2790 5444 possent
2835 5383 3120 5444 praetexta,
3161 5376 3304 5429 nulla

1723 5484 1992 5541 praecepta
2034 5485 2306 5524 servares.
2346 5468 2636 5523 Enimvero
2677 5470 2729 5520 iu
2797 5468 3047 5522 Immanis
3103 5469 3307 5539 legibus

1723 5564 1943 5619 nulliter
1971 5563 2095 5617 talia
2144 5563 2374 5631 proferri
2409 5563 2640 5625 sineres,
2672 5577 2773 5615 uec
2811 5562 2927 5630 ipse
2982 5563 3166 5617 dicere
3204 5579 3305 5617 au-

1723 5655 1905 5710 deres.
1968 5653 2098 5721 Sed,
2154 5655 2286 5708 vclis
2322 5655 2479 5718 nolis,
2511 5656 2853 5724 compelleris
2890 5670 3108 5711 servare
3152 5670 3305 5710 man-

2169 5813 2216 5849 "
2249 5813 2310 5870 C.
2343 5815 2402 5871 C.
2428 5814 2744 5871 ἔκκλουσαν.
2863 5815 2909 5849 ⁸³
2933 5814 2992 5870 C.
3016 5813 3074 5868 (Ζ.
3100 5813 3178 5869 ὅτ’
3209 5811 3298 5870 ἄν.
