  <div class='ocr_page' id='page_1' title='image "/cluster/home/n/w/nwhite01/storage/ocr_20150623/64/hvd.32044019207844/570.png"; bbox 0 0 3854 6398; ppageno 0'>
   <div class='ocr_carea' id='block_1_1' title="bbox 53 342 194 398">
    <p class='ocr_par' dir='ltr' id='par_1_1' title="bbox 53 342 194 398">
     <span class='ocr_line' id='line_1_1' title="bbox 53 342 194 398; baseline -0.007 -2"><span class='ocrx_word' id='word_1_1' title='bbox 53 342 194 398; x_wconf 69' lang='grc'><strong>1057</strong></span> 
     </span>
    </p>
   </div>
   <div class='ocr_carea' id='block_1_2' title="bbox 1013 345 2421 411">
    <p class='ocr_par' dir='ltr' id='par_1_2' title="bbox 1013 345 2421 411">
     <span class='ocr_line' id='line_1_2' title="bbox 1013 345 2421 411; baseline 0.006 -9"><span class='ocrx_word' id='word_1_2' title='bbox 1013 345 1441 406; x_wconf 75' lang='lat' dir='ltr'><strong>FRAGMENTA</strong></span> <span class='ocrx_word' id='word_1_3' title='bbox 1476 351 1543 407; x_wconf 77' lang='lat' dir='ltr'><strong>IN</strong></span> <span class='ocrx_word' id='word_1_4' title='bbox 1582 352 1971 410; x_wconf 75' lang='lat' dir='ltr'><strong>EPISTOLAM</strong></span> <span class='ocrx_word' id='word_1_5' title='bbox 2010 352 2053 407; x_wconf 86' lang='lat' dir='ltr'><strong>ll</strong></span> <span class='ocrx_word' id='word_1_6' title='bbox 2095 354 2153 409; x_wconf 93' lang='lat' dir='ltr'><strong>S.</strong></span> <span class='ocrx_word' id='word_1_7' title='bbox 2195 353 2421 411; x_wconf 81' lang='lat' dir='ltr'><strong>PETRI.</strong></span> 
     </span>
    </p>
   </div>
   <div class='ocr_carea' id='block_1_3' title="bbox 3189 363 3329 422">
    <p class='ocr_par' dir='ltr' id='par_1_3' title="bbox 3189 363 3329 422">
     <span class='ocr_line' id='line_1_3' title="bbox 3189 363 3329 422; baseline -0.029 0"><span class='ocrx_word' id='word_1_8' title='bbox 3189 363 3329 422; x_wconf 69' lang='lat' dir='ltr'><strong>i058</strong></span> 
     </span>
    </p>
   </div>
   <div class='ocr_carea' id='block_1_4' title="bbox 123 461 1626 551">
    <p class='ocr_par' dir='ltr' id='par_1_4' title="bbox 123 461 1626 542">
     <span class='ocr_line' id='line_1_4' title="bbox 123 461 1626 542; baseline 0.003 -19"><span class='ocrx_word' id='word_1_9' title='bbox 123 467 541 535; x_wconf 74' lang='grc' dir='ltr'><em>Ταπεινῶθητε</em></span> <span class='ocrx_word' id='word_1_10' title='bbox 565 461 680 523; x_wconf 81' lang='grc' dir='ltr'><strong>οὖν</strong></span> <span class='ocrx_word' id='word_1_11' title='bbox 712 468 832 521; x_wconf 79' lang='grc' dir='ltr'><strong>ὑπὸ</strong></span> <span class='ocrx_word' id='word_1_12' title='bbox 874 468 990 536; x_wconf 82' lang='grc' dir='ltr'><strong>τὴν</strong></span> <span class='ocrx_word' id='word_1_13' title='bbox 1012 471 1302 538; x_wconf 82' lang='grc' dir='ltr'><em>κραταιὰν</em></span> <span class='ocrx_word' id='word_1_14' title='bbox 1331 471 1502 542; x_wconf 75' lang='grc' dir='ltr'>χεζοα</span> <span class='ocrx_word' id='word_1_15' title='bbox 1533 475 1626 528; x_wconf 83' lang='lat' dir='ltr'><strong>toi</strong></span> 
     </span>
    </p>
   </div>
   <div class='ocr_carea' id='block_1_5' title="bbox 1748 461 3326 551">
    <p class='ocr_par' dir='ltr' id='par_1_5' title="bbox 1821 473 3326 551">
     <span class='ocr_line' id='line_1_5' title="bbox 1821 473 3326 551; baseline 0.007 -22"><span class='ocrx_word' id='word_1_16' title='bbox 1821 474 1986 529; x_wconf 69' lang='lat' dir='ltr'><strong>Vens.</strong></span> <span class='ocrx_word' id='word_1_17' title='bbox 2025 474 2079 529; x_wconf 91' lang='lat'><strong>6.</strong></span> <span class='ocrx_word' id='word_1_18' title='bbox 2116 473 2496 531; x_wconf 79' lang='lat' dir='ltr'><strong>Humiliamini</strong></span> <span class='ocrx_word' id='word_1_19' title='bbox 2517 492 2640 548; x_wconf 85' lang='lat' dir='ltr'><strong>ergo</strong></span> <span class='ocrx_word' id='word_1_20' title='bbox 2666 477 2760 532; x_wconf 85' lang='lat' dir='ltr'><strong>sub</strong></span> <span class='ocrx_word' id='word_1_21' title='bbox 2798 496 2958 534; x_wconf 81' lang='lat' dir='ltr'><strong>manu</strong></span> <span class='ocrx_word' id='word_1_22' title='bbox 2980 485 3182 551; x_wconf 83' lang='lat' dir='ltr'><strong>potenti</strong></span> <span class='ocrx_word' id='word_1_23' title='bbox 3207 483 3326 551; x_wconf 82' lang='lat' dir='ltr'><strong>Dei,</strong></span> 
     </span>
    </p>
   </div>
   <div class='ocr_carea' id='block_1_6' title="bbox 42 559 1126 631">
    <p class='ocr_par' dir='ltr' id='par_1_6' title="bbox 42 559 1126 631">
     <span class='ocr_line' id='line_1_6' title="bbox 42 559 1126 631; baseline 0.002 -16"><span class='ocrx_word' id='word_1_24' title='bbox 42 560 225 625; x_wconf 76' lang='grc' dir='ltr'>Θεοῦ,</span> <span class='ocrx_word' id='word_1_25' title='bbox 255 561 358 615; x_wconf 76' lang='grc' dir='ltr'><em>ἵνα</em></span> <span class='ocrx_word' id='word_1_26' title='bbox 393 559 550 630; x_wconf 80' lang='grc' dir='ltr'><em>ὑμᾶς</em></span> <span class='ocrx_word' id='word_1_27' title='bbox 576 560 797 629; x_wconf 76' lang='grc' dir='ltr'><em>ὑψώσῃ</em></span> <span class='ocrx_word' id='word_1_28' title='bbox 822 560 894 614; x_wconf 81' lang='grc' dir='ltr'><em>ἐν</em></span> <span class='ocrx_word' id='word_1_29' title='bbox 920 562 1126 631; x_wconf 75' lang='grc' dir='ltr'><em>καιρῷ.</em></span> 
     </span>
    </p>
   </div>
   <div class='ocr_carea' id='block_1_7' title="bbox 116 649 1631 725">
    <p class='ocr_par' dir='ltr' id='par_1_7' title="bbox 116 649 1631 725">
     <span class='ocr_line' id='line_1_7' title="bbox 116 649 1631 725; baseline 0.005 -24"><span class='ocrx_word' id='word_1_30' title='bbox 116 651 234 721; x_wconf 71' lang='grc' dir='ltr'><strong>Οὐχ</strong></span> <span class='ocrx_word' id='word_1_31' title='bbox 264 649 454 714; x_wconf 71' lang='grc' dir='ltr'>ἁπλῶς</span> <span class='ocrx_word' id='word_1_32' title='bbox 480 651 540 704; x_wconf 76' lang='grc' dir='ltr'>τὸ</span> <span class='ocrx_word' id='word_1_33' title='bbox 559 649 818 720; x_wconf 71' lang='grc' dir='ltr'><strong>ὑψώσει,</strong></span> <span class='ocrx_word' id='word_1_34' title='bbox 849 652 962 704; x_wconf 79' lang='grc' dir='ltr'>ἀλλ’</span> <span class='ocrx_word' id='word_1_35' title='bbox 986 653 1057 705; x_wconf 83' lang='grc' dir='ltr'><em>ἐν</em></span> <span class='ocrx_word' id='word_1_36' title='bbox 1086 651 1269 722; x_wconf 82' lang='grc' dir='ltr'><strong>καιρῷ</strong></span> <span class='ocrx_word' id='word_1_37' title='bbox 1298 654 1631 725; x_wconf 79' lang='grc' dir='ltr'><strong>προσέθηκε’</strong></span> 
     </span>
    </p>
   </div>
   <div class='ocr_carea' id='block_1_8' title="bbox 39 740 1633 818">
    <p class='ocr_par' dir='ltr' id='par_1_8' title="bbox 39 740 1633 818">
     <span class='ocr_line' id='line_1_8' title="bbox 39 740 1633 818; baseline 0.004 -26"><span class='ocrx_word' id='word_1_38' title='bbox 39 740 322 795; x_wconf 79' lang='grc' dir='ltr'><strong>διδάσκων</strong></span> <span class='ocrx_word' id='word_1_39' title='bbox 351 740 550 804; x_wconf 79' lang='grc' dir='ltr'><strong>αὐτοὺς</strong></span> <span class='ocrx_word' id='word_1_40' title='bbox 587 742 806 812; x_wconf 73' lang='grc' dir='ltr'><em>ἐκείνην</em></span> <span class='ocrx_word' id='word_1_41' title='bbox 829 742 1123 812; x_wconf 83' lang='grc' dir='ltr'><em>ἀναμένειν</em></span> <span class='ocrx_word' id='word_1_42' title='bbox 1145 746 1246 814; x_wconf 82' lang='grc' dir='ltr'><strong>τὴν</strong></span> <span class='ocrx_word' id='word_1_43' title='bbox 1268 743 1438 808; x_wconf 79' lang='grc' dir='ltr'>ὄντως</span> <span class='ocrx_word' id='word_1_44' title='bbox 1465 747 1523 798; x_wconf 81' lang='grc' dir='ltr'><strong>ἐν</strong></span> <span class='ocrx_word' id='word_1_45' title='bbox 1553 745 1633 818; x_wconf 81' lang='grc' dir='ltr'>τῷ</span> 
     </span>
    </p>
   </div>
   <div class='ocr_carea' id='block_1_9' title="bbox 45 829 753 902">
    <p class='ocr_par' dir='ltr' id='par_1_9' title="bbox 45 829 753 902">
     <span class='ocr_line' id='line_1_9' title="bbox 45 829 753 902; baseline 0.001 -18"><span class='ocrx_word' id='word_1_46' title='bbox 45 831 303 902; x_wconf 83' lang='grc' dir='ltr'>μέλλοντι</span> <span class='ocrx_word' id='word_1_47' title='bbox 327 831 487 884; x_wconf 83' lang='grc' dir='ltr'>αἰῶνι</span> <span class='ocrx_word' id='word_1_48' title='bbox 522 829 753 900; x_wconf 74' lang='grc' dir='ltr'><em>ῦψωσίν.</em></span> 
     </span>
    </p>
   </div>
   <div class='ocr_carea' id='block_1_10' title="bbox 114 921 1486 995">
    <p class='ocr_par' dir='ltr' id='par_1_10' title="bbox 114 921 1486 995">
     <span class='ocr_line' id='line_1_10' title="bbox 114 921 1486 995; baseline 0.003 -18"><span class='ocrx_word' id='word_1_49' title='bbox 114 921 343 989; x_wconf 84' lang='grc' dir='ltr'><em>Εἰρήνη</em></span> <span class='ocrx_word' id='word_1_50' title='bbox 385 921 530 991; x_wconf 81' lang='grc' dir='ltr'><strong>ὑμῖν</strong></span> <span class='ocrx_word' id='word_1_51' title='bbox 553 921 706 979; x_wconf 84' lang='grc' dir='ltr'><em>πᾶσι</em></span> <span class='ocrx_word' id='word_1_52' title='bbox 743 923 869 991; x_wconf 84' lang='grc' dir='ltr'>τοῖς</span> <span class='ocrx_word' id='word_1_53' title='bbox 897 924 970 978; x_wconf 86' lang='grc' dir='ltr'><em>ἐν</em></span> <span class='ocrx_word' id='word_1_54' title='bbox 988 925 1244 995; x_wconf 82' lang='grc' dir='ltr'><strong>Χριστῷ.</strong></span> <span class='ocrx_word' id='word_1_55' title='bbox 1286 925 1486 995; x_wconf 81' lang='grc' dir='ltr'><em>Ἀμήν.</em></span> 
     </span>
    </p>
   </div>
   <div class='ocr_carea' id='block_1_11' title="bbox 116 1103 1632 1182">
    <p class='ocr_par' dir='ltr' id='par_1_11' title="bbox 116 1103 1632 1182">
     <span class='ocr_line' id='line_1_11' title="bbox 116 1103 1632 1182; baseline 0.005 -26"><span class='ocrx_word' id='word_1_56' title='bbox 116 1103 266 1176; x_wconf 86' lang='grc' dir='ltr'><em>Ὅρα</em></span> <span class='ocrx_word' id='word_1_57' title='bbox 294 1105 415 1168; x_wconf 78' lang='grc' dir='ltr'><strong>πῶς</strong></span> <span class='ocrx_word' id='word_1_58' title='bbox 447 1104 575 1158; x_wconf 85' lang='grc' dir='ltr'>ὅταν</span> <span class='ocrx_word' id='word_1_59' title='bbox 601 1105 670 1159; x_wconf 81' lang='grc' dir='ltr'>τὰ</span> <span class='ocrx_word' id='word_1_60' title='bbox 694 1107 947 1177; x_wconf 79' lang='grc' dir='ltr'>πρακτέα</span> <span class='ocrx_word' id='word_1_61' title='bbox 970 1109 1309 1181; x_wconf 80' lang='grc' dir='ltr'>ὑπαγορεύῃ,</span> <span class='ocrx_word' id='word_1_62' title='bbox 1334 1112 1632 1182; x_wconf 76' lang='grc' dir='ltr'>ἐπισημαι-</span> 
     </span>
    </p>
   </div>
   <div class='ocr_carea' id='block_1_12' title="bbox 40 1196 1631 1273">
    <p class='ocr_par' dir='ltr' id='par_1_12' title="bbox 40 1196 1631 1273">
     <span class='ocr_line' id='line_1_12' title="bbox 40 1196 1631 1273; baseline 0.005 -24"><span class='ocrx_word' id='word_1_63' title='bbox 40 1211 200 1249; x_wconf 82' lang='grc' dir='ltr'>νεται</span> <span class='ocrx_word' id='word_1_64' title='bbox 232 1196 373 1250; x_wconf 74' lang='grc' dir='ltr'>αὐτὰ</span> <span class='ocrx_word' id='word_1_65' title='bbox 399 1199 465 1267; x_wconf 82' lang='grc' dir='ltr'><strong>τῇ</strong></span> <span class='ocrx_word' id='word_1_66' title='bbox 487 1196 620 1269; x_wconf 70' lang='grc' dir='ltr'><strong>εὐχῇ</strong></span> <span class='ocrx_word' id='word_1_67' title='bbox 650 1213 667 1230; x_wconf 77' lang='grc' dir='ltr'><em>ο</em></span> <span class='ocrx_word' id='word_1_68' title='bbox 699 1197 953 1270; x_wconf 84' lang='grc' dir='ltr'><strong>καθάπερ</strong></span> <span class='ocrx_word' id='word_1_69' title='bbox 985 1203 1273 1273; x_wconf 82' lang='grc' dir='ltr'><em>σήμαντρα</em></span> <span class='ocrx_word' id='word_1_70' title='bbox 1295 1200 1406 1255; x_wconf 80' lang='grc' dir='ltr'>τῶν</span> <span class='ocrx_word' id='word_1_71' title='bbox 1431 1203 1631 1257; x_wconf 85' lang='grc' dir='ltr'>ἀποτε-</span> 
     </span>
    </p>
   </div>
   <div class='ocr_carea' id='block_1_13' title="bbox 41 1286 872 1361">
    <p class='ocr_par' dir='ltr' id='par_1_13' title="bbox 41 1286 872 1361">
     <span class='ocr_line' id='line_1_13' title="bbox 41 1286 872 1361; baseline 0.007 -22"><span class='ocrx_word' id='word_1_72' title='bbox 41 1287 255 1342; x_wconf 82' lang='grc' dir='ltr'><strong>θέντων</strong></span> <span class='ocrx_word' id='word_1_73' title='bbox 284 1286 458 1352; x_wconf 79' lang='grc' dir='ltr'>τιθεὶς</span> <span class='ocrx_word' id='word_1_74' title='bbox 482 1287 583 1360; x_wconf 76' lang='grc' dir='ltr'><strong>τὴν</strong></span> <span class='ocrx_word' id='word_1_75' title='bbox 622 1290 872 1361; x_wconf 76' lang='grc' dir='ltr'><em>εἰρήνην.</em></span> 
     </span>
    </p>
   </div>
   <div class='ocr_carea' id='block_1_14' title="bbox 1746 564 2519 636">
    <p class='ocr_par' dir='ltr' id='par_1_14' title="bbox 1746 564 2519 636">
     <span class='ocr_line' id='line_1_14' title="bbox 1746 564 2519 636; baseline 0.004 -18"><span class='ocrx_word' id='word_1_76' title='bbox 1746 574 1802 619; x_wconf 87' lang='lat' dir='ltr'><strong>ut</strong></span> <span class='ocrx_word' id='word_1_77' title='bbox 1830 581 1920 619; x_wconf 81' lang='lat' dir='ltr'><strong>vos</strong></span> <span class='ocrx_word' id='word_1_78' title='bbox 1956 564 2148 618; x_wconf 76' lang='lat' dir='ltr'><strong>exultet</strong></span> <span class='ocrx_word' id='word_1_79' title='bbox 2184 566 2238 618; x_wconf 90' lang='lat' dir='ltr'><strong>in</strong></span> <span class='ocrx_word' id='word_1_80' title='bbox 2267 576 2519 636; x_wconf 84' lang='lat' dir='ltr'><strong>tempore.</strong></span> 
     </span>
    </p>
   </div>
   <div class='ocr_carea' id='block_1_15' title="bbox 1815 654 3326 730">
    <p class='ocr_par' dir='ltr' id='par_1_15' title="bbox 1815 654 3326 730">
     <span class='ocr_line' id='line_1_15' title="bbox 1815 654 3326 730; baseline 0.011 -21"><span class='ocrx_word' id='word_1_81' title='bbox 1815 654 1936 710; x_wconf 82' lang='lat' dir='ltr'><strong>Non</strong></span> <span class='ocrx_word' id='word_1_82' title='bbox 1985 656 2309 725; x_wconf 76' lang='lat' dir='ltr'><strong>simpliciter</strong></span> <span class='ocrx_word' id='word_1_83' title='bbox 2350 659 2526 715; x_wconf 89' lang='lat' dir='ltr'><strong>dicit:</strong></span> <span class='ocrx_word' id='word_1_84' title='bbox 2555 664 2836 730; x_wconf 66' lang='lat' dir='ltr'><strong>exaltabit,</strong></span> <span class='ocrx_word' id='word_1_85' title='bbox 2884 668 2979 723; x_wconf 88' lang='lat' dir='ltr'><strong>sed</strong></span> <span class='ocrx_word' id='word_1_86' title='bbox 3009 668 3189 724; x_wconf 87' lang='lat' dir='ltr'><strong>subdit</strong></span> <span class='ocrx_word' id='word_1_87' title='bbox 3223 688 3236 725; x_wconf 90' lang='lat'><strong>:</strong></span> <span class='ocrx_word' id='word_1_88' title='bbox 3271 672 3326 725; x_wconf 87' lang='lat' dir='ltr'><strong>in</strong></span> 
     </span>
    </p>
   </div>
   <div class='ocr_carea' id='block_1_16' title="bbox 1741 748 3322 823">
    <p class='ocr_par' dir='ltr' id='par_1_16' title="bbox 1741 748 3322 823">
     <span class='ocr_line' id='line_1_16' title="bbox 1741 748 3322 823; baseline 0.009 -20"><span class='ocrx_word' id='word_1_89' title='bbox 1741 758 1991 815; x_wconf 86' lang='lat' dir='ltr'><strong>tempore,</strong></span> <span class='ocrx_word' id='word_1_90' title='bbox 2016 748 2277 803; x_wconf 86' lang='lat' dir='ltr'><strong>docentes</strong></span> <span class='ocrx_word' id='word_1_91' title='bbox 2299 765 2400 806; x_wconf 91' lang='lat' dir='ltr'><strong>nos</strong></span> <span class='ocrx_word' id='word_1_92' title='bbox 2425 752 2570 806; x_wconf 82' lang='lat' dir='ltr'><strong>illam</strong></span> <span class='ocrx_word' id='word_1_93' title='bbox 2590 769 2910 823; x_wconf 75' lang='lat' dir='ltr'><strong>exspectare</strong></span> <span class='ocrx_word' id='word_1_94' title='bbox 2937 764 3322 819; x_wconf 78' lang='lat' dir='ltr'><strong>exultationem</strong></span> 
     </span>
    </p>
   </div>
   <div class='ocr_carea' id='block_1_17' title="bbox 1739 839 2471 896">
    <p class='ocr_par' dir='ltr' id='par_1_17' title="bbox 1739 839 2471 896">
     <span class='ocr_line' id='line_1_17' title="bbox 1739 839 2471 896; baseline 0.008 -6"><span class='ocrx_word' id='word_1_95' title='bbox 1739 852 1926 893; x_wconf 78' lang='lat' dir='ltr'><strong>veram</strong></span> <span class='ocrx_word' id='word_1_96' title='bbox 1961 840 2012 892; x_wconf 91' lang='lat' dir='ltr'><strong>in</strong></span> <span class='ocrx_word' id='word_1_97' title='bbox 2043 839 2241 895; x_wconf 68' lang='lat' dir='ltr'><strong>saeculo</strong></span> <span class='ocrx_word' id='word_1_98' title='bbox 2270 842 2471 896; x_wconf 80' lang='lat' dir='ltr'><strong>futuro.</strong></span> 
     </span>
    </p>
   </div>
   <div class='ocr_carea' id='block_1_18' title="bbox 1812 926 3298 1008">
    <p class='ocr_par' dir='ltr' id='par_1_18' title="bbox 1812 926 3298 1008">
     <span class='ocr_line' id='line_1_18' title="bbox 1812 926 3298 1008; baseline 0.013 -26"><span class='ocrx_word' id='word_1_99' title='bbox 1812 926 1974 983; x_wconf 73' lang='lat' dir='ltr'><strong>Vens.</strong></span> <span class='ocrx_word' id='word_1_100' title='bbox 2007 930 2097 986; x_wconf 74' lang='lat' dir='ltr'><strong>H.</strong></span> <span class='ocrx_word' id='word_1_101' title='bbox 2131 931 2251 988; x_wconf 70' lang='lat' dir='ltr'><strong>Pax</strong></span> <span class='ocrx_word' id='word_1_102' title='bbox 2277 937 2519 990; x_wconf 86' lang='lat' dir='ltr'><strong>omnibus</strong></span> <span class='ocrx_word' id='word_1_103' title='bbox 2544 936 2686 992; x_wconf 84' lang='lat' dir='ltr'><strong>vobis</strong></span> <span class='ocrx_word' id='word_1_104' title='bbox 2717 941 2809 1008; x_wconf 85' lang='lat' dir='ltr'><strong>qui</strong></span> <span class='ocrx_word' id='word_1_105' title='bbox 2835 942 2891 996; x_wconf 89' lang='lat' dir='ltr'><strong>in</strong></span> <span class='ocrx_word' id='word_1_106' title='bbox 2916 939 3140 997; x_wconf 78' lang='lat' dir='ltr'><strong>Christo</strong></span> <span class='ocrx_word' id='word_1_107' title='bbox 3174 949 3298 1001; x_wconf 74' lang='lat' dir='ltr'><strong>estis</strong></span> 
     </span>
    </p>
   </div>
   <div class='ocr_carea' id='block_1_19' title="bbox 1739 1025 1927 1079">
    <p class='ocr_par' dir='ltr' id='par_1_19' title="bbox 1739 1025 1927 1079">
     <span class='ocr_line' id='line_1_19' title="bbox 1739 1025 1927 1079; baseline 0.011 -2"><span class='ocrx_word' id='word_1_108' title='bbox 1739 1025 1927 1079; x_wconf 79' lang='lat' dir='ltr'><strong>Amen.</strong></span> 
     </span>
    </p>
   </div>
   <div class='ocr_carea' id='block_1_20' title="bbox 1815 1112 3322 1196">
    <p class='ocr_par' dir='ltr' id='par_1_20' title="bbox 1815 1112 3322 1196">
     <span class='ocr_line' id='line_1_20' title="bbox 1815 1112 3322 1196; baseline 0.013 -28"><span class='ocrx_word' id='word_1_109' title='bbox 1815 1112 2005 1169; x_wconf 85' lang='lat' dir='ltr'><strong>Videte</strong></span> <span class='ocrx_word' id='word_1_110' title='bbox 2035 1118 2308 1185; x_wconf 86' lang='lat' dir='ltr'><strong>quomodo</strong></span> <span class='ocrx_word' id='word_1_111' title='bbox 2337 1136 2461 1175; x_wconf 91' lang='lat' dir='ltr'><strong>cum</strong></span> <span class='ocrx_word' id='word_1_112' title='bbox 2492 1119 2743 1178; x_wconf 79' lang='lat' dir='ltr'><strong>facienda</strong></span> <span class='ocrx_word' id='word_1_113' title='bbox 2782 1132 3075 1196; x_wconf 74' lang='lat' dir='ltr'><strong>suggessit,</strong></span> <span class='ocrx_word' id='word_1_114' title='bbox 3108 1131 3195 1187; x_wconf 85' lang='lat' dir='ltr'><strong>illa</strong></span> <span class='ocrx_word' id='word_1_115' title='bbox 3222 1135 3322 1187; x_wconf 93' lang='lat' dir='ltr'><strong>ob-</strong></span> 
     </span>
    </p>
   </div>
   <div class='ocr_carea' id='block_1_21' title="bbox 1738 1204 3317 1289">
    <p class='ocr_par' dir='ltr' id='par_1_21' title="bbox 1738 1204 3317 1289">
     <span class='ocr_line' id='line_1_21' title="bbox 1738 1204 3317 1289; baseline 0.012 -30"><span class='ocrx_word' id='word_1_116' title='bbox 1738 1204 1918 1277; x_wconf 80' lang='lat' dir='ltr'><strong>signat</strong></span> <span class='ocrx_word' id='word_1_117' title='bbox 1957 1208 2244 1278; x_wconf 89' lang='lat' dir='ltr'><strong>oratione,</strong></span> <span class='ocrx_word' id='word_1_118' title='bbox 2274 1225 2465 1281; x_wconf 86' lang='lat' dir='ltr'><strong>pacem</strong></span> <span class='ocrx_word' id='word_1_119' title='bbox 2522 1207 2809 1285; x_wconf 83' lang='lat' dir='ltr'><strong>imponens</strong></span> <span class='ocrx_word' id='word_1_120' title='bbox 2846 1218 3080 1289; x_wconf 76' lang='lat' dir='ltr'><strong>sigillum</strong></span> <span class='ocrx_word' id='word_1_121' title='bbox 3131 1236 3317 1278; x_wconf 83' lang='lat' dir='ltr'><strong>eorum</strong></span> 
     </span>
    </p>
   </div>
   <div class='ocr_carea' id='block_1_22' title="bbox 1737 1301 2166 1371">
    <p class='ocr_par' dir='ltr' id='par_1_22' title="bbox 1737 1301 2166 1371">
     <span class='ocr_line' id='line_1_22' title="bbox 1737 1301 2166 1371; baseline 0.009 -18"><span class='ocrx_word' id='word_1_122' title='bbox 1737 1312 1860 1369; x_wconf 73' lang='lat' dir='ltr'><strong>qua:</strong></span> <span class='ocrx_word' id='word_1_123' title='bbox 1892 1301 2166 1371; x_wconf 82' lang='lat' dir='ltr'><strong>exposuit.</strong></span> 
     </span>
    </p>
   </div>
   <div class='ocr_carea' id='block_1_23' title="bbox 1387 1493 3307 1533">
    <p class='ocr_par' dir='ltr' id='par_1_23' title="bbox 1387 1493 3307 1533">
     <span class='ocr_line' id='line_1_23' title="bbox 1387 1493 3307 1533; baseline 0.007 -25"><span class='ocrx_word' id='word_1_124' title='bbox 1387 1493 3307 1533; x_wconf 77' lang='lat'><strong>._____.____._________________</strong></span> 
     </span>
    </p>
   </div>
   <div class='ocr_carea' id='block_1_24' title="bbox 555 1651 2818 1765">
    <p class='ocr_par' dir='ltr' id='par_1_24' title="bbox 555 1651 2818 1765">
     <span class='ocr_line' id='line_1_24' title="bbox 555 1651 2818 1765; baseline 0.01 -22"><span class='ocrx_word' id='word_1_125' title='bbox 555 1652 688 1743; x_wconf 91' lang='lat' dir='ltr'><strong>IN</strong></span> <span class='ocrx_word' id='word_1_126' title='bbox 765 1651 1396 1744; x_wconf 85' lang='lat' dir='ltr'><strong>SECUNDAM</strong></span> <span class='ocrx_word' id='word_1_127' title='bbox 1471 1660 1566 1748; x_wconf 91' lang='lat' dir='ltr'><strong>S.</strong></span> <span class='ocrx_word' id='word_1_128' title='bbox 1649 1662 2006 1755; x_wconf 83' lang='lat' dir='ltr'><strong>PETRI</strong></span> <span class='ocrx_word' id='word_1_129' title='bbox 2090 1665 2818 1765; x_wconf 83' lang='lat' dir='ltr'><strong>EPISTOLAM.</strong></span> 
     </span>
    </p>
   </div>
   <div class='ocr_carea' id='block_1_25' title="bbox 468 1844 1216 1901">
    <p class='ocr_par' dir='ltr' id='par_1_25' title="bbox 468 1844 1216 1901">
     <span class='ocr_line' id='line_1_25' title="bbox 468 1844 1216 1901; baseline 0.007 -5"><span class='ocrx_word' id='word_1_130' title='bbox 468 1844 870 1899; x_wconf 78' lang='grc' dir='ltr'><strong>ΚΕΦΔΛΑΙΟΝ</strong></span> <span class='ocrx_word' id='word_1_131' title='bbox 911 1846 1094 1900; x_wconf 84' lang='grc' dir='ltr'><strong>ΠΡΩΤ</strong></span> <span class='ocrx_word' id='word_1_132' title='bbox 1098 1847 1187 1899; x_wconf 86' lang='grc' dir='ltr'><strong>ΟΝ</strong></span> <span class='ocrx_word' id='word_1_133' title='bbox 1200 1885 1216 1901; x_wconf 92' lang='grc'><strong>.</strong></span> 
     </span>
    </p>
   </div>
   <div class='ocr_carea' id='block_1_26' title="bbox 110 1959 1636 2039">
    <p class='ocr_par' dir='ltr' id='par_1_26' title="bbox 110 1959 1636 2039">
     <span class='ocr_line' id='line_1_26' title="bbox 110 1959 1636 2039; baseline 0.002 -21"><span class='ocrx_word' id='word_1_134' title='bbox 110 1960 301 2031; x_wconf 80' lang='grc' dir='ltr'><em>Χάρις</em></span> <span class='ocrx_word' id='word_1_135' title='bbox 326 1961 474 2030; x_wconf 82' lang='grc' dir='ltr'><strong>ὑμῖν</strong></span> <span class='ocrx_word' id='word_1_136' title='bbox 503 1961 601 2014; x_wconf 84' lang='grc' dir='ltr'>καί</span> <span class='ocrx_word' id='word_1_137' title='bbox 632 1959 844 2028; x_wconf 78' lang='grc' dir='ltr'><strong>εἰρήνη</strong></span> <span class='ocrx_word' id='word_1_138' title='bbox 880 1964 1256 2033; x_wconf 80' lang='grc' dir='ltr'><strong>πληθυνθείη</strong></span> <span class='ocrx_word' id='word_1_139' title='bbox 1286 1965 1357 2019; x_wconf 84' lang='grc' dir='ltr'><em>ἐν</em></span> <span class='ocrx_word' id='word_1_140' title='bbox 1384 1965 1636 2039; x_wconf 79' lang='grc' dir='ltr'>ἐπιγνώ-</span> 
     </span>
    </p>
   </div>
   <div class='ocr_carea' id='block_1_27' title="bbox 38 2054 1636 2130">
    <p class='ocr_par' dir='ltr' id='par_1_27' title="bbox 38 2054 1636 2130">
     <span class='ocr_line' id='line_1_27' title="bbox 38 2054 1636 2130; baseline 0.004 -20"><span class='ocrx_word' id='word_1_141' title='bbox 38 2073 139 2110; x_wconf 84' lang='grc' dir='ltr'><em>σει</em></span> <span class='ocrx_word' id='word_1_142' title='bbox 186 2055 296 2110; x_wconf 78' lang='grc' dir='ltr'><strong>τοῦ</strong></span> <span class='ocrx_word' id='word_1_143' title='bbox 336 2054 509 2121; x_wconf 84' lang='grc' dir='ltr'><strong><em>Θεοῦ,</em></strong></span> <span class='ocrx_word' id='word_1_144' title='bbox 552 2055 651 2108; x_wconf 76' lang='grc' dir='ltr'><strong>καὶ</strong></span> <span class='ocrx_word' id='word_1_145' title='bbox 712 2056 907 2124; x_wconf 84' lang='grc' dir='ltr'><em>Ἰησοῦ</em></span> <span class='ocrx_word' id='word_1_146' title='bbox 957 2057 1217 2127; x_wconf 81' lang='grc' dir='ltr'><strong>Χριστοῦ</strong></span> <span class='ocrx_word' id='word_1_147' title='bbox 1264 2059 1371 2113; x_wconf 88' lang='grc' dir='ltr'><strong>τοῦ</strong></span> <span class='ocrx_word' id='word_1_148' title='bbox 1411 2063 1636 2130; x_wconf 81' lang='grc' dir='ltr'><strong>Κυρίου</strong></span> 
     </span>
    </p>
   </div>
   <div class='ocr_carea' id='block_1_28' title="bbox 36 2143 239 2214">
    <p class='ocr_par' dir='ltr' id='par_1_28' title="bbox 36 2143 239 2214">
     <span class='ocr_line' id='line_1_28' title="bbox 36 2143 239 2214; baseline 0.005 -17"><span class='ocrx_word' id='word_1_149' title='bbox 36 2145 78 2212; x_wconf 76' lang='grc' dir='ltr'><strong><em>ἠ</em></strong></span> <span class='ocrx_word' id='word_1_150' title='bbox 79 2143 239 2214; x_wconf 81' lang='grc' dir='ltr'><em>μῶν.</em></span> 
     </span>
    </p>
   </div>
   <div class='ocr_carea' id='block_1_29' title="bbox 114 2235 1635 2314">
    <p class='ocr_par' dir='ltr' id='par_1_29' title="bbox 114 2235 1635 2314">
     <span class='ocr_line' id='line_1_29' title="bbox 114 2235 1635 2314; baseline 0.007 -24"><span class='ocrx_word' id='word_1_151' title='bbox 114 2238 284 2292; x_wconf 76' lang='grc' dir='ltr'><strong>οὐδὲν</strong></span> <span class='ocrx_word' id='word_1_152' title='bbox 309 2237 419 2309; x_wconf 77' lang='grc' dir='ltr'>γὰρ</span> <span class='ocrx_word' id='word_1_153' title='bbox 456 2235 662 2307; x_wconf 78' lang='grc' dir='ltr'><strong>ταύτης</strong></span> <span class='ocrx_word' id='word_1_154' title='bbox 698 2236 814 2289; x_wconf 76' lang='grc' dir='ltr'><em>ἴσον</em></span> <span class='ocrx_word' id='word_1_155' title='bbox 838 2254 854 2269; x_wconf 90' lang='grc'><strong>·</strong></span> <span class='ocrx_word' id='word_1_156' title='bbox 895 2237 983 2292; x_wconf 81' lang='grc' dir='ltr'>διὰ</span> <span class='ocrx_word' id='word_1_157' title='bbox 1017 2240 1177 2296; x_wconf 87' lang='grc' dir='ltr'>τοῦτο</span> <span class='ocrx_word' id='word_1_158' title='bbox 1216 2241 1490 2314; x_wconf 78' lang='grc' dir='ltr'><strong>εὐχόμεθα</strong></span> <span class='ocrx_word' id='word_1_159' title='bbox 1539 2247 1635 2300; x_wconf 80' lang='grc' dir='ltr'><strong>καὶ</strong></span> 
     </span>
    </p>
   </div>
   <div class='ocr_carea' id='block_1_30' title="bbox 38 2327 1635 2406">
    <p class='ocr_par' dir='ltr' id='par_1_30' title="bbox 38 2327 1635 2406">
     <span class='ocr_line' id='line_1_30' title="bbox 38 2327 1635 2406; baseline 0.008 -31"><span class='ocrx_word' id='word_1_160' title='bbox 38 2330 278 2400; x_wconf 77' lang='grc' dir='ltr'>λέγομεν</span> <span class='ocrx_word' id='word_1_161' title='bbox 322 2327 606 2393; x_wconf 76' lang='grc' dir='ltr'><strong>αἰτοῦντες</strong></span> <span class='ocrx_word' id='word_1_162' title='bbox 662 2329 755 2382; x_wconf 80' lang='grc' dir='ltr'>τὸν</span> <span class='ocrx_word' id='word_1_163' title='bbox 805 2329 1039 2398; x_wconf 77' lang='grc' dir='ltr'>ἄγγελον</span> <span class='ocrx_word' id='word_1_164' title='bbox 1084 2332 1184 2402; x_wconf 83' lang='grc' dir='ltr'><strong>τῆς</strong></span> <span class='ocrx_word' id='word_1_165' title='bbox 1229 2335 1499 2406; x_wconf 76' lang='grc' dir='ltr'><strong>εἰρήνης·</strong></span> <span class='ocrx_word' id='word_1_166' title='bbox 1540 2338 1635 2390; x_wconf 76' lang='grc' dir='ltr'><strong>καὶ</strong></span> 
     </span>
    </p>
   </div>
   <div class='ocr_carea' id='block_1_31' title="bbox 39 2418 1634 2501">
    <p class='ocr_par' dir='ltr' id='par_1_31' title="bbox 39 2418 1634 2501">
     <span class='ocr_line' id='line_1_31' title="bbox 39 2418 1634 2501; baseline 0.003 -24"><span class='ocrx_word' id='word_1_167' title='bbox 39 2419 326 2493; x_wconf 81' lang='grc' dir='ltr'><strong>πανταχοῦ</strong></span> <span class='ocrx_word' id='word_1_168' title='bbox 360 2423 588 2494; x_wconf 80' lang='grc' dir='ltr'><strong>εἰρήνην</strong></span> <span class='ocrx_word' id='word_1_169' title='bbox 610 2418 870 2493; x_wconf 75' lang='grc' dir='ltr'><strong>αἰτοῦμεν</strong></span> <span class='ocrx_word' id='word_1_170' title='bbox 894 2423 952 2476; x_wconf 83' lang='grc' dir='ltr'><strong>ὲν</strong></span> <span class='ocrx_word' id='word_1_171' title='bbox 969 2427 1089 2487; x_wconf 85' lang='grc' dir='ltr'>ταῖς</span> <span class='ocrx_word' id='word_1_172' title='bbox 1106 2426 1450 2495; x_wconf 73' lang='grc' dir='ltr'><strong>ἐκκλησίαις,</strong></span> <span class='ocrx_word' id='word_1_173' title='bbox 1482 2430 1634 2501; x_wconf 80' lang='grc' dir='ltr'><em>εἰρή-</em></span> 
     </span>
    </p>
   </div>
   <div class='ocr_carea' id='block_1_32' title="bbox 36 2515 1631 2593">
    <p class='ocr_par' dir='ltr' id='par_1_32' title="bbox 36 2515 1631 2593">
     <span class='ocr_line' id='line_1_32' title="bbox 36 2515 1631 2593; baseline 0.005 -26"><span class='ocrx_word' id='word_1_174' title='bbox 36 2532 139 2586; x_wconf 87' lang='grc' dir='ltr'><em>νην</em></span> <span class='ocrx_word' id='word_1_175' title='bbox 173 2517 234 2567; x_wconf 85' lang='grc' dir='ltr'><strong>ὲν</strong></span> <span class='ocrx_word' id='word_1_176' title='bbox 274 2516 396 2578; x_wconf 82' lang='grc' dir='ltr'>ταῖς</span> <span class='ocrx_word' id='word_1_177' title='bbox 424 2515 632 2584; x_wconf 79' lang='grc' dir='ltr'>εὐχαῖς,</span> <span class='ocrx_word' id='word_1_178' title='bbox 665 2516 724 2567; x_wconf 84' lang='grc' dir='ltr'><strong>ὲν</strong></span> <span class='ocrx_word' id='word_1_179' title='bbox 757 2519 879 2579; x_wconf 83' lang='grc' dir='ltr'>ταῖς</span> <span class='ocrx_word' id='word_1_180' title='bbox 905 2515 1101 2581; x_wconf 79' lang='grc' dir='ltr'><strong>λιταῖς,</strong></span> <span class='ocrx_word' id='word_1_181' title='bbox 1148 2521 1207 2571; x_wconf 79' lang='grc' dir='ltr'><strong>ὲν</strong></span> <span class='ocrx_word' id='word_1_182' title='bbox 1236 2524 1357 2582; x_wconf 80' lang='grc' dir='ltr'>ταῖς</span> <span class='ocrx_word' id='word_1_183' title='bbox 1388 2524 1631 2593; x_wconf 85' lang='grc' dir='ltr'><em>προσρή-</em></span> 
     </span>
    </p>
   </div>
   <div class='ocr_carea' id='block_1_33' title="bbox 38 2603 1627 2675">
    <p class='ocr_par' dir='ltr' id='par_1_33' title="bbox 38 2603 1627 2675">
     <span class='ocr_line' id='line_1_33' title="bbox 38 2603 1627 2675; baseline 0.003 -17"><span class='ocrx_word' id='word_1_184' title='bbox 38 2621 183 2659; x_wconf 87' lang='grc' dir='ltr'><em>σεσι.</em></span> <span class='ocrx_word' id='word_1_185' title='bbox 214 2604 323 2657; x_wconf 76' lang='lat' dir='ltr'><strong>Kai.</strong></span> <span class='ocrx_word' id='word_1_186' title='bbox 356 2603 696 2669; x_wconf 78' lang='grc' dir='ltr'>ἁπαξαπλῶς</span> <span class='ocrx_word' id='word_1_187' title='bbox 733 2605 826 2657; x_wconf 73' lang='grc' dir='ltr'><strong>καὶ</strong></span> <span class='ocrx_word' id='word_1_188' title='bbox 849 2604 932 2666; x_wconf 76' lang='grc' dir='ltr'><strong>δὶς</strong></span> <span class='ocrx_word' id='word_1_189' title='bbox 961 2609 1055 2657; x_wconf 71' lang='grc' dir='ltr'><strong>καὶ</strong></span> <span class='ocrx_word' id='word_1_190' title='bbox 1084 2606 1206 2675; x_wconf 74' lang='grc' dir='ltr'>τρὶς</span> <span class='ocrx_word' id='word_1_191' title='bbox 1238 2608 1333 2659; x_wconf 82' lang='grc' dir='ltr'><strong>καὶ</strong></span> <span class='ocrx_word' id='word_1_192' title='bbox 1362 2608 1627 2673; x_wconf 79' lang='grc' dir='ltr'><strong>πολλάκις</strong></span> 
     </span>
    </p>
   </div>
   <div class='ocr_carea' id='block_1_34' title="bbox 35 2696 1629 2771">
    <p class='ocr_par' dir='ltr' id='par_1_34' title="bbox 35 2696 1629 2771">
     <span class='ocr_line' id='line_1_34' title="bbox 35 2696 1629 2771; baseline 0.004 -20"><span class='ocrx_word' id='word_1_193' title='bbox 35 2696 212 2769; x_wconf 76' lang='grc' dir='ltr'>αὐτὴν</span> <span class='ocrx_word' id='word_1_194' title='bbox 240 2696 456 2749; x_wconf 80' lang='grc' dir='ltr'><strong>δίδωσιν</strong></span> <span class='ocrx_word' id='word_1_195' title='bbox 504 2699 533 2750; x_wconf 88' lang='grc' dir='ltr'>ὀ</span> <span class='ocrx_word' id='word_1_196' title='bbox 561 2696 651 2766; x_wconf 75' lang='grc' dir='ltr'><strong>τῆς</strong></span> <span class='ocrx_word' id='word_1_197' title='bbox 710 2696 1037 2767; x_wconf 78' lang='grc' dir='ltr'><strong>Ἐκκλησίας</strong></span> <span class='ocrx_word' id='word_1_198' title='bbox 1073 2701 1375 2769; x_wconf 69' lang='grc' dir='ltr'><em>προεστὼς,</em></span> <span class='ocrx_word' id='word_1_199' title='bbox 1404 2703 1629 2771; x_wconf 80' lang='grc' dir='ltr'><em>Εἰρήνη</em></span> 
     </span>
    </p>
   </div>
   <div class='ocr_carea' id='block_1_35' title="bbox 34 2788 1628 2861">
    <p class='ocr_par' dir='ltr' id='par_1_35' title="bbox 34 2788 1628 2861">
     <span class='ocr_line' id='line_1_35' title="bbox 34 2788 1628 2861; baseline 0.001 -15"><span class='ocrx_word' id='word_1_200' title='bbox 34 2789 203 2859; x_wconf 80' lang='grc' dir='ltr'><em>ὑμῖν.</em></span> <span class='ocrx_word' id='word_1_201' title='bbox 248 2789 438 2857; x_wconf 85' lang='grc' dir='ltr'>Διατί;</span> <span class='ocrx_word' id='word_1_202' title='bbox 468 2788 592 2843; x_wconf 72' lang='grc' dir='ltr'><strong>Ὀτι</strong></span> <span class='ocrx_word' id='word_1_203' title='bbox 650 2788 789 2861; x_wconf 84' lang='grc' dir='ltr'>αῦτη</span> <span class='ocrx_word' id='word_1_204' title='bbox 853 2792 1040 2861; x_wconf 84' lang='grc' dir='ltr'><strong>μήτηρ</strong></span> <span class='ocrx_word' id='word_1_205' title='bbox 1084 2794 1303 2846; x_wconf 84' lang='grc' dir='ltr'>πάντων</span> <span class='ocrx_word' id='word_1_206' title='bbox 1355 2796 1473 2846; x_wconf 70' lang='grc' dir='ltr'><strong>ἐστὶ</strong></span> <span class='ocrx_word' id='word_1_207' title='bbox 1520 2796 1628 2847; x_wconf 80' lang='grc' dir='ltr'><strong>τῶν</strong></span> 
     </span>
    </p>
   </div>
   <div class='ocr_carea' id='block_1_36' title="bbox 36 2881 1628 2953">
    <p class='ocr_par' dir='ltr' id='par_1_36' title="bbox 36 2881 1628 2953">
     <span class='ocr_line' id='line_1_36' title="bbox 36 2881 1628 2953; baseline 0.004 -19"><span class='ocrx_word' id='word_1_208' title='bbox 36 2881 262 2950; x_wconf 83' lang='grc' dir='ltr'>ἀγαθῶν</span> <span class='ocrx_word' id='word_1_209' title='bbox 288 2897 303 2912; x_wconf 90' lang='grc'><strong>·</strong></span> <span class='ocrx_word' id='word_1_210' title='bbox 357 2882 499 2953; x_wconf 86' lang='grc' dir='ltr'>αῦτη</span> <span class='ocrx_word' id='word_1_211' title='bbox 553 2881 653 2950; x_wconf 83' lang='grc' dir='ltr'><strong>τῆς</strong></span> <span class='ocrx_word' id='word_1_212' title='bbox 678 2884 853 2953; x_wconf 80' lang='grc' dir='ltr'><strong>χαρᾶς</strong></span> <span class='ocrx_word' id='word_1_213' title='bbox 896 2884 930 2953; x_wconf 84' lang='grc' dir='ltr'>ἡ</span> <span class='ocrx_word' id='word_1_214' title='bbox 970 2883 1294 2946; x_wconf 78' lang='grc' dir='ltr'><em>ὑπόστασις.</em></span> <span class='ocrx_word' id='word_1_215' title='bbox 1335 2888 1435 2939; x_wconf 80' lang='grc' dir='ltr'><strong>Διὰ</strong></span> <span class='ocrx_word' id='word_1_216' title='bbox 1470 2887 1628 2941; x_wconf 81' lang='grc' dir='ltr'>τοῦτο</span> 
     </span>
    </p>
   </div>
   <div class='ocr_carea' id='block_1_37' title="bbox 35 2974 1621 3045">
    <p class='ocr_par' dir='ltr' id='par_1_37' title="bbox 35 2974 1621 3045">
     <span class='ocr_line' id='line_1_37' title="bbox 35 2974 1621 3045; baseline 0.004 -19"><span class='ocrx_word' id='word_1_217' title='bbox 35 2974 130 3026; x_wconf 74' lang='grc' dir='ltr'><strong>καὶ</strong></span> <span class='ocrx_word' id='word_1_218' title='bbox 166 2974 197 3027; x_wconf 71' lang='grc' dir='ltr'><strong>ὁ</strong></span> <span class='ocrx_word' id='word_1_219' title='bbox 217 2974 455 3045; x_wconf 75' lang='grc' dir='ltr'><strong>Χριστὸς</strong></span> <span class='ocrx_word' id='word_1_220' title='bbox 491 2974 754 3028; x_wconf 76' lang='grc' dir='ltr'><strong>εἰσιοῦσιν</strong></span> <span class='ocrx_word' id='word_1_221' title='bbox 780 2976 860 3032; x_wconf 73' lang='grc' dir='ltr'>εἰς</span> <span class='ocrx_word' id='word_1_222' title='bbox 892 2975 989 3037; x_wconf 74' lang='grc' dir='ltr'>τὰς</span> <span class='ocrx_word' id='word_1_223' title='bbox 1012 2974 1196 3040; x_wconf 80' lang='grc' dir='ltr'>οἰκίας</span> <span class='ocrx_word' id='word_1_224' title='bbox 1227 2980 1340 3039; x_wconf 73' lang='grc' dir='ltr'>τοῖς</span> <span class='ocrx_word' id='word_1_225' title='bbox 1383 2980 1621 3032; x_wconf 81' lang='grc' dir='ltr'><strong>ἀποστό-</strong></span> 
     </span>
    </p>
   </div>
   <div class='ocr_carea' id='block_1_38' title="bbox 35 3064 1624 3145">
    <p class='ocr_par' dir='ltr' id='par_1_38' title="bbox 35 3064 1624 3145">
     <span class='ocr_line' id='line_1_38' title="bbox 35 3064 1624 3145; baseline 0.004 -25"><span class='ocrx_word' id='word_1_226' title='bbox 35 3066 153 3132; x_wconf 85' lang='grc' dir='ltr'>λοις</span> <span class='ocrx_word' id='word_1_227' title='bbox 202 3068 363 3121; x_wconf 85' lang='grc' dir='ltr'>τοῦτο</span> <span class='ocrx_word' id='word_1_228' title='bbox 404 3068 585 3136; x_wconf 80' lang='grc' dir='ltr'>λέγειν</span> <span class='ocrx_word' id='word_1_229' title='bbox 628 3069 966 3140; x_wconf 75' lang='grc' dir='ltr'><strong>προσέταξεν</strong></span> <span class='ocrx_word' id='word_1_230' title='bbox 1015 3073 1243 3135; x_wconf 80' lang='grc' dir='ltr'><strong>εὐθέως.</strong></span> <span class='ocrx_word' id='word_1_231' title='bbox 1281 3073 1535 3145; x_wconf 73' lang='grc' dir='ltr'>καθάπερ</span> <span class='ocrx_word' id='word_1_232' title='bbox 1577 3064 1624 3105; x_wconf 74' lang='grc'><strong>⁸³</strong></span> 
     </span>
    </p>
   </div>
   <div class='ocr_carea' id='block_1_39' title="bbox 37 3160 1618 3238">
    <p class='ocr_par' dir='ltr' id='par_1_39' title="bbox 37 3160 1618 3238">
     <span class='ocr_line' id='line_1_39' title="bbox 37 3160 1618 3238; baseline 0.003 -26"><span class='ocrx_word' id='word_1_233' title='bbox 37 3160 309 3231; x_wconf 77' lang='grc' dir='ltr'><strong>σύμϐολον</strong></span> <span class='ocrx_word' id='word_1_234' title='bbox 340 3161 450 3214; x_wconf 89' lang='grc' dir='ltr'><strong>τῶν</strong></span> <span class='ocrx_word' id='word_1_235' title='bbox 482 3162 708 3230; x_wconf 80' lang='grc' dir='ltr'><strong>ἀγαθῶν</strong></span> <span class='ocrx_word' id='word_1_236' title='bbox 733 3180 747 3193; x_wconf 88' lang='grc'><strong>·</strong></span> <span class='ocrx_word' id='word_1_237' title='bbox 783 3167 1218 3233; x_wconf 83' lang='grc' dir='ltr'><em>Εἰσερχόμενοι</em></span> <span class='ocrx_word' id='word_1_238' title='bbox 1264 3168 1393 3238; x_wconf 78' lang='grc' dir='ltr'><em>γὰρ.</em></span> <span class='ocrx_word' id='word_1_239' title='bbox 1425 3168 1618 3237; x_wconf 71' lang='grc' dir='ltr'>φησὶν,</span> 
     </span>
    </p>
   </div>
   <div class='ocr_carea' id='block_1_40' title="bbox 31 3253 1620 3332">
    <p class='ocr_par' dir='ltr' id='par_1_40' title="bbox 31 3253 1620 3332">
     <span class='ocr_line' id='line_1_40' title="bbox 31 3253 1620 3332; baseline 0.004 -25"><span class='ocrx_word' id='word_1_240' title='bbox 31 3256 122 3321; x_wconf 83' lang='grc' dir='ltr'><strong>εις</strong></span> <span class='ocrx_word' id='word_1_241' title='bbox 160 3253 268 3321; x_wconf 86' lang='grc' dir='ltr'><strong>τὰς</strong></span> <span class='ocrx_word' id='word_1_242' title='bbox 326 3254 518 3322; x_wconf 75' lang='grc' dir='ltr'><em>οἰκίας</em></span> <span class='ocrx_word' id='word_1_243' title='bbox 546 3255 760 3326; x_wconf 72' lang='grc' dir='ltr'><em>λέγετε</em></span> <span class='ocrx_word' id='word_1_244' title='bbox 793 3258 858 3289; x_wconf 60' lang='grc' dir='ltr'><strong>⁶ιο</strong></span> <span class='ocrx_word' id='word_1_245' title='bbox 896 3258 1120 3327; x_wconf 78' lang='grc' dir='ltr'><em>Εἰρήνη</em></span> <span class='ocrx_word' id='word_1_246' title='bbox 1171 3259 1334 3327; x_wconf 82' lang='grc' dir='ltr'><em>ὑμῖν.</em></span> <span class='ocrx_word' id='word_1_247' title='bbox 1402 3261 1620 3332; x_wconf 81' lang='grc' dir='ltr'>Ταύτης</span> 
     </span>
    </p>
   </div>
   <div class='ocr_carea' id='block_1_41' title="bbox 33 3346 1622 3424">
    <p class='ocr_par' dir='ltr' id='par_1_41' title="bbox 33 3346 1622 3424">
     <span class='ocr_line' id='line_1_41' title="bbox 33 3346 1622 3424; baseline 0.004 -24"><span class='ocrx_word' id='word_1_248' title='bbox 33 3348 146 3418; x_wconf 76' lang='grc' dir='ltr'><strong>γὰρ</strong></span> <span class='ocrx_word' id='word_1_249' title='bbox 174 3347 277 3401; x_wconf 82' lang='grc' dir='ltr'><strong>οὐκ</strong></span> <span class='ocrx_word' id='word_1_250' title='bbox 299 3346 489 3419; x_wconf 71' lang='grc' dir='ltr'><strong>οὔσης,</strong></span> <span class='ocrx_word' id='word_1_251' title='bbox 524 3349 707 3403; x_wconf 82' lang='grc' dir='ltr'>πάντα</span> <span class='ocrx_word' id='word_1_252' title='bbox 741 3352 974 3420; x_wconf 83' lang='grc' dir='ltr'>περιττά</span> <span class='ocrx_word' id='word_1_253' title='bbox 1003 3367 1015 3380; x_wconf 89' lang='grc'><strong>·</strong></span> <span class='ocrx_word' id='word_1_254' title='bbox 1055 3352 1146 3404; x_wconf 77' lang='grc' dir='ltr'><strong>καὶ</strong></span> <span class='ocrx_word' id='word_1_255' title='bbox 1182 3354 1211 3405; x_wconf 79' lang='grc' dir='ltr'>ὁ</span> <span class='ocrx_word' id='word_1_256' title='bbox 1242 3354 1477 3424; x_wconf 74' lang='grc' dir='ltr'><strong>Χριστὸς</strong></span> <span class='ocrx_word' id='word_1_257' title='bbox 1509 3356 1622 3417; x_wconf 82' lang='grc' dir='ltr'><strong>τοῖς</strong></span> 
     </span>
    </p>
   </div>
   <div class='ocr_carea' id='block_1_42' title="bbox 36 3442 1619 3516">
    <p class='ocr_par' dir='ltr' id='par_1_42' title="bbox 36 3442 1619 3516">
     <span class='ocr_line' id='line_1_42' title="bbox 36 3442 1619 3516; baseline 0.004 -22"><span class='ocrx_word' id='word_1_258' title='bbox 36 3442 547 3513; x_wconf 59' lang='grc' dir='ltr'>μαθηταῖςρέλεγεν,</span> <span class='ocrx_word' id='word_1_259' title='bbox 578 3443 844 3513; x_wconf 78' lang='grc' dir='ltr'><em>Εἰρήνην</em></span> <span class='ocrx_word' id='word_1_260' title='bbox 873 3444 989 3513; x_wconf 86' lang='lat' dir='ltr'><strong>thr</strong></span> <span class='ocrx_word' id='word_1_261' title='bbox 1021 3445 1178 3515; x_wconf 78' lang='grc' dir='ltr'><strong>ἐμὴν</strong></span> <span class='ocrx_word' id='word_1_262' title='bbox 1214 3445 1423 3515; x_wconf 82' lang='grc' dir='ltr'><strong>δίδωμι</strong></span> <span class='ocrx_word' id='word_1_263' title='bbox 1453 3445 1619 3516; x_wconf 82' lang='grc' dir='ltr'><em>ὑμῖν.</em></span> 
     </span>
    </p>
   </div>
   <div class='ocr_carea' id='block_1_43' title="bbox 31 3535 912 3605">
    <p class='ocr_par' dir='ltr' id='par_1_43' title="bbox 31 3535 912 3605">
     <span class='ocr_line' id='line_1_43' title="bbox 31 3535 912 3605; baseline 0.002 -16"><span class='ocrx_word' id='word_1_264' title='bbox 31 3535 186 3605; x_wconf 74' lang='grc' dir='ltr'><strong>Αὕτη</strong></span> <span class='ocrx_word' id='word_1_265' title='bbox 219 3539 282 3605; x_wconf 80' lang='grc' dir='ltr'><strong>τῇ</strong></span> <span class='ocrx_word' id='word_1_266' title='bbox 317 3536 510 3605; x_wconf 77' lang='grc' dir='ltr'><strong>ἀγάπῃ</strong></span> <span class='ocrx_word' id='word_1_267' title='bbox 545 3536 912 3604; x_wconf 83' lang='grc' dir='ltr'><strong>προοδοποιεῖ.</strong></span> 
     </span>
    </p>
   </div>
   <div class='ocr_carea' id='block_1_44' title="bbox 102 3629 1615 3700">
    <p class='ocr_par' dir='ltr' id='par_1_44' title="bbox 102 3629 1615 3700">
     <span class='ocr_line' id='line_1_44' title="bbox 102 3629 1615 3700; baseline 0.002 -17"><span class='ocrx_word' id='word_1_268' title='bbox 102 3630 215 3683; x_wconf 85' lang='lat' dir='ltr'><strong>Kal</strong></span> <span class='ocrx_word' id='word_1_269' title='bbox 246 3629 395 3685; x_wconf 80' lang='grc' dir='ltr'><strong>αὐτὸ</strong></span> <span class='ocrx_word' id='word_1_270' title='bbox 430 3629 500 3682; x_wconf 81' lang='grc' dir='ltr'><strong>δὲ</strong></span> <span class='ocrx_word' id='word_1_271' title='bbox 562 3631 741 3684; x_wconf 84' lang='grc' dir='ltr'>τοῦτο</span> <span class='ocrx_word' id='word_1_272' title='bbox 789 3629 1077 3698; x_wconf 80' lang='grc' dir='ltr'><em>σπουδὴν</em></span> <span class='ocrx_word' id='word_1_273' title='bbox 1126 3629 1335 3686; x_wconf 81' lang='grc' dir='ltr'><em>πᾶσαν</em></span> <span class='ocrx_word' id='word_1_274' title='bbox 1375 3645 1615 3700; x_wconf 72' lang='grc' dir='ltr'><em>παρεισι</em></span> 
     </span>
    </p>
   </div>
   <div class='ocr_carea' id='block_1_45' title="bbox 31 3721 1623 3792">
    <p class='ocr_par' dir='ltr' id='par_1_45' title="bbox 31 3721 1623 3792">
     <span class='ocr_line' id='line_1_45' title="bbox 31 3721 1623 3792; baseline -0.001 -16"><span class='ocrx_word' id='word_1_275' title='bbox 31 3722 904 3792; x_wconf 67' lang='grc' dir='ltr'><strong>ενέτκαντες,ἐπιχορη)ηἱσατε</strong></span> <span class='ocrx_word' id='word_1_276' title='bbox 918 3723 988 3776; x_wconf 88' lang='grc' dir='ltr'><em>ἐν</em></span> <span class='ocrx_word' id='word_1_277' title='bbox 1007 3721 1079 3790; x_wconf 77' lang='grc' dir='ltr'>τῇ</span> <span class='ocrx_word' id='word_1_278' title='bbox 1100 3723 1298 3776; x_wconf 82' lang='grc' dir='ltr'><strong>πίστει</strong></span> <span class='ocrx_word' id='word_1_279' title='bbox 1320 3722 1488 3791; x_wconf 83' lang='grc' dir='ltr'><strong>ὑμῶν</strong></span> <span class='ocrx_word' id='word_1_280' title='bbox 1510 3723 1623 3791; x_wconf 81' lang='grc' dir='ltr'><strong>τὴν</strong></span> 
     </span>
    </p>
   </div>
   <div class='ocr_carea' id='block_1_46' title="bbox 32 3815 1621 3887">
    <p class='ocr_par' dir='ltr' id='par_1_46' title="bbox 32 3815 1621 3887">
     <span class='ocr_line' id='line_1_46' title="bbox 32 3815 1621 3887; baseline 0.002 -19"><span class='ocrx_word' id='word_1_281' title='bbox 32 3815 286 3885; x_wconf 76' lang='grc' dir='ltr'><em>ἀρετὴν,</em></span> <span class='ocrx_word' id='word_1_282' title='bbox 334 3818 403 3869; x_wconf 82' lang='grc' dir='ltr'><em>ἐν</em></span> <span class='ocrx_word' id='word_1_283' title='bbox 433 3815 501 3869; x_wconf 80' lang='grc' dir='ltr'><em>δὲ</em></span> <span class='ocrx_word' id='word_1_284' title='bbox 532 3815 606 3884; x_wconf 80' lang='grc' dir='ltr'>τῇ</span> <span class='ocrx_word' id='word_1_285' title='bbox 651 3815 833 3885; x_wconf 72' lang='grc' dir='ltr'><em>ἀρετῇ</em></span> <span class='ocrx_word' id='word_1_286' title='bbox 870 3815 987 3885; x_wconf 83' lang='lat' dir='ltr'><strong>thr</strong></span> <span class='ocrx_word' id='word_1_287' title='bbox 1041 3815 1287 3887; x_wconf 80' lang='grc' dir='ltr'><em>γνῶσιν,</em></span> <span class='ocrx_word' id='word_1_288' title='bbox 1333 3817 1403 3870; x_wconf 81' lang='grc' dir='ltr'><em>ἐν</em></span> <span class='ocrx_word' id='word_1_289' title='bbox 1449 3817 1518 3871; x_wconf 82' lang='grc' dir='ltr'><strong>δὲ</strong></span> <span class='ocrx_word' id='word_1_290' title='bbox 1546 3815 1621 3886; x_wconf 81' lang='grc' dir='ltr'>τῇ</span> 
     </span>
    </p>
   </div>
   <div class='ocr_carea' id='block_1_47' title="bbox 32 3907 1622 3978">
    <p class='ocr_par' dir='ltr' id='par_1_47' title="bbox 32 3907 1622 3978">
     <span class='ocr_line' id='line_1_47' title="bbox 32 3907 1622 3978; baseline 0.001 -16"><span class='ocrx_word' id='word_1_291' title='bbox 32 3909 256 3978; x_wconf 82' lang='grc' dir='ltr'><strong>γνώσει</strong></span> <span class='ocrx_word' id='word_1_292' title='bbox 290 3907 405 3975; x_wconf 94' lang='lat' dir='ltr'><strong>thr</strong></span> <span class='ocrx_word' id='word_1_293' title='bbox 433 3908 802 3978; x_wconf 74' lang='grc' dir='ltr'><strong>ἐγκράτειαν,</strong></span> <span class='ocrx_word' id='word_1_294' title='bbox 840 3909 911 3962; x_wconf 83' lang='grc' dir='ltr'><em>ἐν</em></span> <span class='ocrx_word' id='word_1_295' title='bbox 963 3908 1032 3962; x_wconf 83' lang='grc' dir='ltr'><strong>δὲ</strong></span> <span class='ocrx_word' id='word_1_296' title='bbox 1062 3907 1136 3976; x_wconf 78' lang='grc' dir='ltr'>τῇ</span> <span class='ocrx_word' id='word_1_297' title='bbox 1168 3908 1480 3978; x_wconf 79' lang='grc' dir='ltr'><strong>ἐγκρατείᾳ</strong></span> <span class='ocrx_word' id='word_1_298' title='bbox 1508 3909 1622 3978; x_wconf 82' lang='grc' dir='ltr'><strong>τὴν</strong></span> 
     </span>
    </p>
   </div>
   <div class='ocr_carea' id='block_1_48' title="bbox 32 3998 1622 4071">
    <p class='ocr_par' dir='ltr' id='par_1_48' title="bbox 32 3998 1622 4071">
     <span class='ocr_line' id='line_1_48' title="bbox 32 3998 1622 4071; baseline 0.003 -18"><span class='ocrx_word' id='word_1_299' title='bbox 32 3998 376 4069; x_wconf 80' lang='grc' dir='ltr'><strong>ὑπομονὴν,</strong></span> <span class='ocrx_word' id='word_1_300' title='bbox 411 4001 482 4053; x_wconf 84' lang='grc' dir='ltr'><em>ἐν</em></span> <span class='ocrx_word' id='word_1_301' title='bbox 520 3999 590 4054; x_wconf 80' lang='grc' dir='ltr'><strong>δὲ</strong></span> <span class='ocrx_word' id='word_1_302' title='bbox 638 3999 711 4066; x_wconf 76' lang='grc' dir='ltr'>τῇ</span> <span class='ocrx_word' id='word_1_303' title='bbox 740 4000 1018 4071; x_wconf 82' lang='grc' dir='ltr'><strong>ὑπομονῇ</strong></span> <span class='ocrx_word' id='word_1_304' title='bbox 1042 4001 1158 4071; x_wconf 84' lang='lat' dir='ltr'><strong>thr</strong></span> <span class='ocrx_word' id='word_1_305' title='bbox 1189 4003 1526 4069; x_wconf 81' lang='grc' dir='ltr'><em>εὐσέϐειαν,</em></span> <span class='ocrx_word' id='word_1_306' title='bbox 1551 4003 1622 4057; x_wconf 83' lang='grc' dir='ltr'><em>ἐν</em></span> 
     </span>
    </p>
   </div>
   <div class='ocr_carea' id='block_1_49' title="bbox 30 4090 1623 4167">
    <p class='ocr_par' dir='ltr' id='par_1_49' title="bbox 30 4090 1623 4167">
     <span class='ocr_line' id='line_1_49' title="bbox 30 4090 1623 4167; baseline 0.005 -23"><span class='ocrx_word' id='word_1_307' title='bbox 30 4090 100 4144; x_wconf 81' lang='grc' dir='ltr'><strong>δὲ</strong></span> <span class='ocrx_word' id='word_1_308' title='bbox 139 4090 218 4160; x_wconf 77' lang='grc' dir='ltr'>τῇ</span> <span class='ocrx_word' id='word_1_309' title='bbox 268 4094 550 4159; x_wconf 71' lang='grc' dir='ltr'><em>εὐσεϐείᾳ</em></span> <span class='ocrx_word' id='word_1_310' title='bbox 587 4092 702 4162; x_wconf 88' lang='lat' dir='ltr'><strong>thr</strong></span> <span class='ocrx_word' id='word_1_311' title='bbox 727 4093 1156 4165; x_wconf 67' lang='grc' dir='ltr'><em>φιλαδελφίαν,</em></span> <span class='ocrx_word' id='word_1_312' title='bbox 1191 4096 1261 4150; x_wconf 84' lang='grc' dir='ltr'><em>ἐν</em></span> <span class='ocrx_word' id='word_1_313' title='bbox 1289 4095 1359 4150; x_wconf 80' lang='grc' dir='ltr'><strong>δὲ</strong></span> <span class='ocrx_word' id='word_1_314' title='bbox 1390 4095 1460 4166; x_wconf 78' lang='grc' dir='ltr'>τῇ</span> <span class='ocrx_word' id='word_1_315' title='bbox 1490 4100 1623 4167; x_wconf 74' lang='grc' dir='ltr'><strong>φιλ-</strong></span> 
     </span>
    </p>
   </div>
   <div class='ocr_carea' id='block_1_50' title="bbox 30 4184 729 4256">
    <p class='ocr_par' dir='ltr' id='par_1_50' title="bbox 30 4184 729 4256">
     <span class='ocr_line' id='line_1_50' title="bbox 30 4184 729 4256; baseline 0.001 -17"><span class='ocrx_word' id='word_1_316' title='bbox 30 4184 294 4254; x_wconf 64' lang='grc' dir='ltr'><em>αδελφίᾳ</em></span> <span class='ocrx_word' id='word_1_317' title='bbox 321 4184 439 4254; x_wconf 82' lang='grc' dir='ltr'><strong>τὴν</strong></span> <span class='ocrx_word' id='word_1_318' title='bbox 465 4186 729 4256; x_wconf 78' lang='grc' dir='ltr'><strong>ἀγάπην.</strong></span> 
     </span>
    </p>
   </div>
   <div class='ocr_carea' id='block_1_51' title="bbox 2242 1858 2807 1925">
    <p class='ocr_par' dir='ltr' id='par_1_51' title="bbox 2242 1858 2807 1925">
     <span class='ocr_line' id='line_1_51' title="bbox 2242 1858 2807 1925; baseline 0.014 -8"><span class='ocrx_word' id='word_1_319' title='bbox 2242 1858 2476 1918; x_wconf 81' lang='lat' dir='ltr'><strong>CAPUT</strong></span> <span class='ocrx_word' id='word_1_320' title='bbox 2516 1862 2807 1925; x_wconf 83' lang='lat' dir='ltr'><strong>PRIMUM.</strong></span> 
     </span>
    </p>
   </div>
   <div class='ocr_carea' id='block_1_52' title="bbox 1812 1968 3322 2063">
    <p class='ocr_par' dir='ltr' id='par_1_52' title="bbox 1812 1968 3322 2063">
     <span class='ocr_line' id='line_1_52' title="bbox 1812 1968 3322 2063; baseline 0.015 -38"><span class='ocrx_word' id='word_1_321' title='bbox 1812 1968 1977 2025; x_wconf 67' lang='lat' dir='ltr'><strong>Vens.</strong></span> <span class='ocrx_word' id='word_1_322' title='bbox 1998 1970 2053 2025; x_wconf 73' lang='lat'><strong>2.</strong></span> <span class='ocrx_word' id='word_1_323' title='bbox 2073 1969 2259 2028; x_wconf 80' lang='lat' dir='ltr'><strong><em>Gratia</em></strong></span> <span class='ocrx_word' id='word_1_324' title='bbox 2294 1978 2432 2030; x_wconf 81' lang='lat' dir='ltr'><strong>vobis</strong></span> <span class='ocrx_word' id='word_1_325' title='bbox 2460 1988 2509 2030; x_wconf 93' lang='lat' dir='ltr'><strong>et</strong></span> <span class='ocrx_word' id='word_1_326' title='bbox 2546 1996 2654 2048; x_wconf 71' lang='lat' dir='ltr'><strong>pax</strong></span> <span class='ocrx_word' id='word_1_327' title='bbox 2682 1984 3038 2053; x_wconf 81' lang='lat' dir='ltr'><strong>adimpleatnr</strong></span> <span class='ocrx_word' id='word_1_328' title='bbox 3066 1990 3116 2045; x_wconf 90' lang='lat' dir='ltr'><strong>in</strong></span> <span class='ocrx_word' id='word_1_329' title='bbox 3144 1995 3322 2063; x_wconf 84' lang='lat' dir='ltr'><strong>cogni-</strong></span> 
     </span>
    </p>
   </div>
   <div class='ocr_carea' id='block_1_53' title="bbox 1735 2060 2920 2131">
    <p class='ocr_par' dir='ltr' id='par_1_53' title="bbox 1735 2060 2920 2131">
     <span class='ocr_line' id='line_1_53' title="bbox 1735 2060 2920 2131; baseline 0.016 -19"><span class='ocrx_word' id='word_1_330' title='bbox 1735 2060 1877 2115; x_wconf 87' lang='lat' dir='ltr'><strong>tione</strong></span> <span class='ocrx_word' id='word_1_331' title='bbox 1899 2061 2000 2117; x_wconf 87' lang='lat' dir='ltr'><strong>Dei</strong></span> <span class='ocrx_word' id='word_1_332' title='bbox 2030 2073 2080 2118; x_wconf 87' lang='lat' dir='ltr'><strong>et</strong></span> <span class='ocrx_word' id='word_1_333' title='bbox 2102 2063 2233 2120; x_wconf 78' lang='lat' dir='ltr'><strong>Jesu</strong></span> <span class='ocrx_word' id='word_1_334' title='bbox 2264 2065 2463 2123; x_wconf 75' lang='lat' dir='ltr'><strong>Christi</strong></span> <span class='ocrx_word' id='word_1_335' title='bbox 2488 2070 2704 2126; x_wconf 82' lang='lat' dir='ltr'><strong>Domini</strong></span> <span class='ocrx_word' id='word_1_336' title='bbox 2732 2079 2920 2131; x_wconf 80' lang='lat' dir='ltr'><strong>nostri.</strong></span> 
     </span>
    </p>
   </div>
   <div class='ocr_carea' id='block_1_54' title="bbox 1796 2243 3317 2333">
    <p class='ocr_par' dir='ltr' id='par_1_54' title="bbox 1796 2243 3317 2333">
     <span class='ocr_line' id='line_1_54' title="bbox 1796 2243 3317 2333; baseline 0.018 -35"><span class='ocrx_word' id='word_1_337' title='bbox 1796 2243 1942 2301; x_wconf 85' lang='lat' dir='ltr'><strong>Nihil</strong></span> <span class='ocrx_word' id='word_1_338' title='bbox 1971 2247 2098 2304; x_wconf 87' lang='lat' dir='ltr'><strong>huic</strong></span> <span class='ocrx_word' id='word_1_339' title='bbox 2141 2252 2263 2320; x_wconf 87' lang='lat' dir='ltr'><strong>paci</strong></span> <span class='ocrx_word' id='word_1_340' title='bbox 2316 2254 2555 2312; x_wconf 82' lang='lat' dir='ltr'><strong>similis:</strong></span> <span class='ocrx_word' id='word_1_341' title='bbox 2598 2269 2887 2329; x_wconf 81' lang='lat' dir='ltr'><strong>propterea</strong></span> <span class='ocrx_word' id='word_1_342' title='bbox 2939 2278 3225 2333; x_wconf 84' lang='lat' dir='ltr'><strong>precamur</strong></span> <span class='ocrx_word' id='word_1_343' title='bbox 3262 2281 3317 2325; x_wconf 88' lang='lat' dir='ltr'><strong>et</strong></span> 
     </span>
    </p>
   </div>
   <div class='ocr_carea' id='block_1_55' title="bbox 1731 2339 3315 2427">
    <p class='ocr_par' dir='ltr' id='par_1_55' title="bbox 1731 2339 3315 2427">
     <span class='ocr_line' id='line_1_55' title="bbox 1731 2339 3315 2427; baseline 0.015 -37"><span class='ocrx_word' id='word_1_344' title='bbox 1731 2350 1956 2391; x_wconf 89' lang='lat' dir='ltr'><strong>oramus</strong></span> <span class='ocrx_word' id='word_1_345' title='bbox 1984 2339 2233 2409; x_wconf 78' lang='lat' dir='ltr'><strong>angelum</strong></span> <span class='ocrx_word' id='word_1_346' title='bbox 2263 2345 2413 2413; x_wconf 84' lang='lat' dir='ltr'><strong>pacis</strong></span> <span class='ocrx_word' id='word_1_347' title='bbox 2446 2346 2784 2417; x_wconf 77' lang='lat' dir='ltr'><strong>invocantes,</strong></span> <span class='ocrx_word' id='word_1_348' title='bbox 2813 2362 2869 2407; x_wconf 90' lang='lat' dir='ltr'><strong>et</strong></span> <span class='ocrx_word' id='word_1_349' title='bbox 2901 2355 3101 2422; x_wconf 76' lang='lat' dir='ltr'><strong>ubique</strong></span> <span class='ocrx_word' id='word_1_350' title='bbox 3125 2374 3315 2427; x_wconf 85' lang='lat' dir='ltr'><strong>pacem</strong></span> 
     </span>
    </p>
   </div>
   <div class='ocr_carea' id='block_1_56' title="bbox 1735 2425 3315 2516">
    <p class='ocr_par' dir='ltr' id='par_1_56' title="bbox 1735 2425 3315 2516">
     <span class='ocr_line' id='line_1_56' title="bbox 1735 2425 3315 2516; baseline 0.02 -40"><span class='ocrx_word' id='word_1_351' title='bbox 1735 2425 1968 2494; x_wconf 85' lang='lat' dir='ltr'><strong>petimus</strong></span> <span class='ocrx_word' id='word_1_352' title='bbox 2004 2430 2058 2483; x_wconf 93' lang='lat' dir='ltr'><strong>in</strong></span> <span class='ocrx_word' id='word_1_353' title='bbox 2094 2433 2364 2499; x_wconf 83' lang='lat' dir='ltr'><strong>ecclesiis,</strong></span> <span class='ocrx_word' id='word_1_354' title='bbox 2405 2452 2594 2501; x_wconf 86' lang='lat' dir='ltr'><strong>pacem</strong></span> <span class='ocrx_word' id='word_1_355' title='bbox 2638 2441 2690 2495; x_wconf 90' lang='lat' dir='ltr'><strong>in</strong></span> <span class='ocrx_word' id='word_1_356' title='bbox 2725 2446 2997 2511; x_wconf 88' lang='lat' dir='ltr'><strong>precibus.</strong></span> <span class='ocrx_word' id='word_1_357' title='bbox 3039 2464 3225 2516; x_wconf 79' lang='lat' dir='ltr'><strong>pacem</strong></span> <span class='ocrx_word' id='word_1_358' title='bbox 3262 2455 3315 2509; x_wconf 88' lang='lat' dir='ltr'><strong>in</strong></span> 
     </span>
    </p>
   </div>
   <div class='ocr_carea' id='block_1_57' title="bbox 1732 2518 3311 2610">
    <p class='ocr_par' dir='ltr' id='par_1_57' title="bbox 1732 2518 3311 2610">
     <span class='ocr_line' id='line_1_57' title="bbox 1732 2518 3311 2610; baseline 0.019 -44"><span class='ocrx_word' id='word_1_359' title='bbox 1732 2518 2240 2587; x_wconf 86' lang='lat' dir='ltr'><strong>supplicationibus,</strong></span> <span class='ocrx_word' id='word_1_360' title='bbox 2265 2524 2316 2578; x_wconf 93' lang='lat' dir='ltr'><strong>in</strong></span> <span class='ocrx_word' id='word_1_361' title='bbox 2349 2525 2792 2585; x_wconf 82' lang='lat' dir='ltr'><strong>salutationibus.</strong></span> <span class='ocrx_word' id='word_1_362' title='bbox 2818 2533 2882 2587; x_wconf 88' lang='lat' dir='ltr'><strong>Et</strong></span> <span class='ocrx_word' id='word_1_363' title='bbox 2902 2539 3311 2610; x_wconf 80' lang='lat' dir='ltr'><strong>universaliter,</strong></span> 
     </span>
    </p>
   </div>
   <div class='ocr_carea' id='block_1_58' title="bbox 1731 2607 3312 2690">
    <p class='ocr_par' dir='ltr' id='par_1_58' title="bbox 1731 2607 3312 2690">
     <span class='ocr_line' id='line_1_58' title="bbox 1731 2607 3312 2690; baseline 0.019 -31"><span class='ocrx_word' id='word_1_364' title='bbox 1731 2619 1780 2659; x_wconf 89' lang='lat' dir='ltr'><strong>et</strong></span> <span class='ocrx_word' id='word_1_365' title='bbox 1804 2607 2020 2673; x_wconf 87' lang='lat' dir='ltr'><strong>iterum,</strong></span> <span class='ocrx_word' id='word_1_366' title='bbox 2044 2621 2097 2664; x_wconf 92' lang='lat' dir='ltr'><strong>et</strong></span> <span class='ocrx_word' id='word_1_367' title='bbox 2127 2614 2287 2669; x_wconf 85' lang='lat' dir='ltr'><strong>tertio</strong></span> <span class='ocrx_word' id='word_1_368' title='bbox 2304 2626 2358 2670; x_wconf 89' lang='lat' dir='ltr'><strong>et</strong></span> <span class='ocrx_word' id='word_1_369' title='bbox 2385 2632 2527 2688; x_wconf 64' lang='lat' dir='ltr'><strong>saepe</strong></span> <span class='ocrx_word' id='word_1_370' title='bbox 2558 2622 2728 2690; x_wconf 85' lang='lat' dir='ltr'><strong>ipsam</strong></span> <span class='ocrx_word' id='word_1_371' title='bbox 2762 2624 2852 2678; x_wconf 86' lang='lat' dir='ltr'><strong>dat</strong></span> <span class='ocrx_word' id='word_1_372' title='bbox 2884 2625 3140 2685; x_wconf 68' lang='lat' dir='ltr'><strong>Ecclesia:</strong></span> <span class='ocrx_word' id='word_1_373' title='bbox 3163 2607 3312 2688; x_wconf 50' lang='lat' dir='ltr'><strong>Prae;</strong></span> 
     </span>
    </p>
   </div>
   <div class='ocr_carea' id='block_1_59' title="bbox 1729 2696 3309 2778">
    <p class='ocr_par' dir='ltr' id='par_1_59' title="bbox 1729 2696 3309 2778">
     <span class='ocr_line' id='line_1_59' title="bbox 1729 2696 3309 2778; baseline 0.02 -30"><span class='ocrx_word' id='word_1_374' title='bbox 1729 2711 1817 2750; x_wconf 89' lang='lat' dir='ltr'><strong>ses</strong></span> <span class='ocrx_word' id='word_1_375' title='bbox 1849 2714 1865 2750; x_wconf 88' lang='lat'><strong>:</strong></span> <span class='ocrx_word' id='word_1_376' title='bbox 1901 2696 2019 2753; x_wconf 70' lang='lat' dir='ltr'><strong>Pax</strong></span> <span class='ocrx_word' id='word_1_377' title='bbox 2050 2702 2214 2756; x_wconf 68' lang='lat' dir='ltr'><strong>vobis.</strong></span> <span class='ocrx_word' id='word_1_378' title='bbox 2240 2704 2322 2757; x_wconf 78' lang='lat' dir='ltr'><strong>Ad</strong></span> <span class='ocrx_word' id='word_1_379' title='bbox 2369 2708 2542 2776; x_wconf 80' lang='lat' dir='ltr'><strong>quid?</strong></span> <span class='ocrx_word' id='word_1_380' title='bbox 2574 2710 2709 2776; x_wconf 84' lang='lat' dir='ltr'><strong>Quia</strong></span> <span class='ocrx_word' id='word_1_381' title='bbox 2761 2714 3028 2771; x_wconf 89' lang='lat' dir='ltr'><strong>bonorum</strong></span> <span class='ocrx_word' id='word_1_382' title='bbox 3066 2723 3309 2778; x_wconf 89' lang='lat' dir='ltr'><strong>omnium</strong></span> 
     </span>
    </p>
   </div>
   <div class='ocr_carea' id='block_1_60' title="bbox 1731 2788 3310 2885">
    <p class='ocr_par' dir='ltr' id='par_1_60' title="bbox 1731 2788 3310 2885">
     <span class='ocr_line' id='line_1_60' title="bbox 1731 2788 3310 2885; baseline 0.02 -44"><span class='ocrx_word' id='word_1_383' title='bbox 1731 2788 1843 2857; x_wconf 85' lang='lat' dir='ltr'><strong>ipsa</strong></span> <span class='ocrx_word' id='word_1_384' title='bbox 1866 2802 2038 2845; x_wconf 87' lang='lat' dir='ltr'><strong>mater</strong></span> <span class='ocrx_word' id='word_1_385' title='bbox 2059 2807 2139 2847; x_wconf 91' lang='lat' dir='ltr'><strong>est</strong></span> <span class='ocrx_word' id='word_1_386' title='bbox 2164 2806 2217 2848; x_wconf 91' lang='lat' dir='ltr'><strong>et</strong></span> <span class='ocrx_word' id='word_1_387' title='bbox 2238 2796 2435 2852; x_wconf 67' lang='lat' dir='ltr'><strong>laetitiae</strong></span> <span class='ocrx_word' id='word_1_388' title='bbox 2464 2798 2900 2861; x_wconf 79' lang='lat' dir='ltr'><strong>fundamentum.</strong></span> <span class='ocrx_word' id='word_1_389' title='bbox 2923 2808 3151 2880; x_wconf 79' lang='lat' dir='ltr'><strong>Propter</strong></span> <span class='ocrx_word' id='word_1_390' title='bbox 3167 2817 3310 2885; x_wconf 91' lang='lat' dir='ltr'><strong>quod</strong></span> 
     </span>
    </p>
   </div>
   <div class='ocr_carea' id='block_1_61' title="bbox 1727 2884 3312 2964">
    <p class='ocr_par' dir='ltr' id='par_1_61' title="bbox 1727 2884 3312 2964">
     <span class='ocr_line' id='line_1_61' title="bbox 1727 2884 3312 2964; baseline 0.018 -30"><span class='ocrx_word' id='word_1_391' title='bbox 1727 2892 1778 2934; x_wconf 85' lang='lat' dir='ltr'><strong>et</strong></span> <span class='ocrx_word' id='word_1_392' title='bbox 1814 2884 2072 2950; x_wconf 80' lang='lat' dir='ltr'><strong>aposwlis</strong></span> <span class='ocrx_word' id='word_1_393' title='bbox 2104 2885 2157 2940; x_wconf 93' lang='lat' dir='ltr'><strong>in</strong></span> <span class='ocrx_word' id='word_1_394' title='bbox 2189 2891 2406 2943; x_wconf 83' lang='lat' dir='ltr'><strong>dmnnm</strong></span> <span class='ocrx_word' id='word_1_395' title='bbox 2440 2892 2793 2963; x_wconf 85' lang='lat' dir='ltr'><strong>intrantibus,</strong></span> <span class='ocrx_word' id='word_1_396' title='bbox 2811 2900 2957 2955; x_wconf 89' lang='lat' dir='ltr'><strong>illam</strong></span> <span class='ocrx_word' id='word_1_397' title='bbox 2990 2884 3312 2964; x_wconf 79' lang='lat' dir='ltr'><strong>annuntiare</strong></span> 
     </span>
    </p>
   </div>
   <div class='ocr_carea' id='block_1_62' title="bbox 1729 2974 3310 3068">
    <p class='ocr_par' dir='ltr' id='par_1_62' title="bbox 1729 2974 3310 3068">
     <span class='ocr_line' id='line_1_62' title="bbox 1729 2974 3310 3068; baseline 0.02 -44"><span class='ocrx_word' id='word_1_398' title='bbox 1729 2974 1959 3040; x_wconf 88' lang='lat' dir='ltr'><strong>primum</strong></span> <span class='ocrx_word' id='word_1_399' title='bbox 1976 2981 2234 3048; x_wconf 71' lang='lat' dir='ltr'><strong>praecepit</strong></span> <span class='ocrx_word' id='word_1_400' title='bbox 2260 2980 2538 3051; x_wconf 86' lang='lat' dir='ltr'><strong>Christus,</strong></span> <span class='ocrx_word' id='word_1_401' title='bbox 2563 2990 2703 3043; x_wconf 88' lang='lat' dir='ltr'><strong>sicut</strong></span> <span class='ocrx_word' id='word_1_402' title='bbox 2728 2995 2969 3048; x_wconf 89' lang='lat' dir='ltr'><strong>omnium</strong></span> <span class='ocrx_word' id='word_1_403' title='bbox 2990 3001 3310 3068; x_wconf 66' lang='lat' dir='ltr'><strong>praesagium</strong></span> 
     </span>
    </p>
   </div>
   <div class='ocr_carea' id='block_1_63' title="bbox 1727 3063 3309 3158">
    <p class='ocr_par' dir='ltr' id='par_1_63' title="bbox 1727 3063 3309 3158">
     <span class='ocr_line' id='line_1_63' title="bbox 1727 3063 3309 3158; baseline 0.021 -44"><span class='ocrx_word' id='word_1_404' title='bbox 1727 3063 2011 3122; x_wconf 86' lang='lat' dir='ltr'><strong>bonorum.</strong></span> <span class='ocrx_word' id='word_1_405' title='bbox 2050 3069 2113 3124; x_wconf 87' lang='lat' dir='ltr'><strong>In</strong></span> <span class='ocrx_word' id='word_1_406' title='bbox 2143 3088 2508 3148; x_wconf 78' lang='lat' dir='ltr'><strong>quamcunque</strong></span> <span class='ocrx_word' id='word_1_407' title='bbox 2554 3082 2791 3151; x_wconf 88' lang='lat' dir='ltr'><strong>domum,</strong></span> <span class='ocrx_word' id='word_1_408' title='bbox 2826 3087 2924 3151; x_wconf 90' lang='lat' dir='ltr'><strong>ait,</strong></span> <span class='ocrx_word' id='word_1_409' title='bbox 2966 3089 3309 3158; x_wconf 80' lang='lat' dir='ltr'><strong>intraveritis,</strong></span> 
     </span>
    </p>
   </div>
   <div class='ocr_carea' id='block_1_64' title="bbox 1725 3156 3312 3240">
    <p class='ocr_par' dir='ltr' id='par_1_64' title="bbox 1725 3156 3312 3240">
     <span class='ocr_line' id='line_1_64' title="bbox 1725 3156 3312 3240; baseline 0.022 -35"><span class='ocrx_word' id='word_1_410' title='bbox 1725 3156 1951 3223; x_wconf 84' lang='lat' dir='ltr'><strong>primum</strong></span> <span class='ocrx_word' id='word_1_411' title='bbox 1999 3160 2157 3216; x_wconf 83' lang='lat' dir='ltr'><strong>dicite</strong></span> <span class='ocrx_word' id='word_1_412' title='bbox 2200 3180 2219 3219; x_wconf 89' lang='lat'><strong><em>:</em></strong></span> <span class='ocrx_word' id='word_1_413' title='bbox 2261 3164 2380 3220; x_wconf 69' lang='lat' dir='ltr'><strong>Pax</strong></span> <span class='ocrx_word' id='word_1_414' title='bbox 2427 3170 2551 3224; x_wconf 82' lang='lat' dir='ltr'><strong>huic</strong></span> <span class='ocrx_word' id='word_1_415' title='bbox 2605 3174 2786 3228; x_wconf 86' lang='lat' dir='ltr'><strong>domui</strong></span> <span class='ocrx_word' id='word_1_416' title='bbox 2812 3177 2880 3231; x_wconf 80' lang='lat'><strong>&quot;.</strong></span> <span class='ocrx_word' id='word_1_417' title='bbox 2922 3178 2993 3232; x_wconf 83' lang='lat' dir='ltr'><strong>Ea</strong></span> <span class='ocrx_word' id='word_1_418' title='bbox 3020 3156 3312 3240; x_wconf 76' lang='lat' dir='ltr'><strong>deﬁciente</strong></span> 
     </span>
    </p>
   </div>
   <div class='ocr_carea' id='block_1_65' title="bbox 1726 3260 3303 3339">
    <p class='ocr_par' dir='ltr' id='par_1_65' title="bbox 1726 3260 3303 3339">
     <span class='ocr_line' id='line_1_65' title="bbox 1726 3260 3303 3339; baseline 0.016 -33"><span class='ocrx_word' id='word_1_419' title='bbox 1726 3268 1861 3307; x_wconf 79' lang='lat' dir='ltr'><strong>vana</strong></span> <span class='ocrx_word' id='word_1_420' title='bbox 1910 3267 2038 3311; x_wconf 88' lang='lat' dir='ltr'><strong>sunt</strong></span> <span class='ocrx_word' id='word_1_421' title='bbox 2089 3261 2293 3315; x_wconf 86' lang='lat' dir='ltr'><strong>omnia.</strong></span> <span class='ocrx_word' id='word_1_422' title='bbox 2342 3260 2407 3315; x_wconf 82' lang='lat' dir='ltr'><strong>Et</strong></span> <span class='ocrx_word' id='word_1_423' title='bbox 2456 3262 2709 3319; x_wconf 81' lang='lat' dir='ltr'><strong>Christus</strong></span> <span class='ocrx_word' id='word_1_424' title='bbox 2781 3269 3069 3339; x_wconf 86' lang='lat' dir='ltr'><strong>discipulis</strong></span> <span class='ocrx_word' id='word_1_425' title='bbox 3118 3275 3303 3332; x_wconf 81' lang='lat' dir='ltr'><strong>dixit:</strong></span> 
     </span>
    </p>
   </div>
   <div class='ocr_carea' id='block_1_66' title="bbox 1727 3343 3303 3427">
    <p class='ocr_par' dir='ltr' id='par_1_66' title="bbox 1727 3343 3303 3427">
     <span class='ocr_line' id='line_1_66' title="bbox 1727 3343 3303 3427; baseline 0.016 -29"><span class='ocrx_word' id='word_1_426' title='bbox 1727 3343 1921 3401; x_wconf 81' lang='lat' dir='ltr'><strong>Pacem</strong></span> <span class='ocrx_word' id='word_1_427' title='bbox 1956 3366 2125 3404; x_wconf 90' lang='lat' dir='ltr'><strong>meam</strong></span> <span class='ocrx_word' id='word_1_428' title='bbox 2165 3355 2232 3406; x_wconf 84' lang='lat' dir='ltr'><strong>do</strong></span> <span class='ocrx_word' id='word_1_429' title='bbox 2266 3353 2410 3409; x_wconf 80' lang='lat' dir='ltr'><strong>vobis</strong></span> <span class='ocrx_word' id='word_1_430' title='bbox 2439 3356 2505 3411; x_wconf 73' lang='lat'><strong>“.</strong></span> <span class='ocrx_word' id='word_1_431' title='bbox 2531 3354 2649 3427; x_wconf 82' lang='lat' dir='ltr'><strong>Ipsa</strong></span> <span class='ocrx_word' id='word_1_432' title='bbox 2681 3360 2932 3418; x_wconf 87' lang='lat' dir='ltr'><strong>cbaritati</strong></span> <span class='ocrx_word' id='word_1_433' title='bbox 2967 3365 3108 3420; x_wconf 81' lang='lat' dir='ltr'><strong>viam</strong></span> <span class='ocrx_word' id='word_1_434' title='bbox 3134 3365 3303 3425; x_wconf 77' lang='lat' dir='ltr'><strong>facit:</strong></span> 
     </span>
    </p>
   </div>
   <div class='ocr_carea' id='block_1_67' title="bbox 1803 3627 3305 3717">
    <p class='ocr_par' dir='ltr' id='par_1_67' title="bbox 1803 3627 3305 3717">
     <span class='ocr_line' id='line_1_67' title="bbox 1803 3627 3305 3717; baseline 0.015 -37"><span class='ocrx_word' id='word_1_435' title='bbox 1803 3627 1966 3684; x_wconf 70' lang='lat' dir='ltr'><strong>Vsus.</strong></span> <span class='ocrx_word' id='word_1_436' title='bbox 2005 3628 2058 3694; x_wconf 83' lang='lat'><strong>5,</strong></span> <span class='ocrx_word' id='word_1_437' title='bbox 2092 3631 2144 3685; x_wconf 89' lang='lat'><strong>7.</strong></span> <span class='ocrx_word' id='word_1_438' title='bbox 2181 3631 2248 3686; x_wconf 81' lang='lat' dir='ltr'><strong>Et</strong></span> <span class='ocrx_word' id='word_1_439' title='bbox 2279 3632 2376 3688; x_wconf 70' lang='lat' dir='ltr'><strong>hoc</strong></span> <span class='ocrx_word' id='word_1_440' title='bbox 2423 3636 2594 3704; x_wconf 83' lang='lat' dir='ltr'><strong>ipsum</strong></span> <span class='ocrx_word' id='word_1_441' title='bbox 2622 3656 2806 3694; x_wconf 86' lang='lat' dir='ltr'><strong>curam</strong></span> <span class='ocrx_word' id='word_1_442' title='bbox 2836 3658 3042 3697; x_wconf 81' lang='lat' dir='ltr'><strong>omnem</strong></span> <span class='ocrx_word' id='word_1_443' title='bbox 3067 3645 3305 3717; x_wconf 80' lang='lat' dir='ltr'><strong>subinfe-</strong></span> 
     </span>
    </p>
   </div>
   <div class='ocr_carea' id='block_1_68' title="bbox 1724 3725 3305 3800">
    <p class='ocr_par' dir='ltr' id='par_1_68' title="bbox 1724 3725 3305 3800">
     <span class='ocr_line' id='line_1_68' title="bbox 1724 3725 3305 3800; baseline 0.014 -28"><span class='ocrx_word' id='word_1_444' title='bbox 1724 3731 1920 3786; x_wconf 86' lang='lat' dir='ltr'><strong>rentes,</strong></span> <span class='ocrx_word' id='word_1_445' title='bbox 1970 3725 2267 3782; x_wconf 80' lang='lat' dir='ltr'><strong>ministrate</strong></span> <span class='ocrx_word' id='word_1_446' title='bbox 2290 3728 2345 3781; x_wconf 89' lang='lat' dir='ltr'><strong>in</strong></span> <span class='ocrx_word' id='word_1_447' title='bbox 2371 3729 2479 3797; x_wconf 77' lang='lat' dir='ltr'><strong>ﬁde</strong></span> <span class='ocrx_word' id='word_1_448' title='bbox 2509 3743 2682 3785; x_wconf 71' lang='lat' dir='ltr'><strong>vestra</strong></span> <span class='ocrx_word' id='word_1_449' title='bbox 2718 3736 2987 3800; x_wconf 80' lang='lat' dir='ltr'><strong>virtutem,</strong></span> <span class='ocrx_word' id='word_1_450' title='bbox 3020 3737 3075 3790; x_wconf 86' lang='lat' dir='ltr'><strong>in</strong></span> <span class='ocrx_word' id='word_1_451' title='bbox 3106 3741 3305 3795; x_wconf 84' lang='lat' dir='ltr'><strong>virtute</strong></span> 
     </span>
    </p>
   </div>
   <div class='ocr_carea' id='block_1_69' title="bbox 1723 3818 3305 3892">
    <p class='ocr_par' dir='ltr' id='par_1_69' title="bbox 1723 3818 3305 3892">
     <span class='ocr_line' id='line_1_69' title="bbox 1723 3818 3305 3892; baseline 0.013 -28"><span class='ocrx_word' id='word_1_452' title='bbox 1723 3823 1898 3867; x_wconf 86' lang='lat' dir='ltr'><strong>autem</strong></span> <span class='ocrx_word' id='word_1_453' title='bbox 1931 3818 2228 3882; x_wconf 85' lang='lat' dir='ltr'><strong>scientiam,</strong></span> <span class='ocrx_word' id='word_1_454' title='bbox 2259 3820 2316 3873; x_wconf 86' lang='lat' dir='ltr'><strong>in</strong></span> <span class='ocrx_word' id='word_1_455' title='bbox 2342 3823 2569 3877; x_wconf 79' lang='lat' dir='ltr'><strong>scientia</strong></span> <span class='ocrx_word' id='word_1_456' title='bbox 2600 3833 2775 3879; x_wconf 88' lang='lat' dir='ltr'><strong>autem</strong></span> <span class='ocrx_word' id='word_1_457' title='bbox 2819 3829 3210 3892; x_wconf 87' lang='lat' dir='ltr'><strong>abstinentiam.</strong></span> <span class='ocrx_word' id='word_1_458' title='bbox 3250 3833 3305 3885; x_wconf 82' lang='lat' dir='ltr'><strong>in</strong></span> 
     </span>
    </p>
   </div>
   <div class='ocr_carea' id='block_1_70' title="bbox 1723 3905 3305 3986">
    <p class='ocr_par' dir='ltr' id='par_1_70' title="bbox 1723 3905 3305 3986">
     <span class='ocr_line' id='line_1_70' title="bbox 1723 3905 3305 3986; baseline 0.013 -29"><span class='ocrx_word' id='word_1_459' title='bbox 1723 3905 2042 3962; x_wconf 86' lang='lat' dir='ltr'><strong>abstinentia</strong></span> <span class='ocrx_word' id='word_1_460' title='bbox 2093 3922 2269 3965; x_wconf 87' lang='lat' dir='ltr'><strong>autem</strong></span> <span class='ocrx_word' id='word_1_461' title='bbox 2327 3916 2658 3981; x_wconf 83' lang='lat' dir='ltr'><strong>patientiam,</strong></span> <span class='ocrx_word' id='word_1_462' title='bbox 2714 3918 3069 3986; x_wconf 75' lang='lat' dir='ltr'><strong>inpatientia</strong></span> <span class='ocrx_word' id='word_1_463' title='bbox 3126 3932 3305 3978; x_wconf 84' lang='lat' dir='ltr'><strong>autem</strong></span> 
     </span>
    </p>
   </div>
   <div class='ocr_carea' id='block_1_71' title="bbox 1721 3999 3302 4083">
    <p class='ocr_par' dir='ltr' id='par_1_71' title="bbox 1721 3999 3302 4083">
     <span class='ocr_line' id='line_1_71' title="bbox 1721 3999 3302 4083; baseline 0.013 -33"><span class='ocrx_word' id='word_1_464' title='bbox 1721 3999 2001 4067; x_wconf 84' lang='lat' dir='ltr'><strong>pietatem,</strong></span> <span class='ocrx_word' id='word_1_465' title='bbox 2045 4004 2100 4057; x_wconf 86' lang='lat' dir='ltr'><strong>in</strong></span> <span class='ocrx_word' id='word_1_466' title='bbox 2151 4006 2340 4073; x_wconf 76' lang='lat' dir='ltr'><strong>pietate</strong></span> <span class='ocrx_word' id='word_1_467' title='bbox 2399 4018 2575 4061; x_wconf 86' lang='lat' dir='ltr'><strong>autem</strong></span> <span class='ocrx_word' id='word_1_468' title='bbox 2620 4009 2977 4079; x_wconf 78' lang='lat' dir='ltr'><strong>fraternitatis</strong></span> <span class='ocrx_word' id='word_1_469' title='bbox 3029 4031 3302 4083; x_wconf 87' lang='lat' dir='ltr'><strong>amorem,</strong></span> 
     </span>
    </p>
   </div>
   <div class='ocr_carea' id='block_1_72' title="bbox 1721 4091 2945 4164">
    <p class='ocr_par' dir='ltr' id='par_1_72' title="bbox 1721 4091 2945 4164">
     <span class='ocr_line' id='line_1_72' title="bbox 1721 4091 2945 4164; baseline 0.011 -20"><span class='ocrx_word' id='word_1_470' title='bbox 1721 4091 1776 4144; x_wconf 86' lang='lat' dir='ltr'><strong>in</strong></span> <span class='ocrx_word' id='word_1_471' title='bbox 1804 4108 1984 4149; x_wconf 74' lang='lat' dir='ltr'><strong>amore.</strong></span> <span class='ocrx_word' id='word_1_472' title='bbox 2006 4093 2362 4164; x_wconf 81' lang='lat' dir='ltr'><strong>fraternitatis</strong></span> <span class='ocrx_word' id='word_1_473' title='bbox 2389 4109 2567 4153; x_wconf 87' lang='lat' dir='ltr'><strong>autem</strong></span> <span class='ocrx_word' id='word_1_474' title='bbox 2606 4102 2945 4158; x_wconf 78' lang='lat' dir='ltr'><strong>charitatem.</strong></span> 
     </span>
    </p>
   </div>
   <div class='ocr_carea' id='block_1_73' title="bbox 99 4276 1626 4355">
    <p class='ocr_par' dir='ltr' id='par_1_73' title="bbox 99 4276 1617 4354">
     <span class='ocr_line' id='line_1_73' title="bbox 99 4276 1617 4354; baseline 0.005 -23"><span class='ocrx_word' id='word_1_475' title='bbox 99 4276 293 4332; x_wconf 86' lang='grc' dir='ltr'>Ταῦτα</span> <span class='ocrx_word' id='word_1_476' title='bbox 324 4281 472 4343; x_wconf 83' lang='grc' dir='ltr'>ποῖα,</span> <span class='ocrx_word' id='word_1_477' title='bbox 504 4277 538 4348; x_wconf 77' lang='grc' dir='ltr'><strong>ἢ</strong></span> <span class='ocrx_word' id='word_1_478' title='bbox 572 4279 641 4333; x_wconf 84' lang='grc' dir='ltr'>τὰ</span> <span class='ocrx_word' id='word_1_479' title='bbox 684 4279 1100 4351; x_wconf 73' lang='grc' dir='ltr'><em>προειρημένας</em></span> <span class='ocrx_word' id='word_1_480' title='bbox 1145 4282 1362 4354; x_wconf 79' lang='grc' dir='ltr'>Ἀρετὴ,</span> <span class='ocrx_word' id='word_1_481' title='bbox 1393 4282 1617 4354; x_wconf 79' lang='grc' dir='ltr'>γνῶσις,</span> 
     </span>
    </p>
   </div>
   <div class='ocr_carea' id='block_1_74' title="bbox 1748 4276 3304 4355">
    <p class='ocr_par' dir='ltr' id='par_1_74' title="bbox 1792 4279 3304 4355">
     <span class='ocr_line' id='line_1_74' title="bbox 1792 4279 3304 4355; baseline 0.01 -24"><span class='ocrx_word' id='word_1_482' title='bbox 1792 4279 2001 4346; x_wconf 85' lang='lat' dir='ltr'><strong>Quanta</strong></span> <span class='ocrx_word' id='word_1_483' title='bbox 2031 4281 2132 4336; x_wconf 88' lang='lat' dir='ltr'><strong>ista</strong></span> <span class='ocrx_word' id='word_1_484' title='bbox 2162 4299 2282 4351; x_wconf 76' lang='lat' dir='ltr'><strong>qua:</strong></span> <span class='ocrx_word' id='word_1_485' title='bbox 2311 4282 2424 4351; x_wconf 79' lang='lat' dir='ltr'><strong>iam</strong></span> <span class='ocrx_word' id='word_1_486' title='bbox 2456 4287 2660 4354; x_wconf 86' lang='lat' dir='ltr'><strong>prolata</strong></span> <span class='ocrx_word' id='word_1_487' title='bbox 2689 4296 2816 4342; x_wconf 90' lang='lat' dir='ltr'><strong>sunt</strong></span> <span class='ocrx_word' id='word_1_488' title='bbox 2842 4288 2855 4342; x_wconf 91' lang='lat' dir='ltr'><strong>l</strong></span> <span class='ocrx_word' id='word_1_489' title='bbox 2889 4288 3096 4355; x_wconf 84' lang='lat' dir='ltr'><strong>Virtus,</strong></span> <span class='ocrx_word' id='word_1_490' title='bbox 3122 4291 3304 4346; x_wconf 82' lang='lat' dir='ltr'><strong>scien-</strong></span> 
     </span>
    </p>
   </div>
   <div class='ocr_carea' id='block_1_75' title="bbox 29 4370 1626 4448">
    <p class='ocr_par' dir='ltr' id='par_1_75' title="bbox 29 4370 1615 4446">
     <span class='ocr_line' id='line_1_75' title="bbox 29 4370 1615 4446; baseline 0.006 -24"><span class='ocrx_word' id='word_1_491' title='bbox 29 4370 359 4444; x_wconf 75' lang='grc' dir='ltr'>ἐγκράτεια,</span> <span class='ocrx_word' id='word_1_492' title='bbox 389 4371 663 4441; x_wconf 83' lang='grc' dir='ltr'><em>ὑπομονὴ,</em></span> <span class='ocrx_word' id='word_1_493' title='bbox 697 4372 973 4436; x_wconf 79' lang='grc' dir='ltr'>εὐσέϐεια,</span> <span class='ocrx_word' id='word_1_494' title='bbox 1018 4373 1367 4444; x_wconf 81' lang='grc' dir='ltr'><strong>φιλαδελφία,</strong></span> <span class='ocrx_word' id='word_1_495' title='bbox 1398 4377 1615 4446; x_wconf 81' lang='grc' dir='ltr'><strong>ἀγάπη,</strong></span> 
     </span>
    </p>
   </div>
   <div class='ocr_carea' id='block_1_76' title="bbox 1748 4370 3293 4448">
    <p class='ocr_par' dir='ltr' id='par_1_76' title="bbox 1748 4372 3293 4448">
     <span class='ocr_line' id='line_1_76' title="bbox 1748 4372 3293 4448; baseline 0.008 -25"><span class='ocrx_word' id='word_1_496' title='bbox 1748 4372 1821 4435; x_wconf 83' lang='lat' dir='ltr'><strong>ia,</strong></span> <span class='ocrx_word' id='word_1_497' title='bbox 1846 4373 2200 4439; x_wconf 85' lang='lat' dir='ltr'><strong>abstinentia,</strong></span> <span class='ocrx_word' id='word_1_498' title='bbox 2232 4377 2513 4445; x_wconf 89' lang='lat' dir='ltr'><strong>patientia,</strong></span> <span class='ocrx_word' id='word_1_499' title='bbox 2550 4378 2745 4445; x_wconf 88' lang='lat' dir='ltr'><strong>pietas,</strong></span> <span class='ocrx_word' id='word_1_500' title='bbox 2777 4380 3018 4434; x_wconf 81' lang='lat' dir='ltr'><strong>fraterna</strong></span> <span class='ocrx_word' id='word_1_501' title='bbox 3045 4381 3293 4448; x_wconf 89' lang='lat' dir='ltr'><strong>dilectio,</strong></span> 
     </span>
    </p>
   </div>
   <div class='ocr_carea' id='block_1_77' title="bbox 30 4461 1626 4535">
    <p class='ocr_par' dir='ltr' id='par_1_77' title="bbox 30 4461 1619 4535">
     <span class='ocr_line' id='line_1_77' title="bbox 30 4461 1619 4535; baseline 0.004 -20"><span class='ocrx_word' id='word_1_502' title='bbox 30 4462 195 4515; x_wconf 83' lang='grc' dir='ltr'>ἆτινα</span> <span class='ocrx_word' id='word_1_503' title='bbox 224 4461 356 4533; x_wconf 82' lang='grc' dir='ltr'><em>ἡμῖν</em></span> <span class='ocrx_word' id='word_1_504' title='bbox 385 4463 447 4516; x_wconf 82' lang='grc' dir='ltr'><strong>οὐ</strong></span> <span class='ocrx_word' id='word_1_505' title='bbox 482 4463 645 4533; x_wconf 82' lang='grc' dir='ltr'><em>μόνον</em></span> <span class='ocrx_word' id='word_1_506' title='bbox 676 4467 936 4535; x_wconf 85' lang='grc' dir='ltr'><em>παρεῖναι</em></span> <span class='ocrx_word' id='word_1_507' title='bbox 966 4465 1071 4529; x_wconf 85' lang='grc' dir='ltr'>δεῖ,</span> <span class='ocrx_word' id='word_1_508' title='bbox 1105 4466 1163 4519; x_wconf 73' lang='grc' dir='ltr'>ἀ)</span> <span class='ocrx_word' id='word_1_509' title='bbox 1177 4465 1245 4520; x_wconf 69' lang='grc' dir='ltr'>λὰ</span> <span class='ocrx_word' id='word_1_510' title='bbox 1268 4470 1359 4521; x_wconf 79' lang='grc' dir='ltr'><strong>καὶ</strong></span> <span class='ocrx_word' id='word_1_511' title='bbox 1387 4468 1619 4523; x_wconf 86' lang='grc' dir='ltr'>πλεονά-</span> 
     </span>
    </p>
   </div>
   <div class='ocr_carea' id='block_1_78' title="bbox 1748 4461 3299 4535">
    <p class='ocr_par' dir='ltr' id='par_1_78' title="bbox 1748 4463 3299 4535">
     <span class='ocr_line' id='line_1_78' title="bbox 1748 4463 3299 4535; baseline 0.008 -21"><span class='ocrx_word' id='word_1_512' title='bbox 1748 4463 1985 4531; x_wconf 81' lang='lat' dir='ltr'><strong>:baritas,</strong></span> <span class='ocrx_word' id='word_1_513' title='bbox 2015 4480 2135 4533; x_wconf 72' lang='lat' dir='ltr'><strong>qua:</strong></span> <span class='ocrx_word' id='word_1_514' title='bbox 2169 4481 2272 4519; x_wconf 87' lang='lat' dir='ltr'><strong>non</strong></span> <span class='ocrx_word' id='word_1_515' title='bbox 2305 4466 2481 4521; x_wconf 89' lang='lat' dir='ltr'><strong>solum</strong></span> <span class='ocrx_word' id='word_1_516' title='bbox 2507 4468 2685 4522; x_wconf 87' lang='lat' dir='ltr'><strong>inesse</strong></span> <span class='ocrx_word' id='word_1_517' title='bbox 2718 4469 2899 4535; x_wconf 84' lang='lat' dir='ltr'><strong>nobis,</strong></span> <span class='ocrx_word' id='word_1_518' title='bbox 2928 4473 3021 4526; x_wconf 88' lang='lat' dir='ltr'><strong>sed</strong></span> <span class='ocrx_word' id='word_1_519' title='bbox 3055 4482 3110 4528; x_wconf 88' lang='lat' dir='ltr'><strong>et</strong></span> <span class='ocrx_word' id='word_1_520' title='bbox 3128 4474 3299 4529; x_wconf 81' lang='lat' dir='ltr'><strong>abun-</strong></span> 
     </span>
    </p>
   </div>
   <div class='ocr_carea' id='block_1_79' title="bbox 29 4553 1626 4634">
    <p class='ocr_par' dir='ltr' id='par_1_79' title="bbox 29 4553 1614 4634">
     <span class='ocr_line' id='line_1_79' title="bbox 29 4553 1614 4634; baseline 0.006 -28"><span class='ocrx_word' id='word_1_521' title='bbox 29 4554 171 4618; x_wconf 84' lang='grc' dir='ltr'><em>ζειν.</em></span> <span class='ocrx_word' id='word_1_522' title='bbox 201 4553 264 4607; x_wconf 85' lang='grc' dir='ltr'><strong>Εἰ</strong></span> <span class='ocrx_word' id='word_1_523' title='bbox 292 4554 402 4625; x_wconf 83' lang='grc' dir='ltr'><strong>γὰρ</strong></span> <span class='ocrx_word' id='word_1_524' title='bbox 440 4556 475 4626; x_wconf 81' lang='grc' dir='ltr'><strong>ἡ</strong></span> <span class='ocrx_word' id='word_1_525' title='bbox 521 4556 804 4625; x_wconf 83' lang='grc' dir='ltr'><em>παρουσία</em></span> <span class='ocrx_word' id='word_1_526' title='bbox 855 4557 1077 4626; x_wconf 78' lang='grc' dir='ltr'>ὠφελεῖ,</span> <span class='ocrx_word' id='word_1_527' title='bbox 1123 4559 1305 4630; x_wconf 70' lang='grc' dir='ltr'>πολλῷ</span> <span class='ocrx_word' id='word_1_528' title='bbox 1354 4561 1614 4634; x_wconf 81' lang='grc' dir='ltr'>μᾶλλονὴ</span> 
     </span>
    </p>
   </div>
   <div class='ocr_carea' id='block_1_80' title="bbox 1748 4553 3298 4634">
    <p class='ocr_par' dir='ltr' id='par_1_80' title="bbox 1748 4555 3298 4633">
     <span class='ocr_line' id='line_1_80' title="bbox 1748 4555 3298 4633; baseline 0.006 -25"><span class='ocrx_word' id='word_1_529' title='bbox 1748 4556 1853 4609; x_wconf 88' lang='lat' dir='ltr'><strong>lare</strong></span> <span class='ocrx_word' id='word_1_530' title='bbox 1885 4565 2117 4624; x_wconf 83' lang='lat' dir='ltr'><strong>Oportet.</strong></span> <span class='ocrx_word' id='word_1_531' title='bbox 2150 4555 2206 4610; x_wconf 87' lang='lat' dir='ltr'><strong>Si</strong></span> <span class='ocrx_word' id='word_1_532' title='bbox 2251 4558 2394 4611; x_wconf 89' lang='lat' dir='ltr'><strong>enim</strong></span> <span class='ocrx_word' id='word_1_533' title='bbox 2431 4558 2579 4613; x_wconf 86' lang='lat' dir='ltr'><strong>utilis</strong></span> <span class='ocrx_word' id='word_1_534' title='bbox 2625 4572 2709 4615; x_wconf 87' lang='lat' dir='ltr'><strong>est</strong></span> <span class='ocrx_word' id='word_1_535' title='bbox 2752 4576 2939 4616; x_wconf 88' lang='lat' dir='ltr'><strong>earum</strong></span> <span class='ocrx_word' id='word_1_536' title='bbox 2984 4567 3298 4633; x_wconf 72' lang='lat' dir='ltr'><strong>prtesentia,</strong></span> 
     </span>
    </p>
   </div>
   <div class='ocr_carea' id='block_1_81' title="bbox 28 4646 1626 4725">
    <p class='ocr_par' dir='ltr' id='par_1_81' title="bbox 28 4646 1615 4725">
     <span class='ocr_line' id='line_1_81' title="bbox 28 4646 1615 4725; baseline 0.007 -27"><span class='ocrx_word' id='word_1_537' title='bbox 28 4646 345 4717; x_wconf 76' lang='grc' dir='ltr'><strong>περιουσία.</strong></span> <span class='ocrx_word' id='word_1_538' title='bbox 372 4648 468 4711; x_wconf 83' lang='grc' dir='ltr'><strong>Τίς</strong></span> <span class='ocrx_word' id='word_1_539' title='bbox 499 4648 557 4702; x_wconf 81' lang='grc' dir='ltr'><strong>δὲ</strong></span> <span class='ocrx_word' id='word_1_540' title='bbox 588 4648 705 4720; x_wconf 79' lang='grc' dir='ltr'>ήὲξ</span> <span class='ocrx_word' id='word_1_541' title='bbox 729 4649 910 4704; x_wconf 80' lang='grc' dir='ltr'>αὐτῶν</span> <span class='ocrx_word' id='word_1_542' title='bbox 947 4650 1207 4720; x_wconf 78' lang='grc' dir='ltr'>ὠφέλεια,</span> <span class='ocrx_word' id='word_1_543' title='bbox 1242 4653 1274 4722; x_wconf 82' lang='grc' dir='ltr'>ἢ</span> <span class='ocrx_word' id='word_1_544' title='bbox 1305 4652 1364 4706; x_wconf 79' lang='grc' dir='ltr'><strong>τὸ</strong></span> <span class='ocrx_word' id='word_1_545' title='bbox 1395 4655 1615 4725; x_wconf 76' lang='grc' dir='ltr'><em>παρρη-</em></span> 
     </span>
    </p>
   </div>
   <div class='ocr_carea' id='block_1_82' title="bbox 1748 4646 3300 4725">
    <p class='ocr_par' dir='ltr' id='par_1_82' title="bbox 1748 4649 3300 4721">
     <span class='ocr_line' id='line_1_82' title="bbox 1748 4649 3300 4721; baseline 0.007 -20"><span class='ocrx_word' id='word_1_546' title='bbox 1748 4649 1895 4703; x_wconf 84' lang='grc' dir='ltr'>ιιιιίιο</span> <span class='ocrx_word' id='word_1_547' title='bbox 1948 4650 2120 4718; x_wconf 76' lang='lat' dir='ltr'><strong>magis</strong></span> <span class='ocrx_word' id='word_1_548' title='bbox 2150 4659 2204 4703; x_wconf 85' lang='lat' dir='ltr'><strong>et</strong></span> <span class='ocrx_word' id='word_1_549' title='bbox 2229 4651 2589 4708; x_wconf 70' lang='lat' dir='ltr'><strong>abundantia.</strong></span> <span class='ocrx_word' id='word_1_550' title='bbox 2636 4654 2768 4721; x_wconf 59' lang='lat' dir='ltr'><strong>Quae</strong></span> <span class='ocrx_word' id='word_1_551' title='bbox 2792 4671 2921 4711; x_wconf 85' lang='lat' dir='ltr'><strong>vero</strong></span> <span class='ocrx_word' id='word_1_552' title='bbox 2975 4660 3041 4712; x_wconf 89' lang='lat' dir='ltr'><strong>de</strong></span> <span class='ocrx_word' id='word_1_553' title='bbox 3078 4657 3186 4713; x_wconf 89' lang='lat' dir='ltr'><strong>illis</strong></span> <span class='ocrx_word' id='word_1_554' title='bbox 3216 4670 3300 4713; x_wconf 83' lang='lat' dir='ltr'><strong>est</strong></span> 
     </span>
    </p>
   </div>
   <div class='ocr_carea' id='block_1_83' title="bbox 32 4739 1626 4816">
    <p class='ocr_par' dir='ltr' id='par_1_83' title="bbox 32 4739 1610 4816">
     <span class='ocr_line' id='line_1_83' title="bbox 32 4739 1610 4816; baseline 0.004 -24"><span class='ocrx_word' id='word_1_555' title='bbox 32 4739 161 4794; x_wconf 87' lang='grc' dir='ltr'><em>σίαν</em></span> <span class='ocrx_word' id='word_1_556' title='bbox 208 4741 353 4811; x_wconf 70' lang='grc' dir='ltr'>ἔχειν</span> <span class='ocrx_word' id='word_1_557' title='bbox 383 4741 441 4793; x_wconf 80' lang='grc' dir='ltr'><strong>ὲν</strong></span> <span class='ocrx_word' id='word_1_558' title='bbox 470 4743 536 4812; x_wconf 81' lang='grc' dir='ltr'><strong>τῇ</strong></span> <span class='ocrx_word' id='word_1_559' title='bbox 594 4741 778 4813; x_wconf 81' lang='grc' dir='ltr'><strong>ἡμέρᾳ</strong></span> <span class='ocrx_word' id='word_1_560' title='bbox 833 4741 928 4795; x_wconf 84' lang='grc' dir='ltr'><strong>τοῦ</strong></span> <span class='ocrx_word' id='word_1_561' title='bbox 972 4741 1180 4812; x_wconf 81' lang='grc' dir='ltr'><em>Κυρίου</em></span> <span class='ocrx_word' id='word_1_562' title='bbox 1223 4744 1385 4813; x_wconf 79' lang='grc' dir='ltr'><em>ἡμῶν</em></span> <span class='ocrx_word' id='word_1_563' title='bbox 1431 4744 1610 4816; x_wconf 86' lang='grc' dir='ltr'>Ἰησοῦ</span> 
     </span>
    </p>
   </div>
   <div class='ocr_carea' id='block_1_84' title="bbox 1748 4739 3299 4816">
    <p class='ocr_par' dir='ltr' id='par_1_84' title="bbox 1748 4740 3299 4814">
     <span class='ocr_line' id='line_1_84' title="bbox 1748 4740 3299 4814; baseline 0.006 -20"><span class='ocrx_word' id='word_1_564' title='bbox 1748 4741 1962 4795; x_wconf 73' lang='lat' dir='ltr'><strong>utilitas?</strong></span> <span class='ocrx_word' id='word_1_565' title='bbox 2014 4740 2290 4797; x_wconf 86' lang='lat' dir='ltr'><strong>Fiduciam</strong></span> <span class='ocrx_word' id='word_1_566' title='bbox 2350 4755 2611 4814; x_wconf 79' lang='lat' dir='ltr'><strong>generant</strong></span> <span class='ocrx_word' id='word_1_567' title='bbox 2644 4746 2695 4801; x_wconf 94' lang='lat' dir='ltr'><strong>in</strong></span> <span class='ocrx_word' id='word_1_568' title='bbox 2726 4748 2815 4802; x_wconf 88' lang='lat' dir='ltr'><strong>die</strong></span> <span class='ocrx_word' id='word_1_569' title='bbox 2863 4748 3072 4803; x_wconf 90' lang='lat' dir='ltr'><strong>Domini</strong></span> <span class='ocrx_word' id='word_1_570' title='bbox 3125 4752 3299 4805; x_wconf 89' lang='lat' dir='ltr'><strong>nostri</strong></span> 
     </span>
    </p>
   </div>
   <div class='ocr_carea' id='block_1_85' title="bbox 31 4831 1626 4911">
    <p class='ocr_par' dir='ltr' id='par_1_85' title="bbox 31 4831 1609 4905">
     <span class='ocr_line' id='line_1_85' title="bbox 31 4831 1609 4905; baseline 0.004 -20"><span class='ocrx_word' id='word_1_571' title='bbox 31 4831 277 4901; x_wconf 79' lang='grc' dir='ltr'>Χριστοῦ</span> <span class='ocrx_word' id='word_1_572' title='bbox 306 4851 321 4900; x_wconf 90' lang='lat'><strong>;</strong></span> <span class='ocrx_word' id='word_1_573' title='bbox 349 4833 515 4902; x_wconf 84' lang='grc' dir='ltr'>Λέγει</span> <span class='ocrx_word' id='word_1_574' title='bbox 547 4833 603 4886; x_wconf 84' lang='grc' dir='ltr'><strong>δὲ</strong></span> <span class='ocrx_word' id='word_1_575' title='bbox 638 4833 738 4905; x_wconf 81' lang='grc' dir='ltr'>τὴν</span> <span class='ocrx_word' id='word_1_576' title='bbox 774 4834 1035 4905; x_wconf 79' lang='grc' dir='ltr'><strong>δευτέραν</strong></span> <span class='ocrx_word' id='word_1_577' title='bbox 1064 4834 1231 4889; x_wconf 81' lang='grc' dir='ltr'>αὐτοῦ</span> <span class='ocrx_word' id='word_1_578' title='bbox 1269 4838 1573 4903; x_wconf 86' lang='grc' dir='ltr'><em>παρουσίαν</em></span> <span class='ocrx_word' id='word_1_579' title='bbox 1594 4856 1609 4871; x_wconf 79' lang='grc'><em>’</em></span> 
     </span>
    </p>
   </div>
   <div class='ocr_carea' id='block_1_86' title="bbox 1748 4831 3300 4911">
    <p class='ocr_par' dir='ltr' id='par_1_86' title="bbox 1754 4836 3300 4911">
     <span class='ocr_line' id='line_1_86' title="bbox 1754 4836 3300 4911; baseline 0.005 -23"><span class='ocrx_word' id='word_1_580' title='bbox 1754 4851 1845 4891; x_wconf 82' lang='lat' dir='ltr'><strong>esu</strong></span> <span class='ocrx_word' id='word_1_581' title='bbox 1878 4836 2103 4890; x_wconf 76' lang='lat' dir='ltr'><strong>(lltristi.</strong></span> <span class='ocrx_word' id='word_1_582' title='bbox 2135 4836 2267 4891; x_wconf 88' lang='lat' dir='ltr'><strong>Dico</strong></span> <span class='ocrx_word' id='word_1_583' title='bbox 2291 4848 2474 4892; x_wconf 89' lang='lat' dir='ltr'><strong>autem</strong></span> <span class='ocrx_word' id='word_1_584' title='bbox 2509 4839 2561 4891; x_wconf 91' lang='lat' dir='ltr'><strong>in</strong></span> <span class='ocrx_word' id='word_1_585' title='bbox 2589 4840 2824 4894; x_wconf 88' lang='lat' dir='ltr'><strong>secunda</strong></span> <span class='ocrx_word' id='word_1_586' title='bbox 2872 4841 3041 4910; x_wconf 87' lang='lat' dir='ltr'><strong>ipsius</strong></span> <span class='ocrx_word' id='word_1_587' title='bbox 3085 4844 3300 4911; x_wconf 86' lang='lat' dir='ltr'><strong>appari-</strong></span> 
     </span>
    </p>
   </div>
   <div class='ocr_carea' id='block_1_87' title="bbox 30 4923 1626 5000">
    <p class='ocr_par' dir='ltr' id='par_1_87' title="bbox 30 4923 1610 4999">
     <span class='ocr_line' id='line_1_87' title="bbox 30 4923 1610 4999; baseline 0.005 -23"><span class='ocrx_word' id='word_1_588' title='bbox 30 4924 116 4976; x_wconf 82' lang='grc' dir='ltr'>ὅτε</span> <span class='ocrx_word' id='word_1_589' title='bbox 146 4923 370 4994; x_wconf 82' lang='grc' dir='ltr'>ἔρχεται</span> <span class='ocrx_word' id='word_1_590' title='bbox 398 4927 580 4995; x_wconf 83' lang='grc' dir='ltr'><strong>κρῖναι</strong></span> <span class='ocrx_word' id='word_1_591' title='bbox 608 4924 818 4988; x_wconf 77' lang='grc' dir='ltr'>ζῶντας</span> <span class='ocrx_word' id='word_1_592' title='bbox 847 4928 941 4980; x_wconf 74' lang='grc' dir='ltr'><strong>καὶ</strong></span> <span class='ocrx_word' id='word_1_593' title='bbox 971 4925 1220 4999; x_wconf 78' lang='grc' dir='ltr'><em>νεκρούς.</em></span> <span class='ocrx_word' id='word_1_594' title='bbox 1246 4929 1406 4995; x_wconf 76' lang='grc' dir='ltr'><strong>Μέγα</strong></span> <span class='ocrx_word' id='word_1_595' title='bbox 1429 4928 1485 4982; x_wconf 86' lang='grc' dir='ltr'><strong>δὲ</strong></span> <span class='ocrx_word' id='word_1_596' title='bbox 1516 4932 1610 4984; x_wconf 79' lang='grc' dir='ltr'><strong>καὶ</strong></span> 
     </span>
    </p>
   </div>
   <div class='ocr_carea' id='block_1_88' title="bbox 1748 4923 3295 5000">
    <p class='ocr_par' dir='ltr' id='par_1_88' title="bbox 1750 4930 3295 5000">
     <span class='ocr_line' id='line_1_88' title="bbox 1750 4930 3295 5000; baseline 0.006 -19"><span class='ocrx_word' id='word_1_597' title='bbox 1750 4930 1898 4996; x_wconf 91' lang='lat' dir='ltr'><strong>ione,</strong></span> <span class='ocrx_word' id='word_1_598' title='bbox 1949 4931 2172 5000; x_wconf 88' lang='lat' dir='ltr'><strong>quando</strong></span> <span class='ocrx_word' id='word_1_599' title='bbox 2220 4932 2402 4986; x_wconf 85' lang='lat' dir='ltr'><strong>veniet</strong></span> <span class='ocrx_word' id='word_1_600' title='bbox 2447 4931 2694 5000; x_wconf 88' lang='lat' dir='ltr'><strong>judicare</strong></span> <span class='ocrx_word' id='word_1_601' title='bbox 2744 4934 2899 4990; x_wconf 81' lang='lat' dir='ltr'><strong>vivos</strong></span> <span class='ocrx_word' id='word_1_602' title='bbox 2943 4945 2998 4989; x_wconf 89' lang='lat' dir='ltr'><strong>et</strong></span> <span class='ocrx_word' id='word_1_603' title='bbox 3029 4945 3295 4991; x_wconf 88' lang='lat' dir='ltr'><strong>mortuos.</strong></span> 
     </span>
    </p>
   </div>
   <div class='ocr_carea' id='block_1_89' title="bbox 29 5016 1626 5095">
    <p class='ocr_par' dir='ltr' id='par_1_89' title="bbox 29 5016 1610 5093">
     <span class='ocr_line' id='line_1_89' title="bbox 29 5016 1610 5093; baseline 0.005 -25"><span class='ocrx_word' id='word_1_604' title='bbox 29 5016 377 5088; x_wconf 74' lang='grc' dir='ltr'><strong>ὑπερϐάλλον</strong></span> <span class='ocrx_word' id='word_1_605' title='bbox 400 5018 604 5087; x_wconf 77' lang='grc' dir='ltr'><strong>ἀγαθὸν</strong></span> <span class='ocrx_word' id='word_1_606' title='bbox 632 5018 850 5088; x_wconf 84' lang='grc' dir='ltr'>ἀληθῶς</span> <span class='ocrx_word' id='word_1_607' title='bbox 881 5018 941 5072; x_wconf 79' lang='grc' dir='ltr'><strong>τὸ</strong></span> <span class='ocrx_word' id='word_1_608' title='bbox 972 5020 1290 5093; x_wconf 74' lang='grc' dir='ltr'><em>παρρησίαν</em></span> <span class='ocrx_word' id='word_1_609' title='bbox 1323 5020 1470 5092; x_wconf 74' lang='grc' dir='ltr'>ἔχειν</span> <span class='ocrx_word' id='word_1_610' title='bbox 1515 5024 1610 5077; x_wconf 70' lang='grc' dir='ltr'><strong>ἐπὶ</strong></span> 
     </span>
    </p>
   </div>
   <div class='ocr_carea' id='block_1_90' title="bbox 1748 5016 3295 5095">
    <p class='ocr_par' dir='ltr' id='par_1_90' title="bbox 1748 5021 3295 5095">
     <span class='ocr_line' id='line_1_90' title="bbox 1748 5021 3295 5095; baseline 0.006 -20"><span class='ocrx_word' id='word_1_611' title='bbox 1748 5021 1968 5093; x_wconf 79' lang='lat' dir='ltr'><strong>[agnum</strong></span> <span class='ocrx_word' id='word_1_612' title='bbox 1995 5032 2176 5080; x_wconf 83' lang='lat' dir='ltr'><strong>autent</strong></span> <span class='ocrx_word' id='word_1_613' title='bbox 2199 5036 2254 5080; x_wconf 91' lang='lat' dir='ltr'><strong>et</strong></span> <span class='ocrx_word' id='word_1_614' title='bbox 2290 5027 2726 5094; x_wconf 78' lang='lat' dir='ltr'><strong>superexcellens</strong></span> <span class='ocrx_word' id='word_1_615' title='bbox 2753 5038 2906 5082; x_wconf 84' lang='lat' dir='ltr'><strong>certe</strong></span> <span class='ocrx_word' id='word_1_616' title='bbox 2930 5029 3126 5095; x_wconf 89' lang='lat' dir='ltr'><strong>bonum</strong></span> <span class='ocrx_word' id='word_1_617' title='bbox 3153 5031 3295 5084; x_wconf 74' lang='lat' dir='ltr'><strong>“till-</strong></span> 
     </span>
    </p>
   </div>
   <div class='ocr_carea' id='block_1_91' title="bbox 24 5107 1626 5191">
    <p class='ocr_par' dir='ltr' id='par_1_91' title="bbox 24 5107 984 5181">
     <span class='ocr_line' id='line_1_91' title="bbox 24 5107 984 5181; baseline 0.005 -21"><span class='ocrx_word' id='word_1_618' title='bbox 24 5108 118 5161; x_wconf 81' lang='grc' dir='ltr'><strong>τοῦ</strong></span> <span class='ocrx_word' id='word_1_619' title='bbox 161 5107 311 5161; x_wconf 82' lang='grc' dir='ltr'><em>Θείου</em></span> <span class='ocrx_word' id='word_1_620' title='bbox 335 5109 430 5162; x_wconf 81' lang='grc' dir='ltr'><strong>καὶ</strong></span> <span class='ocrx_word' id='word_1_621' title='bbox 459 5108 694 5179; x_wconf 77' lang='grc' dir='ltr'>φοϐεροῦ</span> <span class='ocrx_word' id='word_1_622' title='bbox 722 5109 984 5181; x_wconf 82' lang='grc' dir='ltr'><strong>βήματος.</strong></span> 
     </span>
    </p>
   </div>
   <div class='ocr_carea' id='block_1_92' title="bbox 1748 5107 3290 5191">
    <p class='ocr_par' dir='ltr' id='par_1_92' title="bbox 1750 5116 3290 5191">
     <span class='ocr_line' id='line_1_92' title="bbox 1750 5116 3290 5191; baseline 0.006 -22"><span class='ocrx_word' id='word_1_623' title='bbox 1750 5116 1852 5169; x_wconf 90' lang='lat' dir='ltr'><strong>iam</strong></span> <span class='ocrx_word' id='word_1_624' title='bbox 1885 5118 2084 5173; x_wconf 83' lang='lat' dir='ltr'><strong>habere</strong></span> <span class='ocrx_word' id='word_1_625' title='bbox 2113 5130 2239 5174; x_wconf 85' lang='lat' dir='ltr'><strong>ante</strong></span> <span class='ocrx_word' id='word_1_626' title='bbox 2268 5121 2511 5174; x_wconf 84' lang='lat' dir='ltr'><strong>divinum</strong></span> <span class='ocrx_word' id='word_1_627' title='bbox 2542 5123 2990 5191; x_wconf 85' lang='lat' dir='ltr'><strong>tretnendutnque</strong></span> <span class='ocrx_word' id='word_1_628' title='bbox 3032 5124 3290 5179; x_wconf 88' lang='lat' dir='ltr'><strong>tribunal.</strong></span> 
     </span>
    </p>
   </div>
   <div class='ocr_carea' id='block_1_93' title="bbox 92 5196 1626 5284">
    <p class='ocr_par' dir='ltr' id='par_1_93' title="bbox 92 5196 1608 5276">
     <span class='ocr_line' id='line_1_93' title="bbox 92 5196 1608 5276; baseline 0.006 -24"><span class='ocrx_word' id='word_1_629' title='bbox 92 5196 173 5271; x_wconf 69' lang='grc' dir='ltr'><strong>⁷ῼ</strong></span> <span class='ocrx_word' id='word_1_630' title='bbox 200 5201 313 5269; x_wconf 81' lang='grc' dir='ltr'><strong>γὰρ</strong></span> <span class='ocrx_word' id='word_1_631' title='bbox 340 5201 428 5271; x_wconf 80' lang='grc' dir='ltr'><strong>μὴ</strong></span> <span class='ocrx_word' id='word_1_632' title='bbox 470 5202 724 5271; x_wconf 83' lang='grc' dir='ltr'><em>πάρεστι</em></span> <span class='ocrx_word' id='word_1_633' title='bbox 757 5203 964 5271; x_wconf 87' lang='grc' dir='ltr'>ταῦτα,</span> <span class='ocrx_word' id='word_1_634' title='bbox 998 5205 1230 5275; x_wconf 75' lang='grc' dir='ltr'><em>τυφλός</em></span> <span class='ocrx_word' id='word_1_635' title='bbox 1268 5205 1420 5272; x_wconf 81' lang='grc' dir='ltr'>ἐστι,</span> <span class='ocrx_word' id='word_1_636' title='bbox 1445 5224 1608 5276; x_wconf 86' lang='grc' dir='ltr'><em>μυω-</em></span> 
     </span>
    </p>
   </div>
   <div class='ocr_carea' id='block_1_94' title="bbox 1748 5196 3296 5284">
    <p class='ocr_par' dir='ltr' id='par_1_94' title="bbox 1788 5206 3296 5284">
     <span class='ocr_line' id='line_1_94' title="bbox 1788 5206 3296 5284; baseline 0.009 -23"><span class='ocrx_word' id='word_1_637' title='bbox 1788 5206 1952 5263; x_wconf 76' lang='lat' dir='ltr'><strong>Vens.</strong></span> <span class='ocrx_word' id='word_1_638' title='bbox 1985 5209 2039 5264; x_wconf 91' lang='lat'><strong>9.</strong></span> <span class='ocrx_word' id='word_1_639' title='bbox 2071 5210 2171 5265; x_wconf 84' lang='lat' dir='ltr'><strong>Cui</strong></span> <span class='ocrx_word' id='word_1_640' title='bbox 2203 5223 2377 5267; x_wconf 85' lang='lat' dir='ltr'><strong>autem</strong></span> <span class='ocrx_word' id='word_1_641' title='bbox 2408 5230 2512 5269; x_wconf 89' lang='lat' dir='ltr'><strong>non</strong></span> <span class='ocrx_word' id='word_1_642' title='bbox 2560 5225 2752 5284; x_wconf 71' lang='lat' dir='ltr'><strong>prtrsto</strong></span> <span class='ocrx_word' id='word_1_643' title='bbox 2799 5226 2921 5271; x_wconf 85' lang='lat' dir='ltr'><strong>sunt</strong></span> <span class='ocrx_word' id='word_1_644' title='bbox 2955 5220 3088 5284; x_wconf 72' lang='lat' dir='ltr'><strong>lucc,</strong></span> <span class='ocrx_word' id='word_1_645' title='bbox 3119 5236 3296 5275; x_wconf 68' lang='lat' dir='ltr'><strong>circus</strong></span> 
     </span>
    </p>
   </div>
   <div class='ocr_carea' id='block_1_95' title="bbox 25 5291 1626 5363">
    <p class='ocr_par' dir='ltr' id='par_1_95' title="bbox 25 5291 244 5352">
     <span class='ocr_line' id='line_1_95' title="bbox 25 5291 244 5352; baseline -0.009 -7"><span class='ocrx_word' id='word_1_646' title='bbox 25 5291 244 5352; x_wconf 78' lang='grc' dir='ltr'><em>πάζων.</em></span> 
     </span>
    </p>
   </div>
   <div class='ocr_carea' id='block_1_96' title="bbox 1748 5291 2341 5363">
    <p class='ocr_par' dir='ltr' id='par_1_96' title="bbox 1748 5313 2341 5363">
     <span class='ocr_line' id='line_1_96' title="bbox 1748 5313 2341 5363; baseline 0.008 -6"><span class='ocrx_word' id='word_1_647' title='bbox 1748 5313 1800 5357; x_wconf 85' lang='lat' dir='ltr'><strong>&#39;st</strong></span> <span class='ocrx_word' id='word_1_648' title='bbox 1829 5314 1880 5357; x_wconf 89' lang='lat' dir='ltr'><strong>et</strong></span> <span class='ocrx_word' id='word_1_649' title='bbox 1915 5322 2077 5358; x_wconf 86' lang='lat' dir='ltr'><strong>manu</strong></span> <span class='ocrx_word' id='word_1_650' title='bbox 2105 5318 2341 5363; x_wconf 88' lang='lat' dir='ltr'><strong>tentans.</strong></span> 
     </span>
    </p>
   </div>
   <div class='ocr_carea' id='block_1_97' title="bbox 94 5379 1626 5474">
    <p class='ocr_par' dir='ltr' id='par_1_97' title="bbox 94 5379 1607 5464">
     <span class='ocr_line' id='line_1_97' title="bbox 94 5379 1607 5464; baseline 0.006 -27"><span class='ocrx_word' id='word_1_651' title='bbox 94 5384 264 5438; x_wconf 82' lang='grc' dir='ltr'>Ταῦτ’</span> <span class='ocrx_word' id='word_1_652' title='bbox 296 5379 393 5440; x_wconf 65' lang='grc' dir='ltr'><strong>οὖν</strong></span> <span class='ocrx_word' id='word_1_653' title='bbox 423 5386 737 5455; x_wconf 80' lang='grc' dir='ltr'><strong>ἀκούοντες,</strong></span> <span class='ocrx_word' id='word_1_654' title='bbox 781 5388 1047 5443; x_wconf 82' lang='grc' dir='ltr'>πάντοθεν</span> <span class='ocrx_word' id='word_1_655' title='bbox 1086 5390 1318 5457; x_wconf 76' lang='grc' dir='ltr'><strong>ἑαυτοὺς</strong></span> <span class='ocrx_word' id='word_1_656' title='bbox 1352 5392 1607 5464; x_wconf 73' lang='grc' dir='ltr'><strong>τειχίζω-</strong></span> 
     </span>
    </p>
   </div>
   <div class='ocr_carea' id='block_1_98' title="bbox 1748 5379 3289 5474">
    <p class='ocr_par' dir='ltr' id='par_1_98' title="bbox 1791 5396 3289 5474">
     <span class='ocr_line' id='line_1_98' title="bbox 1791 5396 3289 5474; baseline 0.01 -25"><span class='ocrx_word' id='word_1_657' title='bbox 1791 5396 1915 5452; x_wconf 75' lang='lat' dir='ltr'><strong>lIa-c</strong></span> <span class='ocrx_word' id='word_1_658' title='bbox 1946 5414 2075 5468; x_wconf 70' lang='lat' dir='ltr'><strong>ergo</strong></span> <span class='ocrx_word' id='word_1_659' title='bbox 2097 5400 2402 5467; x_wconf 82' lang='lat' dir='ltr'><strong>audientes,</strong></span> <span class='ocrx_word' id='word_1_660' title='bbox 2430 5403 2656 5460; x_wconf 91' lang='lat' dir='ltr'><strong>omnino</strong></span> <span class='ocrx_word' id='word_1_661' title='bbox 2682 5403 3057 5463; x_wconf 75' lang='lat' dir='ltr'><strong>confortemnr</strong></span> <span class='ocrx_word' id='word_1_662' title='bbox 3081 5422 3199 5474; x_wconf 86' lang='lat' dir='ltr'><strong>nos,</strong></span> <span class='ocrx_word' id='word_1_663' title='bbox 3233 5417 3289 5464; x_wconf 91' lang='lat' dir='ltr'><strong>et</strong></span> 
     </span>
    </p>
   </div>
   <div class='ocr_carea' id='block_1_99' title="bbox 28 5479 1626 5573">
    <p class='ocr_par' dir='ltr' id='par_1_99' title="bbox 28 5479 1605 5554">
     <span class='ocr_line' id='line_1_99' title="bbox 28 5479 1605 5554; baseline 0.007 -24"><span class='ocrx_word' id='word_1_664' title='bbox 28 5493 127 5547; x_wconf 85' lang='grc' dir='ltr'><em>μεν</em></span> <span class='ocrx_word' id='word_1_665' title='bbox 157 5479 203 5509; x_wconf 86' lang='grc'><strong>⁸⁸</strong></span> <span class='ocrx_word' id='word_1_666' title='bbox 230 5479 323 5532; x_wconf 77' lang='grc' dir='ltr'><strong>καὶ</strong></span> <span class='ocrx_word' id='word_1_667' title='bbox 356 5479 717 5551; x_wconf 79' lang='grc' dir='ltr'><em>προσέχωμεν</em></span> <span class='ocrx_word' id='word_1_668' title='bbox 732 5483 844 5545; x_wconf 77' lang='grc' dir='ltr'>τοίς</span> <span class='ocrx_word' id='word_1_669' title='bbox 869 5481 1205 5554; x_wconf 83' lang='grc' dir='ltr'>λεγομένοις,</span> <span class='ocrx_word' id='word_1_670' title='bbox 1243 5485 1341 5540; x_wconf 74' lang='grc' dir='ltr'><strong>καὶ</strong></span> <span class='ocrx_word' id='word_1_671' title='bbox 1375 5487 1605 5552; x_wconf 84' lang='grc' dir='ltr'><strong>ἑαυτοὺς</strong></span> 
     </span>
    </p>
   </div>
   <div class='ocr_carea' id='block_1_100' title="bbox 1748 5479 3291 5573">
    <p class='ocr_par' dir='ltr' id='par_1_100' title="bbox 1751 5486 3291 5573">
     <span class='ocr_line' id='line_1_100' title="bbox 1751 5486 3291 5573; baseline 0.011 -32"><span class='ocrx_word' id='word_1_672' title='bbox 1751 5486 2092 5545; x_wconf 71' lang='lat' dir='ltr'><strong>dbmreamus</strong></span> <span class='ocrx_word' id='word_1_673' title='bbox 2132 5492 2310 5558; x_wconf 86' lang='lat' dir='ltr'><strong>dictis,</strong></span> <span class='ocrx_word' id='word_1_674' title='bbox 2346 5505 2401 5549; x_wconf 90' lang='lat' dir='ltr'><strong>et</strong></span> <span class='ocrx_word' id='word_1_675' title='bbox 2433 5510 2534 5552; x_wconf 90' lang='lat' dir='ltr'><strong>nos</strong></span> <span class='ocrx_word' id='word_1_676' title='bbox 2571 5496 2717 5568; x_wconf 89' lang='lat' dir='ltr'><strong>ipsos</strong></span> <span class='ocrx_word' id='word_1_677' title='bbox 2745 5512 2776 5554; x_wconf 90' lang='lat' dir='ltr'><strong>a</strong></span> <span class='ocrx_word' id='word_1_678' title='bbox 2810 5500 3094 5557; x_wconf 84' lang='lat' dir='ltr'><strong>mundanis</strong></span> <span class='ocrx_word' id='word_1_679' title='bbox 3128 5500 3291 5573; x_wconf 86' lang='lat' dir='ltr'><strong>puri-</strong></span> 
     </span>
    </p>
   </div>
   <div class='ocr_carea' id='block_1_101' title="bbox 93 5655 1150 5725">
    <p class='ocr_par' dir='ltr' id='par_1_101' title="bbox 93 5655 1150 5725">
     <span class='ocr_line' id='line_1_101' title="bbox 93 5655 1150 5725; baseline 0.007 -16"><span class='ocrx_word' id='word_1_680' title='bbox 93 5655 141 5687; x_wconf 83' lang='lat'><strong>”</strong></span> <span class='ocrx_word' id='word_1_681' title='bbox 176 5655 316 5711; x_wconf 85' lang='lat' dir='ltr'><strong>ch.</strong></span> <span class='ocrx_word' id='word_1_682' title='bbox 347 5672 405 5721; x_wconf 72' lang='grc' dir='ltr'>ι,</span> <span class='ocrx_word' id='word_1_683' title='bbox 447 5658 537 5714; x_wconf 78' lang='grc'><strong>51.</strong></span> <span class='ocrx_word' id='word_1_684' title='bbox 616 5657 662 5691; x_wconf 72' lang='grc'><strong>’⁸</strong></span> <span class='ocrx_word' id='word_1_685' title='bbox 699 5658 857 5716; x_wconf 79' lang='lat' dir='ltr'><strong>Joan.</strong></span> <span class='ocrx_word' id='word_1_686' title='bbox 894 5678 1005 5725; x_wconf 68' lang='lat' dir='ltr'><strong>xiv.</strong></span> <span class='ocrx_word' id='word_1_687' title='bbox 1057 5662 1150 5718; x_wconf 74' lang='lat'><strong>27.</strong></span> 
     </span>
    </p>
   </div>
   <div class='ocr_carea' id='block_1_102' title="bbox 106 5806 2393 5904">
    <p class='ocr_par' dir='ltr' id='par_1_102' title="bbox 106 5806 2393 5904">
     <span class='ocr_line' id='line_1_102' title="bbox 106 5806 2393 5904; baseline 0.009 -36"><span class='ocrx_word' id='word_1_688' title='bbox 106 5814 155 5846; x_wconf 70' lang='grc'><strong>⁸³</strong></span> <span class='ocrx_word' id='word_1_689' title='bbox 177 5814 237 5870; x_wconf 87' lang='lat' dir='ltr'><strong>C.</strong></span> <span class='ocrx_word' id='word_1_690' title='bbox 263 5812 328 5871; x_wconf 88' lang='lat' dir='ltr'><strong>C.</strong></span> <span class='ocrx_word' id='word_1_691' title='bbox 352 5830 404 5869; x_wconf 83' lang='grc' dir='ltr'><strong>τι</strong></span> <span class='ocrx_word' id='word_1_692' title='bbox 434 5814 760 5888; x_wconf 77' lang='grc' dir='ltr'><em>σύμϐουλον.</em></span> <span class='ocrx_word' id='word_1_693' title='bbox 858 5818 907 5851; x_wconf 68' lang='grc'><strong>⁸⁵</strong></span> <span class='ocrx_word' id='word_1_694' title='bbox 927 5818 989 5875; x_wconf 89' lang='lat' dir='ltr'><strong>C.</strong></span> <span class='ocrx_word' id='word_1_695' title='bbox 1030 5819 1338 5893; x_wconf 72' lang='grc' dir='ltr'><strong>0.).ἐγεται.</strong></span> <span class='ocrx_word' id='word_1_696' title='bbox 1412 5825 1457 5860; x_wconf 77' lang='grc'>⁸³</span> <span class='ocrx_word' id='word_1_697' title='bbox 1491 5825 1554 5882; x_wconf 89' lang='lat' dir='ltr'><strong>C.</strong></span> <span class='ocrx_word' id='word_1_698' title='bbox 1585 5824 1647 5882; x_wconf 89' lang='lat' dir='ltr'><strong>C.</strong></span> <span class='ocrx_word' id='word_1_699' title='bbox 1678 5806 1989 5901; x_wconf 77' lang='grc' dir='ltr'>τειχιζομεν</span> <span class='ocrx_word' id='word_1_700' title='bbox 2023 5829 2393 5904; x_wconf 80' lang='grc' dir='ltr'><em>προσέχομεν.</em></span> 
     </span>
    </p>
   </div>
  </div>
