3854 6446
488 359 633 420 1059

1217 346 1782 408 SUPPLEMENTUM
1825 345 1916 400 AD
1957 346 2016 402 S.
2057 345 2110 402 «Ι.
2149 344 2650 404 CHRYSOSTOMI
2691 345 2950 404 OPERA.

489 488 752 549 licentius;
786 479 836 535 si
869 477 1012 532 cnim
1069 474 1186 530 haec
1221 473 1550 533 fecerimus,
1602 470 1700 524 ista
1757 479 1936 522 autem
1985 481 2077 522 ne-

2226 469 2470 538 ικαθάρω
2479 486 2578 538 μεν
2599 469 2708 522 τῶν
2727 468 3020 539 βιωτικῶν.
3041 471 3140 524 Ἂν
3157 469 3212 523 δὲ
3230 473 3296 523 τά
3317 474 3420 542 μὲν
3446 473 3743 549 ποιῶμεν
3767 477 3846 540 ⁸⁸,

491 575 844 644 glexerimus,
878 571 1012 624 nihil
1037 570 1142 622 erit
1167 567 1322 620 nobis
1353 563 1608 632 amplius,
1639 571 1693 618 et
1723 562 1768 617 si
1800 577 1904 616 non
1933 561 2075 628 istis,

492 668 601 722 illis
629 664 818 719 saltem
849 662 1110 732 perimus.
1145 657 1284 724 Quid
1314 671 1441 710 vero
1478 655 1701 708 interest
1728 653 1772 707 si
1803 668 1907 706 non
1937 652 2078 706 divi-

493 761 584 814 tiis
613 759 703 813 sed
733 756 967 818 luxuria,
1019 768 1126 806 non
1162 750 1392 804 luxuriis
1427 749 1523 802 sed
1572 746 1784 815 ignavia
1831 763 2081 801 corrum-

493 850 722 922 pimur?
752 847 1031 918 Siquidem
1066 853 1121 900 et
1153 842 1392 912 agricola
1416 856 1744 910 quocunque
1773 842 1930 894 modo
1957 855 2081 908 per-

495 943 691 998 diderit
717 947 1041 1003 sementem,
1070 935 1359 1006 aequaliter
1388 934 1574 1004 gemit.

1154 1134 1308 1190 CAP.
1346 1134 1414 1189 ll.

566 1257 732 1315 Vsus.
761 1257 814 1311 6.
849 1253 917 1308 Et
965 1254 1202 1308 civitates
1243 1251 1593 1306 Sodomorum
1635 1261 1680 1303 et
1713 1247 2084 1303 Contorrhtro-
2124 1270 2128 1273 ·

500 1367 616 1405 rum
646 1351 701 1401 in
729 1348 951 1402 cinerem
986 1345 1251 1412 redigcns,
1285 1343 1552 1395 eversione
1586 1339 1879 1406 damnavit,
1912 1356 2086 1393 exem-

499 1445 643 1514 plum
673 1459 852 1495 eorum
883 1441 972 1507 qui
999 1439 1158 1505 impie
1186 1436 1359 1488 acturi
1394 1445 1514 1488 sunt
1545 1451 1764 1502 ponens.

572 1531 739 1586 Visne
791 1531 1002 1582 discere
1051 1526 1336 1594 cuiusnam
1381 1540 1542 1578 causa
1597 1523 1760 1577 fuerit
1808 1538 1905 1577 cur
1970 1525 2084 1579 lucc

504 1634 633 1678 tunc
663 1625 801 1677 facta
832 1620 985 1675 sint?
1016 1619 1248 1687 Propter
1271 1625 1557 1687 peccatum
1593 1627 1750 1684 turpe
1779 1618 1996 1685 quidem
2031 1626 2084 1671 et

501 1717 920 1770 exsecrandum.
947 1713 1000 1766 ln
1029 1727 1224 1779 pueros
1251 1709 1511 1764 effrenata
1545 1711 1940 1778 concupiebant
1966 1709 2085 1763 libi-

2181 561 2247 615 τᾶ
2267 563 2322 615 δὲ
2343 562 2657 632 άμελῶμεν,
2699 564 2854 617 οὐδὲν
2877 565 3006 635 ἡμῖν
3031 564 3184 618 ἔσται
3209 568 3381 620 πλέον
3404 586 3418 598 °
3451 569 3525 623 ἂν
3562 574 3704 642 γὰρ
3821 592 3836 638 j

2179 653 2374 716 οὕτως,
2402 654 2518 706 ἀλλ’
2545 655 2771 719 ἐκείνως
2801 657 3180 726 ἀπολλύμεθα.
3203 660 3269 712 Τί
3294 661 3407 728 γὰρ
3430 661 3736 734 διαφέρει
3769 666 3838 714 Ξν

2185 747 2259 816 μὴ
2293 747 2381 799 διὰ
2406 747 2666 813 πλούτου,
2697 748 2832 802 ἀλλὰ
2851 749 2938 802 διὰ
2970 751 3258 820 ῥᾳθυμίας,
3290 753 3358 806 ἂν
3383 753 3462 825 μὴ
3487 755 3583 807 διὰ
3619 756 3844 826 ρᾳῦιρ

2185 835 2335 906 μίας,
2365 835 2479 888 ἁλλ’
2502 837 2824 908 ἁνανδρείας
2850 839 3403 910 διαφθαρῶμενςὲπεὶ
3432 845 3538 897 καὶ
3562 845 3590 895 ὁ
3611 863 3840 914 γεωρ-

2180 928 2298 992 γὸς,
2334 927 2399 982 ἄν
2429 946 2490 982 τε
2517 929 2692 994 οὕτως
2716 932 2782 985 ἄν
2811 949 2868 984 τε
2906 934 3133 996 ἐκείνως
3153 935 3400 1007 ἀπολέσῃ
3423 937 3524 989 τὸν
3561 940 3838 1007 σπόρον.

2181 1020 2386 1089 ὁμοίως
2408 1021 2614 1076 πενθεῖ.

2791 1136 3047 1191 ΚΕΦΑΛ.
3089 1137 3163 1192 B'.

2255 1250 2365 1303 Kal
2394 1249 2606 1316 πόλεις
2645 1251 2930 1320 Σοδόμων
2979 1253 3077 1306 καὶ
3111 1253 3428 1323 Γομόῤῥας
3463 1255 3831 1323 τεφρώσας

2185 1341 2576 1411 καταστροφῇ
2611 1343 2985 1412 νατέκρινεν,
3039 1345 3377 1415 ὑπόδειγμα
3418 1349 3828 1417 μελλόντων

2184 1433 2426 1486 ἀσεϐεῖν
2449 1433 2741 1499 τεθεικώς.

2256 1524 2446 1577 Βούλει
2477 1524 2575 1595 τὴν
2616 1527 2798 1579 αἰτίαν
2845 1527 3038 1597 μαθεῖν
3086 1528 3154 1581 δι’
3189 1529 3256 1599 ἢν
3292 1529 3420 1582 τότε
3448 1529 3647 1583 ταῦτα
3693 1534 3828 1595 ἐτέ-

2185 1634 2335 1682 νετο;
2367 1616 2424 1670 ἓν
2465 1611 2534 1686 ἦν
2573 1617 2882 1688 ἁμάρτημα
2935 1620 3032 1688 μὲν
3066 1620 3301 1690 χαλεπὸν
3336 1622 3436 1674 καὶ
3466 1623 3819 1692 ἐπάρατον-

2188 1711 2329 1780 πλὴν
2349 1710 2462 1764 ἀλλ’
2486 1712 2542 1762 ἐν
2567 1711 2752 1764 παισὶν
2781 1713 3111 1781 ὲπεμὲνοντο
3134 1715 3184 1766 οἱ
3210 1713 3329 1766 τότε
3346 1731 3361 1744 ·
3387 1713 3490 1766 καὶ
3515 1713 3608 1766 διὰ
3635 1714 3822 1765 τοῦτι

504 1809 628 1863 dine
661 1809 908 1861 homines
935 1807 987 1860 bi
1013 1805 1244 1875 antiqui,
1277 1813 1332 1858 et
1359 1812 1580 1873 propter
1612 1804 1713 1856 hoc
1740 1802 1898 1855 talem
1925 1803 2086 1856 dede-

2226 1801 2396 1872 αύτην
2427 1802 2616 1854 ἔδοσαν
2637 1802 2736 1873 τὴν
2769 1802 2948 1874 δίκην.

507 1911 637 1956 runt
668 1914 907 1969 pmnam.

578 1993 741 2047 Vsus.
776 1991 857 2044 l6.
886 1990 1279 2056 Correptionem
1311 1988 1494 2041 habuit
1523 2003 1634 2040 siue
1663 1988 1910 2041 vesanite.
1948 1985 2086 2040 Sub-

495 2085 686 2156 jugale
718 2094 919 2136 mutum
954 2083 1158 2136 auintal
1204 2082 1432 2134 hominis
1486 2097 1606 2134 voce
1636 2080 1874 2148 loquens,
1907 2079 2086 2148 prohi-

509 2179 618 2232 buit
649 2177 916 2242 propheta:
953 2176 1341 2244 insipientiam.
1848 2158 1862 2166 ’

582 2269 640 2323 Si
677 2271 729 2322 in
758 2269 966 2321 asinum
999 2275 1220 2334 operata
1253 2275 1336 2320 est
1365 2265 1459 2318 Dei
1499 2265 1697 2333 gratia,
1726 2275 1781 2318 et
1806 2266 1858 2319 in
1888 2280 2083 2318 vanum

510 2369 732 2431 propter
760 2360 1113 2413 directionem
1139 2368 1196 2412 et
1229 2356 1598 2412 lsraelitarum
1633 2358 1939 2419 utilitatem,
1975 2358 2087 2410 evi-

511 2448 826 2502 dentissime
849 2448 974 2500 etin
1005 2447 1163 2500 nobis
1193 2447 1407 2515 operari
1436 2456 1714 2516 poposcet,
1745 2457 1800 2500 et
1829 2448 1932 2501 hoc
1959 2449 2084 2517 qui-

511 2540 635 2596 dem
665 2540 958 2596 sustinebit
990 2550 1214 2610 propter
1250 2555 1369 2595 nos.

2269 1985 2547 2054 Ἕλεγξιν
2575 1985 2642 2038 δὲ
2673 1986 2860 2055 ἔσχεν
2893 1987 3048 2054 ἰδίας
3091 1990 3471 2058 παρανομίας
3494 2006 3510 2017 ·
3571 1991 3816 2051 iacui:-

2193 2097 2325 2148 γιον
2357 2079 2618 2148 ἄφωνον,
2659 2080 2730 2132 ἐν
2773 2078 3088 2149 ἀνθρώπου
3124 2080 3293 2150 φωνῇ
3329 2083 3811 2152 φθεγξάμειΐν,

2191 2171 2465 2226 ἐκώλυσε
2489 2172 2602 2240 τὴν
2626 2173 2733 2226 τοῦ
2761 2172 3074 2242 προφήτου
3103 2177 3563 2244 παραφρονίαν.

2261 2267 2323 2319 Ei
2356 2268 2435 2330 sic;
2487 2265 2607 2320 δνον
2654 2268 2929 2338 ἐνήργησε
2960 2268 3004 2298 ⁸⁷
3054 2270 3146 2321 καὶ
3187 2270 3266 2332 εἰς
3308 2271 3497 2339 μάτην
3538 2271 3589 2302 ss
3623 2273 3664 2342 ἡ
3715 2273 3811 2324 τες

2193 2356 2331 2409 Θεοῦ
2353 2358 2537 2428 χάρις,
2573 2357 2642 2409 δι’
2677 2358 2993 2429 οἰκονομίαν
3028 2361 3124 2412 καὶ
3154 2360 3252 2430 την
3274 2360 3383 2412 τῶν
3425 2364 3812 2433 ἰσραηὶιτῷτ

2193 2449 2482 2518 ὠφέλειαν,
2525 2449 2749 2518 εὒδηλον
2799 2451 2878 2503 ὅτι
2940 2452 2984 2482 ⁶⁹
3031 2452 3110 2514 εἰς
3160 2454 3308 2521 ἡμᾶς
3375 2459 3814 2525 παραιτήσεται

2203 2544 2470 2613 ὲνεργεῖν,
2507 2544 2620 2597 ἁλλ’
2654 2543 2906 2610 ἀνέξεται
2931 2545 3028 2599 καὶ
3049 2546 3204 2599 τοῦτο
3225 2545 3290 2598 δι’
3318 2548 3468 2616 ἡμᾶς
3503 2548 3585 2602 ⁷⁸.

1021 2881 1691 2972 ΙΝ-ΡΒΙΜΑΜ
1770 2882 1864 2972 S.
1946 2883 2088 2975 J0

2226 2886 2463 2976 lNIS
2532 2885 3250 2985 EPISTOLAM.

1157 3073 1306 3130 CAP.
1347 3073 1436 3128 Ill.

588 3194 758 3250 Vens.
789 3191 845 3247 8.
878 3189 981 3255 Qui
1027 3189 1154 3259 facit
1196 3200 1465 3256 peccatum
1498 3205 1562 3243 ea:
1586 3189 1796 3243 diabolo
1830 3199 1928 3254 est,
1960 3205 2095 3259 quo-

520 3289 663 3341 niam
717 3286 780 3338 ab
835 3285 984 3337 initio
1039 3280 1284 3334 diabolus
1327 3292 1528 3348 peccat.
1584 3279 1651 3334 In
1698 3282 1797 3335 hoc
1847 3282 2103 3351 apparuit

519 3377 696 3433 Filius
733 3376 849 3444 Dei,
879 3384 936 3429 ut
965 3375 1215 3429 dissolvat
1241 3389 1398 3443 opera
1425 3372 1642 3428 diaboli.

591 3572 668 3627 Ex
702 3585 806 3640 quo
833 3571 1040 3639 primus
1068 3566 1309 3620 omnium
1343 3565 1396 3619 in
1430 3564 1629 3618 malum
1661 3577 1962 3618 conversus
1993 3563 2100 3617 dia-
2127 3559 2172 3620 C

519 3664 700 3729 holus,
750 3665 802 3718 in
845 3672 1123 3732 peccatum
1173 3658 1348 3712 factus
1396 3667 1502 3721 est,
1565 3655 1736 3723 ipsius
1779 3670 1913 3722 opus
1972 3654 2101 3706 facit

521 3761 700 3816 omnis
733 3759 822 3828 qui
858 3765 1148 3825 peccanter
1182 3753 1314 3822 agit.
1347 3749 1542 3820 lncipit
1577 3749 1721 3804 enim
1764 3749 1877 3816 ipse
1911 3747 2102 3801 diabo-

522 3850 606 3904 lus
639 3849 692 3902 in
723 3854 1030 3917 peccantem
1069 3858 1164 3912 per
1195 3842 1456 3894 malarum
1511 3839 1898 3907 cogitationum
1931 3838 2099 3892 abun-

523 3941 788 4000 dantiam.
823 3939 963 3991 sicut
995 3946 1050 3988 et
1079 3935 1130 3986 in
1159 3931 1323 3987 Juda.
1378 3932 1530 3987 Dicet
1581 3941 1763 3986 autem
1797 3931 1918 3999 quis
1961 3930 2102 4000 quod

525 4033 770 4087 nascitur
817 4030 870 4082 in
899 4025 1244 4096 peccantibus
1272 4024 1544 4090 diabolus,
1572 4039 1694 4078 cum
1732 4023 1822 4077 ille
1855 4022 1944 4092 qui
1977 4037 2104 4090 pec-

527 4123 672 4177 cavit
696 4121 843 4173 dedit
865 4119 914 4173 ei
949 4118 1146 4171 locum.
1173 4115 1278 4170 Sed
1301 4117 1366 4168 ad
1397 4117 1510 4169 lucc
1537 4115 1696 4168 verba
1728 4130 1743 4168 :
1776 4115 1909 4167 dare
1932 4113 2105 4166 locum

525 4211 742 4270 diabolo
778 4212 844 4276 ",
882 4209 1291 4278 intelligendum
1327 4214 1410 4260 est
1451 4206 1630 4260 facere
1661 4204 2024 4274 iniquitatem,
2053 4211 2108 4257 et

527 4321 635 4361 non
671 4316 947 4373 peccasse.
985 4300 1085 4354 Dat
1122 4299 1268 4354 enim
1306 4298 1381 4352 illi
1415 4297 1590 4352 locum
1624 4295 1738 4365 qui,
1765 4295 2108 4364 passionibus

527 4393 842 4464 compulsus
873 4391 938 4445 ad
978 4389 1128 4444 illum
1156 4389 1551 4457 recipiendum,
1585 4395 1871 4455 peccatum
1894 4401 1990 4455 per
2017 4399 2111 4438 ac-

531 4498 618 4541 tus
645 4500 772 4541 suos
795 4491 1158 4539 consummat.
1183 4479 1336 4536 Unde
1366 4482 1503 4544 bene
1527 4481 1730 4534 dicitur
1765 4479 1854 4547 qui
1881 4476 2032 4541 facit,
2058 4486 2113 4531 et

530 4593 638 4634 non
668 4579 758 4647 qui
792 4577 938 4631 fecit.
966 4575 1066 4642 Qui
1095 4575 1240 4628 enim
1265 4574 1585 4644 paenitentia
1620 4579 1832 4628 tenetur
1857 4585 1966 4624 non
1999 4569 2110 4637 jam

529 4680 615 4728 est
642 4685 706 4725 ex
727 4669 963 4732 diabolo,
990 4669 1083 4724 sed
1115 4669 1287 4723 solum
1313 4668 1405 4736 qui
1435 4667 1611 4721 adhuc
1641 4673 1898 4736 operatur
1925 4677 2116 4732 pecca-

533 4775 670 4822 tum.
701 4762 764 4816 Et
794 4764 872 4818 sic
899 4764 1077 4816 adhuc
1103 4776 1234 4832 ergo
1269 4761 1475 4829 peccati
1524 4774 1716 4814 servus
1745 4767 1828 4813 est
1858 4758 1951 4826 qui
1983 4755 2114 4810 facit

530 4867 585 4911 et
617 4872 723 4910 non
753 4855 844 4924 qui
880 4854 1007 4908 fecit
1038 4853 1191 4919 illud,
1224 4853 1327 4906 hoc
1357 4854 1516 4906 modo
1541 4853 1758 4906 dicente
1789 4851 2067 4920 Scriptura
2097 4867 2109 4902 :

535 4947 640 5014 Qui
667 4946 798 5016 facit
829 4955 1098 5014 peccatum
1128 4959 1307 4997 servus
1342 4953 1417 4997 est
1450 4944 1649 5011 peccati
1675 4942 1743 4995 ".

606 5132 774 5186 Vnus.
806 5129 893 5184 i7.
926 5129 1028 5194 Qui
1074 5126 1314 5182 habuerit
1338 5126 1688 5182 substantiam
1719 5126 1878 5194 hujus
1905 5125 2110 5191 mundi,

537 5235 582 5280 et
613 5224 798 5280 viderit
829 5223 1048 5291 fratrem
1073 5237 1228 5275 suum
1261 5221 1615 5275 necessitatem
1653 5220 1863 5281 habere.
1890 5229 1936 5273 et
1964 5219 2114 5273 clau-

538 5317 662 5370 serit
699 5317 895 5369 viscera
925 5330 1022 5368 sua
1056 5313 1120 5366 ab
1150 5329 1231 5379 eo,
1258 5313 1522 5383 quomodo
1552 5313 1783 5367 cltaritas
1817 5311 1910 5367 Dei
1941 5320 2113 5366 manet

541 5409 595 5462 in
624 5409 724 5463 eo?

612 5566 658 5598 ”
700 5564 899 5633 Ephes.
937 5581 1012 5634 tv,
1051 5565 1142 5622 27.
1220 5567 1265 5599 “
1301 5564 1461 5622 Joan.
1503 5583 1540 5632 ι,
1576 5566 1665 5622 54.

611 5722 656 5796 ’ἦ
679 5722 743 5780 C.
770 5721 832 5780 C.
895 5723 1227 5796 ποιοῦμεν...
1288 5723 1618 5796 ἁμελοῦμιν.
1696 5723 1739 5756 ⁸⁷
1771 5721 1836 5778 C.
1859 5721 1922 5778 C.
1951 5722 2008 5778 ἐν
2032 5719 2324 5792 ἐνήργησε.
2400 5717 2445 5751 ⁸⁸
2473 5717 2536 5774 C.
2563 5716 2624 5775 C.
2659 5715 2874 5789 μάντιν.
2952 5717 2996 5749 ⁶⁹
3025 5716 3087 5771 C.
3113 5716 3173 5772 (Ξ.
3204 5714 3286 5768 ὅτι
3311 5713 3458 5768 οὐδὲ.

541 5792 707 5866 ὑμᾶς.

2814 3078 3065 3133 ΚΕΦᾹΛ.
3107 3078 3180 3133 Γ’.

2275 3187 2339 3242 '0
2365 3188 2554 3243 ποιῶν
2575 3189 2688 3258 τὴν
2716 3190 3010 3260 ἁμαρτίαν
3036 3193 3105 3245 ἐκ
3131 3193 3238 3248 τοῦ
3257 3193 3564 3251 διαϐόλου
3597 3199 3798 3253 ἐστίν·

2201 3282 2290 3336 ὅτι
2322 3283 2423 3337 ἀπ’
2454 3282 2648 3352 ἀρχῆς
2682 3286 2716 3337 ὁ
2757 3283 3038 3351 διάϐολος
3083 3285 3408 3354 ἁμαρτάνει
3436 3307 3452 3320 ’
3497 3296 3602 3359 εἰς
3630 3295 3796 3348 τοί-τε

2200 3375 2541 3445 ἐφανερώθη
2596 3381 2629 3431 ό
2675 3379 2807 3446 Υἱὸς
2853 3381 2958 3434 τοῦ
2991 3381 3160 3446 Θεοῦ,
3195 3383 3296 3436 ἵνα
3332 3386 3509 3456 λύσῃ
3560 3392 3641 3443 τὰ
3664 3392 3799 3459 ἐρςυ

2200 3469 2309 3523 τοῦ
2339 3468 2646 3524 διαϐόλου.

2284 3562 2545 3632 Ἐπείπερ
2594 3563 2699 3633 πρὸ
2727 3563 2945 3618 πάντων
2997 3566 3231 3634 τραπεὶς
3259 3568 3287 3620 ὁ
3314 3565 3582 3634 διάϐολος
3622 3573 3679 3623 ὲν
3732 3574 3797 3641 ts}

2204 3654 2541 3724 ἁμαρτάνειν
2580 3654 2824 3724 γέγονεν,
2877 3655 2939 3721 ἐξ
2993 3658 3155 3711 αὑτοῦ
3207 3661 3554 3730 χρηματίζει
3623 3666 3733 3726 πᾶς
3774 3668 3794 3716 ἑ

2204 3746 2596 3817 ἁμαρτητικῶς
2627 3749 2888 3816 ἐνεργῶν.
2910 3750 3253 3821 Προάρχεται
3274 3752 3382 3821 γὰρ
3407 3752 3471 3804 ὲν
3499 3753 3588 3826 τῷ
3621 3755 3794 3825 ipa?-

2203 3840 2413 3892 τάνοντι
2453 3840 2521 3892 δι’
2557 3841 2868 3914 ὑπερϐολὴν
2934 3844 3188 3915 πονηρῶν
3231 3843 3548 3916 λογισμῶν,
3591 3849 3671 3912 ὡς

2204 3933 2300 3987 τοῦ
2346 3933 2539 3988 Ἰούδα.
2583 3935 2726 3988 Ἀλλ’
2761 3937 2877 4008 ὲρεϊ
2919 3953 3002 4000 τις
3040 3937 3122 3991 ὅτι
3155 3938 3428 4006 γίνεταιὸ
3457 3941 3722 4005 διάϐολος
3748 3945 3794 3995 ἐν

2205 4028 2317 4088 τοῖς
2347 4026 2721 4098 ἁμαρτάνουσι
2773 4026 2885 4080 τῶν
2923 4027 3030 4098 πρὸ
3082 4028 3248 4082 αὑτοῦ
3294 4031 3718 4102 ἡμαρτηκότων
3747 4036 3795 4085 ὲν

2206 4121 2284 4193 τῷ
2303 4122 2505 4175 διδόναι
2535 4122 2684 4193 αὑτῷ
2721 4123 2905 4176 τόπον.
2943 4123 3083 4193 Πρὸς
3111 4123 3140 4176 ὃ
3169 4122 3385 4176 λεκτέον
3409 4125 3620 4179 ταυτὸν
3664 4123 3795 4178 εἶναι

2207 4213 2270 4266 τὸ
2301 4217 2477 4267 ποιεῖν
2508 4214 2606 4284 τὴν
2639 4214 2911 4285 ἁμαρτίαν
2943 4213 3020 4284 τῷ
3057 4215 3417 4284 ἁμαρτάνειν,
3455 4218 3514 4270 ἐν
3551 4219 3636 4288 τῷ
3662 4219 3794 4271 6:645-

2209 4321 2298 4357 ναι
2325 4303 2492 4356 τόπον
2518 4303 2595 4373 τῷ
2621 4304 2880 4374 διαϐόλῳ.
2924 4304 3122 4357 Δίδωσι
3152 4305 3260 4376 γὰρ
3286 4306 3439 4377 αὐτῷ
3469 4309 3646 4361 τόπον
3677 4313 3792 4360 ἐπι-

2211 4392 2382 4465 θυμίᾳ
2403 4394 2668 4464 ὑπαχθεὶς
2696 4394 2834 4465 μετὰ
2857 4395 2917 4447 τὸ
2943 4395 3199 4462 δέξασθαι
3231 4397 3394 4450 αὐτόν
3423 4415 3437 4429 ⁸
3467 4401 3790 4469 πρακτικῶς

2211 4487 2475 4540 ἐπιτελῶν
2540 4489 2639 4557 τὴν
2699 4488 2998 4558 ἁμαρτίαν.
3050 4487 3221 4542 Τοῦτο
3267 4490 3374 4560 γάρ
3434 4495 3699 4562 σημαίνει
3736 4511 3788 4545 το

2213 4582 2385 4633 ποιεῖν
2419 4579 2624 4648 αὐτήν
2677 4575 2736 4632 εὖ
2764 4579 2821 4632 δὲ
2854 4581 2948 4633 καὶ
2985 4580 3046 4633 τὸ
3084 4583 3280 4647 εἰπεῖν,
3316 4583 3513 4644 ποιῶν.
3562 4586 3682 4638 ἀλλ’
3709 4589 3786 4646 σὺ,

2215 4672 2483 4741 ποιήσας*
2518 4669 2613 4724 τοῦ
2668 4673 3104 4742 μετανοήσαντας
3149 4674 3335 4727 οὐκέτι
3385 4675 3542 4739 ὄντος
3588 4679 3655 4730 ἐκ
3701 4679 3786 4728 τςί

2213 4760 2489 4826 διαϐόλου,
2531 4762 2668 4816 ἀλλὰ
2720 4763 2882 4832 μόνον
2924 4761 3018 4817 τοῦ
3073 4764 3424 4832 ἐνεργοῦντος
3480 4767 3656 4837 αὐτὴν
3694 4768 3786 4818 ἔτι.

2217 4853 2375 4908 Οὕτω
2425 4855 2536 4924 γὰρ
2563 4855 2658 4907 καὶ
2692 4854 2792 4923 τῆς
2827 4855 3105 4925 ἁμαρτίας
3132 4855 3319 4920 δοῦλός
3364 4859 3518 4911 ἐστιν
3543 4860 3574 4911 ὁ
3604 4860 3785 4921 ποιῶν,

2219 4947 2332 5000 ἀλλ’
2363 4947 2459 5016 οὐχ
2497 4947 2525 4999 ὁ
2565 4947 2792 5017 ποιήσας
2821 4948 3010 5020 αὑτήν.
3044 4947 3168 5011 Πῶς
3197 4948 3327 5018 γὰρ,
3376 4947 3430 5000 Ὁ
3462 4950 3658 5003 ποιῶν
3687 4955 3789 5015 rip-

2218 5040 2530 5110 ἁμαρτίαν,
2562 5040 2720 5110 φησὶ,
2753 5039 2975 5105 δοῦλος
3006 5038 3196 5107 αὐτῆς
3222 5041 3426 5104 sectr;

2295 5134 2398 5198 ’ος
2423 5132 2474 5185 δ’
2497 5132 2574 5186 ἂν
2601 5133 2713 5201 ἔχῃ
2739 5133 2848 5186 τὸν
2873 5133 3021 5196 ,βίον
3047 5132 3155 5186 τοῦ
3174 5134 3430 5202 κόσμου,
3463 5132 3569 5186 καὶ
3593 5132 3782 5200 θεωρεῖ

2217 5224 2326 5278 τὸν
2371 5225 2640 5293 ἀδελφὸν
2683 5224 2871 5280 αὑτοῦ
2904 5225 3115 5294 χρείαν
3151 5225 3389 5294 ἔχοντα,
3447 5226 3547 5280 καὶ
3578 5227 3783 5288 κλείσῃ

2224 5319 2294 5371 τὰ
2348 5318 2676 5386 σπλάγχνα
2723 5317 2934 5384 αὐτοῦ,
2970 5315 3098 5384 πῶς
3134 5319 3172 5387 ἠ
3231 5318 3430 5388 ἀγάπη
3484 5318 3595 5373 τοῦ
3652 5316 3782 5374 Θεοῦ

2212 5407 2381 5477 μένει
2414 5408 2485 5463 ἐν
2517 5406 2711 5473 abaci);

3552 5715 3598 5747 "
3637 5717 3695 5769 (ἰ.
3717 5714 3774 5769 C.

3673 349 3854 407 1960
