3810 6404
93 342 223 398 “Nil

1259 338 1654 396 ORATIONES
1686 337 1823 396 PRO
1860 333 2206 391 OBSESSIS.

3229 346 3365 401 i002

155 464 326 516 Ὅταν
361 460 478 533 ι’δῃς
521 460 756 531 πένητα,
797 457 877 534 μή
902 460 1296 532 παραδράμῃς,
1322 460 1440 514 ἀλλ’
1474 461 1674 516 εὐθέως

1847 453 1978 507 Cum
2031 455 2233 510 videris
2285 470 2601 527 pauperem,
2635 471 2700 511 ne
2735 468 3007 522 transeas,
3058 463 3150 516 sed
3181 466 3362 518 statim

86 553 345 624 ἐννόησον
371 553 457 616 τίς
493 553 560 606 ἂν
585 548 675 622 ἧς,
714 555 763 606 εἰ
805 555 870 607 σὺ
903 555 1113 618 ἐκεῖνος
1133 571 1146 584 ·
1172 554 1225 608 τί
1254 556 1350 608 οὐκ
1377 548 1445 600 ἂν
1472 547 1673 618 ἠθέλη-

87 661 191 704 σας
221 643 430 706 πάντας
463 659 544 694 σοι
572 644 749 696 ποιεῖν
773 659 786 707 ;
933 644 939 648 ’

169 733 395 795 Τεκνία,
417 731 504 801 μὴ
534 731 862 802 ἀγαπῶμεν
881 733 1036 794 Mm)
1051 723 1209 794 μηδὲ
1227 724 1504 795 γλώσσῃ,
1533 723 1671 780 ἀλλ’

84 823 240 892 ἔργῳ
271 823 368 878 καὶ
393 825 670 891 ἀληθείᾳ.

163 913 241 982 (l)
275 914 348 968 Οὐ
376 914 485 984 γὰρ
508 915 673 984 ἀρκεῖ
698 906 1027 979 προστῆναι,
1060 908 1198 962 ἀλλὰ
1225 908 1366 979 μετὰ
1389 908 1670 979 δαψιλείας

83 1004 185 1055 καὶ
208 1003 430 1073 γνώμης
457 1003 668 1055 ἀλύπου
704 996 864 1050 τοῦτο
901 997 987 1050 δεῖ
1036 1001 1211 1050 ποιεῖν
1237 1013 1252 1027 '
1292 998 1492 1067 μᾶλλον
1521 994 1580 1051 δὲ
1608 999 1669 1052 οὐ

85 1093 233 1162 μετά
261 1091 466 1145 ἀλύπου
495 1086 679 1158 μόνον,
709 1086 846 1140 ἀλλὰ
891 1086 1032 1157 μετὰ
1065 1083 1302 1156 φαιδρᾶς
1332 1088 1426 1140 καὶ
1447 1085 1670 1157 χαιρού-

87 1200 195 1255 σης
231 1179 428 1248 ψυχῆς·

681 1269 934 1322 ΚΕΦΑΛ.
990 1273 1063 1325 Δθ.

168 1385 229 1438 '0
245 1383 336 1454 ειιὴ
364 1380 636 1452 ἀγαπῶν,
669 1384 780 1437 οὐκ
806 1384 969 1453 ἔγνων
995 1385 1104 1438 τὸν
1138 1384 1308 1451 Θεὸν,
1350 1385 1439 1438 ότι
1463 1387 1496 1438 ὁ
1525 1384 1672 1450 Θεὸς

77 1477 288 1546 ἀγάπη
321 1476 458 1528 ἐστι’
463 1515 477 1528 .

171 1569 417 1638 Ἀγάπην
441 1567 602 1621 ποίαν
634 1568 768 1638 φησί
794 1583 807 1629 ;
839 1567 950 1637 Τὴν
976 1567 1264 1640 εἰλικρινῆ,
1291 1571 1354 1622 οὐ
1380 1569 1480 1639 τὴν
1508 1570 1671 1642 μέχρι

1782 549 2016 616 recogita
2064 549 2194 619 quid
2241 550 2582 607 desiderares
2611 552 2654 607 si
2685 561 2737 606 tn
2774 552 2876 608 iste
2925 571 3127 623 pauper
3187 573 3359 611 esses.

1778 638 1918 704 Quid
1949 655 2056 693 non
2090 641 2254 696 velles
2287 643 2382 696 tibi
2414 645 2481 699 ab
2507 645 2761 700 omnibus
2789 645 2940 701 ﬁeri?

1847 730 2012 785 Vens.
2055 733 2138 787 18.
2176 732 2381 798 Filioli,
2421 751 2523 790 non
2546 737 2836 808 diligamus
2874 739 3028 793 verbo
3061 756 3226 812 neque
3254 745 3360 800 lin-

1772 839 1898 893 gua,
1929 825 2022 876 sed
2049 839 2200 892 opere
2229 834 2278 878 et
2305 827 2542 881 veritate.

1838 913 1958 969 Non
2003 915 2167 970 etiam
2203 911 2396 971 sullicit
2453 932 2674 987 operam
2731 923 3044 989 praebuisse.
3092 922 3189 979 sed
3235 943 3359 981 cum

1773 1007 2097 1063 liberalitate
2111 1018 2164 1062 et
2185 1023 2293 1063 non
2313 1020 2506 1064 mmsla
2529 1011 2929 1079 benevolentia,
2958 1017 3051 1070 sed
3089 1028 3144 1072 et
3182 1020 3359 1075 adhuc

1772 1103 1878 1154 non
1911 1109 2103 1155 mmsta
2137 1101 2318 1163 modo.
2353 1101 2510 1156 hilari
2545 1117 2670 1157 vero
2700 1111 2753 1158 et
2781 1103 2898 1159 lteta
2926 1117 3124 1162 meme.

2421 1283 2578 1339 CAP.
2614 1282 2704 1340 IV.

1847 1392 2102 1464 Vens.{8.
2142 1393 2246 1460 Qui
2276 1411 2379 1449 non
2407 1396 2602 1468 diligit,
2636 1415 2737 1452 non
2786 1399 2924 1454 novit
2976 1400 3166 1468 Deum,
3224 1422 3357 1476 quo-

1773 1485 1918 1539 niam
1949 1484 2092 1539 Deus
2126 1484 2358 1541 charitas
2389 1499 2488 1542 est.

1839 1576 1906 1631 Et
1935 1577 2146 1647 qualem
2175 1575 2306 1632 dicit
2335 1578 2719 1636 dilectionem?
2749 1584 2880 1652 Quae
2916 1589 3128 1643 sincera
3168 1599 3272 1654 est,
3305 1600 3358 1645 et

80 1665 380 1734 ῥημάτων,
415 1663 554 1716 ἀλλὰ
580 1665 680 1735 τὴν
710 1662 819 1716 ἀπὸ
858 1663 1152 1726 διαθέσεως
1182 1665 1273 1716 καὶ
1301 1663 1549 1736 γνώμης,
1578 1665 1672 1719 καὶ

1799 1685 1882 1725 ton
1920 1685 2040 1740 qua:
2066 1670 2388 1725 terminatur
2431 1673 2635 1727 verbis.
2668 1674 2740 1728 Ea
2779 1687 2927 1732 certe
2956 1696 3076 1749 qua!
3109 1697 3135 1731 τι
3178 1692 3358 1736 mente

84 1757 188 1810 τοῦ
264 1757 552 1825 συναλγεῖν
609 1758 674 1808 ἐκ
745 1755 995 1826 καθαρᾶς
1043 1755 1294 1826 καρδίας.
1349 1758 1503 1810 Ἔστι
1564 1756 1672 1827 γὰρ

1799 1769 1827 1814 τι
1874 1760 2150 1815 voluntate
2209 1761 2454 1830 procedit
2503 1773 2557 1842 et
2600 1779 2737 1830 puro
2783 1769 2950 1822 corde
3000 1773 3352 1840 coutpatitur.

77 1848 274 1919 ἀγάπη
310 1847 404 1902 καὶ
438 1850 470 1919 ἡ
501 1845 610 1901 τῶν
645 1847 926 1917 πονηρῶν·
962 1843 1074 1900 οἷον
1105 1847 1300 1920 λῃσταὶ⁸
1329 1847 1531 1921 λῃστὰς
1575 1867 1664 1918 φι-

1799 1853 1868 1908 Est
1902 1855 2048 1908 enim
2073 1862 2128 1908 et
2153 1854 2372 1908 dilectio
2403 1851 2776 1926 improborum
2805 1877 2820 1914 :
2855 1861 2934 1916 sic
2961 1861 3106 1918 fures
3130 1864 3358 1934 diligunt

77 1938 256 2004 λοῦσι,
303 1939 398 1992 καὶ
442 1937 761 2008 ἀνδροφόνοι
798 1937 1181 2007 ἀνδροφόνους.
1226 1939 1368 1993 Ἀλλ’
1395 1940 1498 1994 οὐκ
1545 1940 1662 1995 ἔστι

1799 1959 1935 2009 ures,
1969 1953 2024 2000 et
2053 1945 2352 2001 homicidas
2385 1945 2688 2004 homicidae.
2724 1946 2829 2006 Sed
2882 1968 2986 2009 non
3021 1965 3102 2010 est
3134 1956 3355 2011 dilectio

75 2026 246 2081 τοῦτο
274 2029 380 2082 άπὸ
425 2027 786 2098 συνειδήσεως
815 2027 1052 2100 ἀγαθῆς,
1101 2029 1218 2083 ἀλλ’
1265 2031 1374 2084 ἀπὸ
1409 2035 1608 2103 κακῆς.

1799 2050 1888 2091 taec
1915 2050 1945 2088 a
1974 2034 2306 2090 conscientia
2330 2036 2494 2101 bona,
2521 2038 2614 2092 sed
2645 2041 2808 2094 mala.

155 2167 233 2236 (l)
257 2165 458 2222 Catena
492 2165 845 2221 Cratneriana
887 2166 976 2220 his
1007 2164 1320 2236 praemittit:
1349 2168 1458 2223 Τοῦ
1485 2171 1674 2237 Χρυσί

1799 2170 1941 2237 [μου.
1973 2167 2140 2238 Ῥητὰ
2171 2167 2516 2239 προκείμενα
2541 2171 2571 2222 ὁ
2602 2171 3005 2242 προϊστάμενος
3034 2174 3092 2227 ἐν
3123 2175 3351 2246 σπουδῇ.

1353 2340 1761 2361 -Ι--Ψκρ-

150 2450 1132 2598 SUPPLEMENTUM
1224 2503 1370 2590 AD
1467 2503 2134 2592 LITURGIAM
2210 2503 2302 2591 s.
2385 2499 3288 2600 CHRYSOSTOMI.

942 2696 1116 2761 Goan,
1149 2688 1354 2750 Rituale
1385 2695 1715 2762 amcorum,
1746 2695 1876 2752 edit.
1910 2697 2083 2751 Paris.
2118 2697 2277 2764 1647,
2310 2713 2364 2768 ρ.
2388 2698 2540 2768 785.)

70 2840 254 2914 Εὐχή
297 2839 409 2922 τριξ
447 2837 892 2922 Χρμσοστόμου.
929 2836 1080 2922 πρὸς
1126 2837 1282 2922 τοὺς
1299 2836 1668 2922 ’πάσχοντας

1799 2838 2149 2908 Iltrysostomi
2199 2838 2478 2922 ογαιὶοῼ)
2533 2840 2588 2920 in
2609 2841 2876 2922 “obsessos
2939 2844 3263 2902 daemonibus
3300 2857 3351 2902 et

228 2906 347 2969 ὑπὸ
372 2906 705 2978 δαιμόνων,
739 2908 838 2962 καὶ
867 2907 1141 2975 ἑκάστην
1164 2906 1509 2963 ἀσθένειαν.

1894 2906 1906 2908 ’
2200 2906 2480 2972 quamlibet
2540 2909 2925 2977 inﬁrmitatem.

158 3005 266 3059 T06
303 3003 505 3072 Κυρίου
535 2999 836 3071 δεηθῶμεν.

1843 3001 2124 3055 Dominum
2179 3015 2482 3069 precemur.

172 3098 233 3151 '0
266 3096 400 3158 Θεὸς
424 3097 452 3148 ὁ
491 3093 732 3156 αἰώνιος,
763 3094 791 3145 ό
826 3089 1244 3161 λυτρωσάμενος
1277 3090 1351 3153 τὸ)
1379 3090 1532 3158 γένος
1559 3089 1668 3144 τῶν

1848 3089 1989 3144 Dens
2014 3102 2232 3156 teternc,
2259 3092 2348 3159 qui
2382 3109 2552 3162 genus
2589 3094 2866 3151 hominum
2896 3112 2927 3152 e
2957 3099 3153 3156 diaboli
3183 3103 3354 3171 capti-

78 3187 393 3260 ἀνθρώπων
428 3189 492 3239 ἐκ
516 3187 616 3255 τῆς
645 3181 1022 3252 αἰχμαλωσίας
1057 3180 1150 3234 τοῦ
1184 3181 1432 3234 διαϐόλου
1457 3221 1470 3244 ,
1506 3180 1667 3250 ῥῦσαι

1799 3182 1941 3236 ’ἰιιιιο
1996 3182 2257 3244 liberasti,
2299 3184 2368 3234 ab
2419 3184 2565 3238 omni
2615 3185 2900 3254 spirituum
2949 3190 3352 3250 immundorum

79 3286 185 3338 τὸν
219 3281 404 3336 δοῦλόν
453 3295 549 3331 σου
573 3277 745 3330 τόνδε
771 3275 882 3328 ἀπὸ
939 3275 1124 3344 πάσης
1172 3273 1458 3345 ἐνεργείας
1495 3291 1672 3326 πνευ-

1799 3272 2088 3336 met-titione
2115 3288 2326 3326 servum
2358 3286 2508 3328 tuum
2540 3278 2690 3345 eripe
2721 3295 2736 3331 :
2773 3278 3021 3349 malignis
3042 3291 3096 3337 et
3123 3284 3356 3338 immun-

83 3377 288 3447 μάτων
314 3371 644 3442 ἀκαθάρτων
665 3411 680 3432 ,
713 3365 967 3430 ἐπίταξον
995 3367 1108 3428 τοῖς
1143 3366 1401 3435 πονηροῖς
1425 3365 1520 3418 καὶ
1542 3365 1676 3418 ἀκα-

83 3468 317 3539 θάρτοις
359 3459 636 3532 πνεύμασι
683 3476 742 3511 τε
783 3458 876 3512 καὶ
910 3457 1198 3526 δαίμοσιν,
1237 3456 1540 3525 ἀποστῆναι
1575 3455 1673 3524 τῆς

80 3559 275 3630 ψυχῆς
322 3557 417 3610 καὶ
450 3554 546 3608 τοῦ
587 3554 844 3620 σώματος
877 3548 971 3603 τοῦ
1004 3549 1192 3602 δούλου
1231 3565 1324 3601 σου
1356 3547 1544 3608 τοῦδε,
1578 3548 1673 3600 καὶ

87 3653 176 3722 μὴ
243 3647 506 3719 ἐμμένειν
559 3645 693 3716 μηδὲ
734 3641 1145 3712 ἐγκρύπτεσθαι
1189 3643 1246 3692 ἐν
1279 3638 1449 3710 αὐτῷ.
1499 3641 1674 3706 Φυγαο

79 3744 418 3813 δευθείησαν
457 3743 516 3793 ὲν
561 3739 639 3806 τῷ
687 3736 912 3805 ὀνόματί
965 3753 1060 3788 σου
1093 3733 1171 3805 τῷ
1219 3732 1394 3802 ἁγίῳ,
1442 3730 1538 3785 καὶ
1579 3729 1674 3783 τοῦ

89 3834 427 3909 μονογενοῦς
461 3850 558 3886 σου
590 3831 721 3885 Υὶοῦ
743 3869 758 3893 ,
801 3830 897 3882 καὶ
940 3826 1037 3880 τοῦ
1073 3823 1343 3892 ζωοποιοῦ
1381 3841 1476 3878 σου
1508 3822 1680 3878 Πνεῦ-

89 3947 273 4002 ματος
323 3927 431 3980 ἀπὸ
473 3925 568 3979 τοῦ
625 3925 945 3993 πλάσματος
993 3920 1101 3973 τῶν
1140 3917 1340 3990 χειρῶν
1388 3933 1506 3970 σου.
1552 3916 1674 3969 Ἵνα

84 4017 453 4088 καθαρισθεὶς
483 4016 590 4070 ἀπὸ
628 4014 810 4081 πάσης
835 4010 1103 4081 ἐπηρείας
1128 4007 1461 4077 διαϐολικῆς,
1489 4006 1673 4069 ὁσίως,

83 4114 196 4168 καὶ
239 4111 495 4172 δικαίως,
543 4106 640 4160 καὶ
678 4103 918 4167 εὐσεϐῶς
963 4103 1142 4175 ζήσῃ,
1200 4100 1524 4171 ἀξιούμενος
1564 4097 1676 4151 τῶν

85 4206 386 4276 ἀκράντων
437 4197 755 4272 μυστηρίων
789 4194 884 4249 τοῦ
927 4194 1251 4266 μονογενοῦς
1281 4209 1375 4246 σου
1419 4190 1546 4244 Υίοῦ
1585 4190 1678 4245 καὶ

1775 3364 1858 3417 dis
1879 3363 2157 3430 spiritibus
2183 3375 2237 3418 et
2261 3365 2596 3422 daemonibus
2624 3379 2682 3422 ut
2713 3370 2781 3423 ab
2817 3372 2994 3425 anima
3030 3382 3085 3428 et
3127 3389 3356 3445 corpore

1775 3455 1916 3510 servi
1954 3456 2030 3508 tui
2061 3457 2335 3520 secedant,
2364 3473 2540 3527 neque
2582 3460 2636 3513 in
2689 3474 2757 3514 eo
2811 3464 3232 3530 abscondantur,
3256 3467 3358 3521 int-

1777 3562 1928 3615 pera.
1974 3548 2030 3601 In
2061 3550 2274 3601 nomine
2303 3561 2494 3605 sancto
2525 3560 2633 3617 tuo,
2663 3561 2720 3606 et
2742 3553 3004 3624 nnigeniti
3028 3555 3149 3612 Filii
3182 3557 3279 3624 tui,
3301 3566 3358 3613 et

1775 3638 1972 3694 viviﬁci
2001 3641 2073 3692 tui
2100 3638 2354 3710 Spiritus,
2387 3645 2454 3696 ab
2486 3657 2651 3712 opere
2685 3659 2942 3699 manuum
2985 3657 3198 3702 tuarum
3222 3648 3357 3704 εσυ-

1778 3740 2012 3800 gentur;
2071 3741 2128 3785 ut
2176 3731 2244 3784 ab
2297 3734 2444 3786 omni
2483 3733 2748 3790 diabolica
2805 3737 3150 3794 infcstatione
3198 3739 3356 3805 liber,

1778 3833 1984 3888 sancte,
2015 3831 2071 3877 et
2118 3821 2282 3890 iuste,
2314 3833 2370 3878 et
2405 3824 2494 3895 pie
2531 3827 2699 3888 vivat,
2733 3828 2925 3898 dignus
2987 3829 3203 3886 habitus
3249 3831 3358 3887 illi-

1782 3915 1925 3970 batis
1954 3915 2234 3986 mysteriis
2269 3914 2532 3985 unigeniti
2558 3917 2679 3972 Filii
2707 3919 2780 3972 tui
2806 3929 2860 3973 et
2893 3919 2982 3975 Dei
3013 3923 3206 3988 nostri,
3235 3938 3358 3978 cum

1783 4021 1890 4075 quo
1914 4007 2233 4062 benedictus
2273 4023 2334 4063 es
2366 4018 2421 4064 et
2459 4009 2706 4066 laudatus
2742 4026 2863 4068 cum
2895 4015 3260 4080 sanctissimo,
3305 4025 3363 4071 et

1783 4096 1946 4160 bono,
1979 4107 2033 4152 et
2063 4098 2276 4152 viviﬁco
2308 4108 2402 4154 tuo
2433 4099 2663 4169 Spiritu,
2703 4117 2844 4157 nunc
2873 4111 2929 4158 et
2959 4119 3195 4175 semper,
3220 4116 3276 4162 et
3305 4107 3358 4162 in

1783 4189 1982 4244 saecula
2004 4190 2346 4248 saeculorum.
2377 4192 2551 4246 Amen

83 4296 236 4351 Θεοῦ
265 4293 457 4365 ἡμῶν,
507 4291 624 4362 μεθ’
663 4283 726 4344 οὗ
759 4287 1054 4353 εὐλογητὸς
1083 4283 1134 4340 εἶ
1180 4285 1276 4339 καὶ
1335 4281 1727 4352 δεδοξασμένος
1771 4281 1868 4334 σὺν
1923 4280 2002 4351 τῷ
2061 4281 2344 4353 παναγίῳ,
2396 4284 2492 4338 καὶ
2539 4283 2773 4356 ἀγαθῷ,
2829 4287 2925 4340 καὶ
2978 4286 3225 4358 ζωοποιῷ
3266 4304 3359 4342 σου

85 4385 418 4452 Πνεῦματι,
452 4381 548 4436 νῦν
594 4380 692 4433 καὶ
735 4379 858 4441 ἀεὶ,
909 4376 1004 4430 καὶ
1046 4375 1127 4437 είς
1171 4373 1300 4436 τοὺς
1335 4371 1538 4436 αἰῶνας
1574 4372 1685 4427 τῶν
1723 4369 1958 4424 αἰώνων.
2007 4371 2199 4440 Ἀμήν.

507 4489 674 4559 Εὐχὴ
709 4488 879 4557 ἑτέρα
910 4485 1019 4541 τοῦ
1047 4485 1253 4543 αὐτοῦ.

169 4588 282 4645 Τοῦ
318 4586 525 4658 Κῦρὶου
552 4581 856 4651 δεηθῶμεν.

181 4682 245 4736 '0
273 4681 440 4733 πᾶσιν
468 4665 800 4745 ἀκαθάρτοις
840 4669 1147 4739 πνεύμασιν
1192 4666 1553 4737 ἐπιτιμήσας,
1584 4665 1680 4718 καὶ

85 4773 330 4844 δυνάμει
372 4770 618 4840 ῥήματος
655 4761 916 4827 ἐκδιώξας
950 4759 1049 4831 τὴν
1085 4758 1331 4827 λεγεῶνα
1354 4797 1369 4821 ,
1411 4755 1680 4826 ἐπιφανή-

87 4869 229 4939 θητι
254 4866 351 4918 καὶ
393 4862 487 4914 νῦν
530 4858 617 4912 διὰ
655 4855 751 4909 τοῦ
789 4849 1111 4925 μονογενοῦς
1145 4865 1238 4902 σου
1268 4846 1441 4939 Υἰοῦ,
1493 4847 1684 4939 ἐπὶ-τὸ

87 4937 336 5027 πλάσμα
362 4954 390 5008 δ
413 4953 508 5008 καὶ
535 4951 720 5004 εἰκόνα
747 4963 867 5008 σου,
901 4942 1184 5011 ἐποίησας,
1216 4939 1312 4993 καὶ
1340 4937 1525 5003 ἐξελοῦ
1552 4937 1684 4991 αὐτὸ

84 5043 709 5112 καταδυναστευόμενον
779 5036 885 5091 ὑπὸ
949 5032 1045 5087 τοῦ
1099 5029 1478 5099 ἀντικειμένου
1513 5044 1529 5060 ο
1598 5029 1684 5083 ἵνα

85 5139 328 5210 ὲλεηθέν
374 5135 468 5203 καὶ
513 5128 847 5202 καθαρισθὲν
892 5126 1092 5195 ἐνταγῇ
1125 5124 1191 5193 τῇ
1236 5121 1372 5191 ἁγίᾳ
1413 5138 1508 5180 σου
1559 5122 1682 5210 ποί-

91 5208 251 5307 μνῃ,
284 5229 376 5282 καὶ
413 5221 663 5295 φυλαχθῇ
707 5219 854 5307 νοιὸςΔ
874 5215 1118 5307 ἔμψυχος
1166 5211 1263 5264 τοῦ
1299 5211 1464 5307 άγίου
1509 5208 1682 5307 ξΙνεύ-

89 5300 277 5397 ματος
319 5319 419 5372 καὶ
451 5314 562 5369 τῶν
608 5312 770 5366 θείων
817 5300 912 5363 καὶ
939 5305 1254 5397 ’ὰχράντων
1289 5301 1681 5397 ἁγιασμάτων,

83 5393 291 5487 γάριτι
319 5409 415 5464 καὶ
441 5404 750 5475 οίκτιρμοῖς
779 5400 876 5487 καὶ
911 5394 1295 5487 φιλανθρωπίᾳ
1325 5393 1418 5487 τοῦ
1455 5410 1682 5487 μονογε-

83 5482 229 5566 νοῦς
264 5518 356 5555 σου
389 5497 521 5553 Υίοῦ
543 5539 558 5562 ,
594 5493 712 5566 μεθ’
743 5485 805 5546 οὗ
845 5487 1137 5557 εὐλογητὸς
1165 5483 1214 5537 εἴ
1235 5524 1249 5549 ,
1297 5483 1394 5536 σὺν
1431 5482 1510 5552 τῷ
1544 5501 1682 5536 παν-

170 5637 254 5709 (2)
291 5634 601 5709 Reperitur
625 5631 676 5684 in
699 5625 931 5709 duobus
945 5617 1682 5709 ΔΒξιικιπεξξιιξεὶιίρόξοίμιξιιενςει

85 5688 602 5780 Ct's'ptoieiratensi
632 5699 733 5780 sub
776 5698 876 5780 hoc
898 5696 1053 5780 titulo
1075 5709 1092 5746 :
1118 5691 1269 5761 Εὑχὴ
1292 5688 1386 5743 ἐπὶ
1419 5689 1681 5759 χειμαζοο

91 5765 292 5854 μένων
319 5775 424 5830 ὑπὸ
452 5769 781 5841 πνευμάτων
813 5765 1159 5834 ἀκαθάρτων.

366 5869 638 5929 Pyram.
673 5864 789 5923 (in.
822 5857 1024 5920 LXIV.

2191 4484 2313 4538 Alia
2339 4484 2575 4554 ejusdem
2609 4488 2778 4539 oratio
2806 4487 2900 4558 (5).

1717 4573 1761 4628 ἰ)
1862 4574 2148 4628 Dominum
2179 4590 2486 4645 precemur.

1853 4666 1954 4732 Qui
2002 4681 2191 4721 omnes
2228 4667 2449 4736 spiritus
2484 4668 2801 4735 immundos
2827 4671 3098 4746 inerepas,
3125 4686 3179 4734 et
3206 4677 3357 4738 verbi

1784 4759 1982 4813 virtute
2029 4757 2288 4828 legionem
2340 4761 2618 4830 expulisti,
2671 4764 3024 4824 manifestare
3079 4787 3222 4829 nunc
3262 4789 3360 4845 per

1785 4852 2116 4922 unigenitum
2147 4851 2340 4906 Filium
2365 4861 2516 4907 tuum
2541 4869 2704 4922 super
2734 4867 3037 4915 creaturam
3065 4863 3130 4918 ad
3163 4864 3358 4937 imagi-

1788 4958 1908 4997 nem
1948 4953 2090 4996 tuam
2122 4943 2377 5010 edictam,
2402 4945 2658 5016 illamque
2692 4963 2720 5002 a
2755 4949 2996 5006 daemone
3049 4969 3360 5026 oppressam

1788 5035 1956 5090 libera
2009 5053 2023 5090 :
2063 5046 2122 5090 ut
2169 5039 2540 5094 misericordia
2575 5055 2602 5094 a
2651 5050 2702 5096 te
2743 5053 2967 5114 accepta
3026 5060 3212 5104 sancto
3272 5061 3363 5108 tuo

1788 5127 1913 5181 ovili
1963 5138 2256 5199 expurgata
2314 5142 2656 5202 aggregetur,
2691 5143 2747 5188 et
2799 5136 2971 5191 sancti
3019 5137 3255 5208 Spiritus
3308 5152 3364 5198 et

1790 5212 2096 5270 divinorum
2173 5216 2618 5288 illibatorutnque
2687 5234 3151 5281 sacramentorum
3230 5239 3364 5285 tem—

1790 5304 1936 5374 plum
1989 5307 2169 5361 vivum
2213 5308 2343 5373 flat,
2381 5312 2554 5380 gratia
2605 5323 2660 5367 et
2704 5315 3146 5374 miserationibus
3176 5328 3227 5375 et
3261 5321 3363 5376 ltu-

1792 5397 2055 5452 manitate
2085 5401 2347 5468 unigeniti
2401 5403 2523 5458 Filii
2577 5405 2650 5458 tui
2691 5420 2856 5461 :cutn
2899 5423 3005 5476 quo
3047 5409 3364 5467 benedictus

1790 5502 1870 5554 es,
1910 5504 2030 5542 cmn
2060 5493 2407 5548 sanctissimo
2441 5506 2494 5550 et
2524 5497 2664 5553 bono
2686 5507 2741 5552 et
2766 5499 2979 5556 vivilico
3009 5509 3100 5556 tuo
3133 5503 3361 5572 Spiritu,

1789 5698 1805 5745 ι
1858 5624 1936 5693 (3)
1995 5623 2144 5681 Hanc
2202 5630 2502 5686 orationem
2566 5633 2747 5705 habet‘
2781 5635 2920 5690 idem
2988 5633 3365 5707 Cryptot‘erra-

1813 5709 1942 5745 ense
1974 5711 2077 5745 ms.

1813 5709 1942 5750 ense
1974 5711 2022 5749 ιιι
2031 5713 2077 5751 8.

2971 5866 3049 5922 3G
