3854 6394
437 311 458 364 I
471 307 576 367 065

1173 301 1740 361 SUPI’LEMENTUM
1779 304 1870 358 AI)
1901 309 1959 360 S.
1995 311 2044 362 .I.
2079 306 2568 366 CHRYSOSTOMI
2607 303 2855 362 OPERA.

3567 305 3710 359 {065

437 435 584 476 nunc
617 428 670 476 et
716 432 951 489 semper,
981 425 1034 472 et
1063 417 1118 472 in
1149 417 1348 472 saecula
1408 415 1753 474 saeculorum.
1821 418 2013 470 Amen.

2130 423 2262 486 ηἰῳ
2283 455 2298 479 ς
2335 423 2430 477 καὶ
2455 423 2678 493 ἀγαθῷ,
2707 422 2804 476 καὶ
2830 418 3083 490 ζωοποιῷ
3113 435 3208 472 σου
3253 417 3540 488 Πνεύματι
3561 436 3577 449 ·
3615 421 3710 473 νῦν

881 601 1001 656 Alia
1027 601 1266 672 ejusdem
1291 600 1466 655 oratio
1490 598 1596 672 (4).

507 691 792 746 Dominum
826 703 1131 762 precemur.

509 785 828 838 lnvocamus
849 793 920 846 te,
955 780 1179 837 Domine
1202 778 1347 835 Deus
1372 779 1744 849 omnipotens,
1785 778 2023 842 excelse,

440 876 567 930 mali
619 873 801 929 cuncti
856 887 1075 944 expers,
1125 871 1351 942 paeiiice
1387 870 1539 936 Rex;
1583 871 1900 926 invocamus
1949 879 2024 933 te,

439 971 702 1026 Conditor
741 969 864 1024 caeli
915 978 971 1023 et
1005 977 1188 1031 terrae,
1223 982 1289 1021 ex
1322 975 1374 1020 te
1422 981 1655 1035 namque
1699 967 1875 1020 oritur
1907 981 1942 1017 α
1971 973 2026 1019 et

440 1081 506 1128 ω,
546 1061 874 1131 principium
903 1069 958 1114 et.
1013 1058 1155 1124 linis,
1191 1058 1283 1128 qui
1338 1057 1534 1112 dedisti
1597 1057 1913 1112 hominibus
1967 1065 2027 1113 ut

443 1154 574 1222 ipsis
604 1151 971 1224 quadrupetlia
993 1158 1048 1206 et.
1076 1150 1285 1204 ratione
1321 1149 1558 1204 carentia
1593 1148 1869 1213 animalia,
1895 1147 2022 1217 quia

445 1245 772 1315 sicjussisti,
805 1243 1054 1305 Domine,
1096 1242 1422 1296 obedirent:
1456 1255 1672 1295 manum
1707 1250 1853 1294 tuam
1909 1239 2024 1294 for-

445 1350 575 1405 tem,
626 1347 680 1392 et
713 1337 995 1391 brachium
1047 1344 1195 1387 tuum
1248 1333 1517 1388 excelsum
1565 1341 1621 1386 et
1651 1341 1892 1386 sanctum
1929 1347 2025 1384 ex-

447 1431 630 1492 tende,
653 1436 708 1483 et
759 1429 897 1480 hanc
951 1439 1254 1479 creaturam
1296 1435 1441 1477 tuam
1483 1425 1601 1476 visu
1653 1432 1742 1475 tuo
1787 1421 2020 1491 respice.

444 1523 519 1576 Da
573 1520 648 1574 illi
700 1518 949 1588 angelum
992 1516 1302 1587 paciﬁcum,
1342 1513 1593 1584 angelum
1630 1511 1849 1575 fortem,
1901 1527 2022 1565 cor—

445 1613 592 1683 poris
639 1621 694 1666 et
739 1611 934 1664 anima:
982 1607 1287 1673 custodem,
1328 1607 1419 1676 qui
1473 1606 1713 1675 increpet
1740 1615 1797 1659 et
1842 1605 2023 1674 abigat

442 1705 512 1758 ab
557 1719 620 1757 ea
673 1718 833 1756 omne
882 1701 1173 1770 malignum
1223 1709 1278 1754 et
1334 1700 1604 1768 impurmn
1669 1682 2016 1753 daemonium.

2126 508 2220 560 καὶ
2249 506 2366 568 ἀεὶ.
2395 516 2491 559 καλε
2516 516 2597 575 εἰς
2627 515 2755 577 τοὺς
2788 511 2989 575 αίῶνας
3015 511 3125 565 τῶν
3155 510 3389 566 αἰώνων.
3436 511 3640 580 ’Δμήν.

2523 599 2691 667 Εὐχὴ
2730 606 2904 673 ἑτέρα
2951 603 3056 658 τοῦ
3091 601 3302 658 αὐτοῦ·

2203 690 2310 744 Τοῦ
2332 689 2541 762 Κυρίου
2575 690 2880 760 δεηθῶμεν.

2209 781 2652 852 Ἐπικαλούμεθά
2693 797 2789 844 σε,
2839 781 3086 841 Δέσποτα
3143 786 3245 841 est
3280 787 3669 858 παντοκράτορ
3695 829 3712 849 ,

2126 872 2356 944 ὓψιστε,
2386 874 2688 946 ἀπείρατε,
2721 873 2962 946 είρηνικὲ
2995 872 3214 941 βασιλεῦ
3237 921 3252 946 ,
3289 880 3716 950 ἐπικαλούμεθὰ

2128 983 2190 1020 σε
2239 965 2332 1019 τὸν
2385 967 2694 1035 ποιήσαντα
2740 963 2835 1016 τὸν
2883 963 3117 1034 οὐρανὸν
3160 965 3256 1016 κα)⁹
3290 970 3385 1035 τὴν
3427 970 3560 1040 γῆν,
3617 969 3716 1023 Ἐκ

2127 1057 2224 1111 σοῦ
2260 1057 2371 1128 γὰρ
2407 1055 2620 1125 ἀνεφύη
2645 1095 2661 1120 ,
2697 1056 2794 1110 καὶ
2824 1056 2887 1108 τὸ
2927 1060 2973 1111 Α
3019 1057 3116 1110 καὶ
3153 1060 3215 1110 τὸ
3235 1058 3305 1121 Ω,
3342 1059 3376 1127 ἡ
3421 1066 3568 1133 αρχὴ
3619 1062 3719 1116 καὶ

2125 1149 2186 1203 τὸ
2227 1149 2412 1215 τέλος,
2469 1149 2594 1212 δοὺς
2641 1152 2756 1212 τοῖς
2809 1147 3125 1220 ἀνθρώποις
3180 1150 3462 1204 ὑπακούεν
3517 1156 3719 1220 τετρά-

2125 1241 2262 1294 ποδα
2290 1241 2383 1293 καὶ
2407 1239 2580 1307 ἄλογα
2612 1238 2729 1303 ζῶα
2748 1254 2761 1267 ·
2791 1239 2874 1291 ὅτι
2905 1241 2968 1291 σὺ
2997 1239 3270 1305 ὑπέταξας
3316 1240 3484 1302 αύτά,
3515 1242 3715 1310 Κύριε.

2128 1333 2410 1385 Ἔκτεινον
2462 1331 2561 1402 τὴν
2595 1332 2760 1401 χεῖρά
2817 1347 2911 1382 σου
2951 1329 3049 1399 τὴν
3106 1332 3414 1401 κραταιὰν,
3477 1334 3574 1384 καὶ
3630 1335 3720 1385 τὸν

2126 1422 2390 1494 βραχίονά
2414 1439 2509 1475 σου
2541 1422 2630 1474 τὸν
2662 1421 2868 1490 ὑψηλὸν
2894 1422 3102 1475 καὶτὸν
3137 1422 3312 1488 ἅγιον,
3353 1422 3451 1475 καὶ
3487 1424 3720 1475 ἐπισκο-

2124 1514 2243 1568 πῶν
2273 1515 2648 1583 ἐπισκόπησον
2686 1512 2749 1565 τὸ
2787 1511 3014 1582 πλάσμα
3060 1529 3155 1565 σου
3190 1511 3368 1564 τοῦτο.
3419 1513 3725 1580 Κατάπεμρ

2121 1607 2222 1676 ψον
2279 1606 2430 1676 αὐτῷ
2484 1605 2717 1674 ἄγγελον
2763 1604 3075 1674 εἰρηνικὸν,
3131 1605 3363 1672 ἄγγελον
3411 1605 3722 1674 κραταιὸν,

2122 1697 2302 1767 ψυχῆς
2362 1696 2456 1750 καὶ
2523 1693 2780 1765 σώματος
2831 1693 3086 1762 φύλακα,
3136 1695 3196 1755 ὃς
3243 1695 3572 1765 ἐπιτιμήσει
3627 1696 3724 1746 καὶ

443 1797 582 1864 Quia
614 1805 668 1850 tu
695 1795 844 1850 solus
889 1795 1140 1848 excelsus
1181 1799 1236 1846 et.
1289 1792 1637 1862 omnipotens
1665 1805 1750 1858 es,
1805 1789 2022 1847 benedi-

2134 1789 2401 1844 ἀπελάσει
2457 1786 2554 1840 ἀπ’
2593 1785 2760 1840 αὐτοῦ
2811 1787 2918 1838 πᾶν
2972 1785 3206 1856 πονηρὸν
3262 1786 3358 1839 καὶ
3399 1785 3722 1856 ἀκάθαρτον

443 1902 562 1944 ctus
604 1889 656 1942 in
694 1886 888 1943 saecula
935 1885 1277 1942 saeculorum.
1318 1884 1514 1940 Amen.

827 2141 950 2195 Alia
979 2140 1218 2210 ejusdem
1251 2138 1425 2194 oratio
1469 2138 1572 2210 (5).

514 2233 798 2289 Dominum
830 2244 1137 2302 precemur.

520 2347 796 2410 Divinam,
823 2352 1093 2410 sanctam,
1127 2357 1407 2414 magnam,
1451 2343 1788 2398 tremendam
1823 2352 1878 2396 et
1908 2356 2014 2396 non

447 2436 782 2492 tolerandam
831 2433 1068 2488 nominis
1119 2433 1210 2487 Dei
1243 2431 1663 2504 appellationem
1704 2441 1758 2487 ct
1804 2432 2023 2486 invoca-

448 2531 647 2586 tionem
675 2525 1024 2598 aggredimur
1055 2535 1111 2580 et
1145 2525 1482 2595 perticimus,
1518 2519 1592 2579 tui
1625 2523 1934 2592 expellendi
1969 2535 2024 2577 et

446 2621 758 2692 increpandi
795 2620 1003 2690 gratia,
1041 2628 1326 2689 apostata;
1379 2618 1453 2672 tui
1486 2617 1829 2688 disperdendi
1867 2632 2020 2687 ergo,

443 2716 680 2779 diabole,
712 2713 854 2770 Deus
905 2720 1148 2776 sanctus,
1190 2711 1439 2781 principii
1476 2724 1695 2780 expers,
1731 2710 2021 2774 timendus,

445 2820 639 2866 natura
689 2804 1000 2870 invisibilis,
1034 2813 1305 2874 potestate
1343 2804 1766 2873 iuexcogitatus,
1817 2802 2026 2856 Deitatc

445 2900 963 2969 incompreltensus,
993 2895 1109 2951 Rex
1139 2896 1322 2965 gloriae
1365 2905 1422 2950 et
1476 2895 1820 2962 omnipotens
1852 2893 2028 2948 Domi-

449 3005 573 3054 nus,
603 2989 718 3056 ipse
747 2998 800 3042 te
827 2988 1093 3055 increpet,
1121 2985 1362 3050 diabole,
1387 2985 1480 3055 qui
1511 2999 1541 3039 e
1592 2984 1762 3038 nihilo
1806 2984 1873 3038 ad
1901 2999 2025 3038 esse

2135 1882 2437 1952 δαιμόνιον.
2488 1879 2610 1932 Ὀτι
2661 1877 2728 1932 σὺ
2775 1876 2982 1945 Κύριος
3031 1877 3187 1946 μόνος
3219 1876 3489 1946 ὓψιστος,
3518 1893 3724 1930 παντο.

2138 1973 2392 2045 κράτωρ,
2435 1967 2730 2041 εὐλογητὸς
2752 2007 2768 2034 ,
2816 1967 2896 2029 είς
2929 1967 3055 2030 τοὺς
3087 1966 3288 2030 αἰῶνας
3329 1966 3444 2021 τῶν
3477 1965 3720 2022 αἰώνων.

2167 2067 2348 2138 Αμήν.
3019 2127 3045 2140 η
3235 2127 3262 2140 ⁵

2551 2130 2718 2201 Εὑχή
2743 2129 2914 2199 ἑτέρα
2941 2145 3049 2184 του
3075 2128 3287 2184 αὐτου.

2208 2229 2314 2286 Τοῦ
2347 2227 2556 2299 Κυρίου
2584 2225 2888 2297 δεηθῶμεν.

2203 2351 2317 2424 Τὴν
2352 2349 2502 2403 θείαν
2527 2365 2587 2400 τε
2611 2345 2707 2400 καὶ
2732 2345 2831 2416 τὴν
2853 2343 3016 2412 ἁγίαν
3043 2342 3138 2396 καὶ
3171 2342 3438 2412 μεγάλην,
3473 2344 3574 2396 καὶ
3598 2362 3723 2416 φρι-

2131 2443 2284 2514 κτὴν,
2323 2443 2416 2495 καὶ
2445 2439 2710 2493 ἄστεκτον
2739 2435 3034 2505 ὀνομασίαν
3065 2434 3161 2488 καὶ
3185 2433 3478 2504 ἐπίκλησιν
3523 2435 3720 2488 ποιοῦ-

2133 2553 2231 2606 μεν
2265 2534 2402 2605 πρὸς
2431 2531 2531 2602 τὴν
2562 2531 2661 2601 σὴν
2689 2528 2960 2594 ἐξέλασιν,
2985 2527 3292 2590 ἀποστάτα,
3326 2525 3603 2590 ὡσαύτως
3626 2531 3721 2581 καὶ

2129 2629 2453 2698 ἐπιτίμησιν
2486 2627 2567 2686 εἰς
2616 2621 2716 2692 τὴν
2765 2621 2864 2692 σὴν
2919 2619 3319 2690 ὲξολόθρευσιν,
3362 2619 3614 2674 διάϐολε.
3661 2621 3718 2674 '0

2123 2719 2256 2782 Θεὸς
2288 2721 2316 2772 6
2345 2719 2522 2786 ἅγιος,
2564 2716 2592 2768 ὁ
2625 2714 2886 2784 ἄναρχος,
2937 2713 2965 2764 6
3021 2710 3276 2780 φοϐερὸς,
3311 2712 3341 2764 ό
3375 2711 3618 2782 ἀόρατος
3650 2716 3715 2785 τῇ

2121 2811 2304 2882 οὐσίᾳ,
2339 2811 2368 2862 6
2407 2808 2734 2868 ἀνείκαστος
2768 2807 2833 2875 τῇ
2882 2803 3138 2872 δυνάμει,
3189 2804 3286 2856 καὶ
3317 2804 3718 2872 ἀκατάληπτος

2122 2905 2189 2973 τῇ
2234 2901 2469 2971 θεότητι,
2498 2902 2526 2952 ό
2565 2898 2820 2969 βασιλεὺς
2841 2896 2940 2966 τῆς
2969 2893 3149 2964 δόξης,
3185 2897 3279 2948 καὶ
3310 2897 3716 2966 παντοκράτωρ

2124 2993 2426 3061 Δεσπότης,
2446 2990 2766 3060 ἐπιτιμήσει
2789 3005 2905 3054 σου,
2931 2985 3167 3052 διάϐολε,
3185 2989 3213 3039 6
3233 2988 3299 3040 ὲκ
3327 2987 3421 3040 τοῦ
3448 2990 3528 3058 μὴ
3556 2989 3718 3053 ὄντος

446 3088 638 3137 cuncta
664 3079 828 3134 verbo
857 3093 1097 3146 congrue
1129 3077 1470 3146 composuit,
1505 3075 1596 3146 qui
1623 3091 1789 3146 super
1817 3089 2021 3145 pennas

2130 3089 2206 3150 εἰς
2234 3085 2295 3138 τὸ
2324 3081 2465 3138 εἶναι
2499 3084 2568 3137 τὰ
2601 3083 2780 3137 πάντα
2833 3078 3130 3148 εύπραγῶς
3168 3080 3313 3150 λόγῳ
3361 3082 3718 3151 συστησάμεο

449 3180 733 3225 ventorum
765 3167 1028 3222 ambulat.
1079 3165 1328 3235 Increpat
1363 3173 1440 3230 te,
1467 3164 1700 3229 diabole,
1723 3165 1814 3234 qui
1854 3164 2022 3218 maris

449 3277 645 3325 auitam
675 3261 925 3324 advocat,
946 3267 1000 3312 et
1028 3273 1148 3312 eam
1180 3271 1344 3327 super
1361 3257 1628 3311 universa:
1647 3265 1803 3310 terra:
1833 3253 2026 3308 faciem

447 3354 693 3409 eliundit.
731 3353 990 3407 Damiuus
1014 3350 1277 3405 virtutum
1306 3364 1502 3405 nomen
1545 3348 1647 3405 illi.
1696 3346 1946 3417 Increpat
1975 3355 2028 3401 te

448 3448 730 3512 Dominus,
761 3443 992 3510 diabole,
1026 3444 1072 3498 is
1101 3442 1193 3498 cui
1219 3441 1490 3498 innumeri
1519 3441 1770 3496 caelestes
1804 3440 2027 3496 ordines

449 3541 588 3610 ignei
632 3540 684 3592 in
719 3537 949 3594 circuitu
1001 3537 1352 3604 ministrant,
1396 3536 1488 3606 qui
1531 3535 1602 3592 ab
1651 3535 2023 3606 angelicarum

448 3634 731 3686 turbarum
761 3630 917 3700 c0pia
954 3639 1010 3685 et
1039 3631 1106 3683 ab
1132 3629 1473 3699 archangelis
1496 3643 1619 3682 cum
1654 3636 1893 3680 tremore
1937 3640 2027 3679 ce-

450 3721 716 3786 lebratur,
743 3721 938 3775 colitur
960 3731 1016 3776 et
1051 3719 1330 3776 adoratur.
1374 3719 1625 3787 Increpat
1649 3727 1702 3770 te
1747 3716 2025 3779 Dominus,

450 3814 682 3878 diabole,
713 3814 804 3882 qui
826 3823 878 3866 et
903 3828 932 3866 a
956 3813 1242 3867 virtutibus
1266 3814 1408 3867 circa
1439 3827 1498 3868 se
1518 3811 1817 3866 astantibus
1854 3811 2027 3864 bono-

453 3917 626 3970 ratnr,
646 3913 703 3958 et
725 3919 754 3956 a
781 3905 1076 3958 tremendis
1097 3903 1374 3958 oculorum
1400 3903 1554 3971 copia
1579 3902 1876 3957 illustribus
1889 3902 2026 3955 Clie-

450 3995 652 4061 rubim,
699 4004 754 4050 et
781 4011 874 4049 sex
925 3996 1132 4049 alarum
1193 3996 1419 4065 remigio
1466 3997 1662 4050 dotatis
1714 3993 2024 4064 Serapliim,

453 4089 665 4142 duabus
697 4086 915 4156 quidem
964 4087 1130 4142 facies
1176 4103 1304 4143 suas
1337 4098 1560 4157 pr0pter
1612 4087 2028 4157 incomprehen-

451 4197 570 4235 sum
603 4181 1152 4252 etimperscrutatum
1185 4179 1414 4236 Deitatis
1465 4179 1806 4249 splendorem
1844 4182 2032 4234 wlan»

451 4276 618 4340 tibus,
644 4283 700 4329 et
723 4273 937 4329 duabus
966 4273 1067 4327 alis
1089 4273 1252 4342 pedes
1273 4286 1422 4340 suos,
1451 4287 1518 4328 ne
1572 4271 1824 4327 ineﬂ'abili
1855 4273 2025 4343 gloria

449 4380 504 4424 et
541 4368 908 4437 inexcogitala
954 4364 1240 4434 majestate
1270 4374 1681 4431 consumantur,
1735 4367 2029 4433 Operieuti-

2129 3195 2239 3244 vo;,
2270 3179 2298 3229 6
2326 3173 2648 3245 περιπατῶν
2683 3174 2775 3226 ἐπὶ
2822 3173 3112 3245 πτερύγων
3161 3171 3399 3240 ἀνέμων.
3445 3172 3717 3243 Ἐπιτιμᾷ

2129 3287 2234 3336 σοι,
2266 3267 2503 3328 διὰϐολε.
2536 3269 2564 3321 6
2587 3265 3068 3338 προσκαλούμενος
3098 3265 3159 3317 τὺ
3190 3263 3336 3334 ὕδωρ
3363 3264 3466 3335 τῆς
3503 3265 3717 3319 θαλασ-

2130 3379 2230 3432 σης
2263 3362 2356 3414 καὶ
2379 3358 2586 3428 ὲκχέων
2610 3357 2744 3412 αὐτὸ
2779 3358 2873 3410 ἐπὶ
2903 3357 3199 3428 πρόσωπον
3234 3356 3414 3425 πάσης
3445 3356 3549 3426 τῆς
3585 3359 3712 3426 γῆς,

2128 3455 2335 3525 Κύριος
2378 3452 2488 3505 τῶν
2519 3451 2803 3521 δυνάμεων
2855 3449 3027 3518 ϐνομα
3077 3447 3264 3503 αὑτοῦ.
3309 3447 3584 3519 Ἐπιτιμᾷ
3634 3466 3716 3503 σοι

2127 3543 2357 3614 Κύριος,
2383 3539 2621 3603 διάϐολε,
2654 3542 2683 3594 6
2707 3540 2814 3593 ὑπὸ
2851 3539 2961 3592 τῶν
3003 3537 3394 3610 ἀναριθμήτων
3438 3538 3716 3611 οὐρανίων

2126 3635 2426 3707 ταγμάτων
2443 3633 2689 3704 πυρίνων
2710 3631 2860 3702 φόϐῳ
2876 3629 3193 3702 λειτουργού
3203 3646 3365 3699 μενος
3389 3632 3488 3683 καὶ
3511 3631 3715 3700 ὑμνοὺο

2130 3743 2312 3798 μενος,
2373 3725 2469 3778 καὶ
2528 3723 2639 3778 ἀπὸ
2693 3722 2934 3792 πλήθους
2994 3721 3171 3792 χορῶν
3231 3720 3546 3789 ἀγγελικῶν
3622 3724 3716 3775 καὶ

2125 3814 2546 3890 ἀρχαγγελικῶν
2589 3813 2780 3885 τρόμῳ
2813 3812 3315 3883 προσκυνούμενος,
3362 3813 3458 3865 καὶ
3491 3811 3715 3876 δοξαζό-

2131 3926 2312 3981 μενος.
2357 3906 2626 3976 Ἐπιτιμᾷ
2667 3922 2751 3958 σοι
2790 3905 3023 3974 Κύριος,
3054 3904 3292 3967 διάϐολε,
3335 3905 3364 3957 6
3393 3905 3715 3976 τιμώμενος

2127 4001 2232 4054 ὑπὸ
2283 3999 2395 4053 τῶν
2448 3996 2733 4052 κύκλωθεν
2811 3996 3189 4065 παρεστωσῶν
3248 3996 3559 4067 δυνάμεων,
3618 4000 3714 4053 καὶ

2128 4092 2590 4164 φρικωδεστάτων
2664 4088 3060 4159 ἑξαπτερύγων
3139 4089 3235 4141 καὶ
3300 4087 3712 4159 πολυομμάτων

2128 4181 2412 4254 Χερουϐὶμ
2438 4181 2532 4232 καὶ
2572 4179 2848 4251 Σεραφὶμ,
2904 4177 3014 4230 τῶν
3046 4177 3115 4230 τὰ
3168 4177 3442 4246 πρόσωπα
3492 4179 3710 4232 ἑαυτῶν

2126 4276 2249 4336 ταῖς
2297 4271 2422 4324 δυσὶ
2474 4269 2703 4343 πτέρυξι
2759 4268 3076 4323 σκεπόντων
3112 4268 3202 4321 διὰ
3240 4267 3340 4340 τὴν
3384 4268 3710 4340 ἀθεώρητον

2129 4361 2296 4417 αὑτοῦ
2345 4361 2439 4415 καὶ
2500 4359 2914 4431 ἀνεξιχνίαστον
2953 4359 3216 4429 Θεότητα,
3269 4358 3363 4411 καὶ
3413 4362 3539 4423 ταῖς
3589 4361 3711 4413 δυσὶ

448 4463 575 4528 bus,
606 4471 662 4516 et
691 4460 899 4515 duabus
933 4459 1034 4514 alis
1055 4459 1362 4512 volantibus
1388 4457 1696 4528 ctelumque
1728 4460 1843 4513 suis
1874 4458 2022 4513 voci-

2130 4453 2358 4525 πτέρυξι
2384 4455 2516 4515 τοὺς
2543 4453 2761 4507 ἑαυτῶν
2791 4452 2959 4515 πόδας
2999 4451 3412 4516 καλυπτόντων,
3437 4455 3522 4516 είς
3551 4452 3613 4505 τὺ
3634 4455 3706 4522 μὴ

448 4551 552 4604 bus
592 4549 925 4620 replentibns
960 4547 1247 4611 :Sancms,
1277 4545 1528 4614 Sanctus,
1551 4545 1800 4612 Sanctus,
1835 4547 2024 4602 Domi.

448 4645 546 4694 nus
575 4637 804 4695 Sabaoth
860 4655 878 4693 :
929 4640 1139 4708 plenum
1199 4648 1273 4692 est
1323 4639 1511 4692 caelum
1566 4648 1616 4694 et
1673 4650 1815 4694 terra
1849 4641 2025 4711 gloria

445 4732 581 4801 ejus.
623 4730 873 4802 Increpat
902 4742 952 4785 te
989 4731 1267 4792 Dominus,
1297 4730 1533 4794 diabole,
1558 4733 1650 4801 qui
1700 4747 1731 4788 e
1771 4731 1896 4788 sinu
1930 4747 2025 4802 pa-

451 4835 626 4890 terno,
658 4839 688 4878 e
712 4827 852 4879 caelo
890 4823 1030 4876 Deus
1059 4822 1294 4877 Verbum
1325 4822 1679 4888 descendens,
1715 4834 1771 4879 et
1804 4838 1900 4893 per
1928 4840 2024 4880 ve-

448 4912 769 4977 nerandam,
797 4911 1176 4980 inexplicatatn
1199 4920 1256 4966 et
1288 4911 1546 4966 illibatam
1573 4927 1638 4966 ex
1670 4922 1856 4968 sancta
1889 4910 2016 4968 Vir-

447 5003 572 5072 gine
597 5001 1059 5066 incarnationem,
1097 5011 1156 5055 ut
1211 5000 1470 5056 mundum
1521 5000 1862 5056 ineﬂabiliter
1907 5006 2019 5058 sal-

449 5099 632 5156 varet,
686 5101 743 5148 et
789 5103 844 5145 te
893 5105 1144 5161 suprema
1190 5105 1285 5146 sua
1340 5091 1537 5146 virtute
1573 5093 1638 5148 de
1691 5093 1831 5146 caelo
1879 5094 2020 5164 deje-

447 5193 617 5248 ctum,
643 5184 1018 5253 perditumqne
1035 5184 1283 5238 omnibus
1309 5183 1726 5251 demonstraret,
1750 5186 2017 5254 apparuit.

447 5274 699 5345 Increpat
729 5286 781 5331 te
835 5275 1134 5341 Dominus,
1161 5275 1412 5345 diabole,
1471 5276 1562 5346 qui
1596 5279 1733 5332 mari
1792 5279 1968 5334 dixit‘
2007 5299 2020 5335 :

519 5431 539 5465 ⁸
577 5431 744 5490 Marc.
781 5447 852 5496 tv,
890 5431 981 5488 39.

517 5589 594 5662 (ι)
627 5589 789 5662 Deest
822 5587 874 5643 in
899 5587 1152 5644 omnibus
1192 5589 1598 5662 exemplaribus
1627 5590 1743 5662 IIch
1777 5593 1976 5650 oratio.

516 5659 594 5733 (5)
625 5659 991 5733 Legi_tur_cut_n
1017 5672 1080 5733 ea
1105 5674 1226 5733 qua}
1252 5659 1459 5733 incipit,
1475 5659 1536 5733 f0
1565 5659 1700 5726 Θεὸς
1724 5665 1753 5717 6
1774 5663 2012 5732 αἰώνιος,

442 5733 498 5791 in
522 5728 632 5788 uno
674 5728 1059 5788 e'Barberinis
1094 5728 1417 5789 codicibus:
1470 5731 1525 5787 in
1555 5747 1662 5804 quo
1701 5734 1844 5791 sicut
1871 5744 1924 5790 et
1956 5728 2010 5792 in

2128 4542 2546 4614 κατακαυθῆναι
2596 4544 2662 4597 ἐκ
2687 4543 2789 4614 τῆς
2810 4542 3055 4614 ἀρρήτου
3086 4540 3244 4612 δόξης
3274 4541 3373 4594 καὶ
3400 4543 3710 4610 ἀκατανοή-

2126 4657 2223 4692 του
2248 4637 2672 4709 μεγαλειότητος
2694 4633 2860 4689 αὐτοῦ
2885 4633 2981 4688 καὶ
3005 4636 3127 4696 ταῖς
3149 4634 3270 4688 δυσὶ
3292 4633 3525 4706 πτέρυξι
3549 4653 3709 4688 πετο-

2133 4732 2316 4801 μένων
2366 4727 2579 4783 καὶτὸν
2617 4727 2846 4794 οὐρανὸν
2894 4725 3252 4796 πληρούντων
3305 4729 3372 4778 ὲκ
3421 4725 3526 4796 τῆς
3578 4728 3706 4797 βοῆς

2127 4822 2310 4876 αὐτῶν
2336 4860 2352 4884 ,
2381 4821 2465 4886 τὸ,
2490 4821 2718 4891 Ἄγιος,
2743 4819 3185 4888 Ἄγιος-,Ἄγιος
3202 4818 3422 4887 Κύριος
3438 4820 3703 4883 Σαϐαὼθ,

2125 4913 2367 4982 πλήρης
2392 4914 2424 4966 ό
2447 4911 2708 4980 οὐρανὸς
2725 4911 2822 4964 καὶ
2840 4911 2878 4978 ἡ
2906 4908 2980 4980 τῆ
3004 4908 3116 4978 τῆς
3129 4909 3316 4976 δόξης
3336 4909 3548 4964 αὐτοῦ.
3564 4911 3708 4962 Ἐπι-

2124 5008 2262 5077 τιμᾷ
2307 5023 2391 5060 σοι
2439 5005 2669 5077 Κύριος,
2715 5003 2954 5068 διάϐολε,
3005 5005 3033 5057 6
3095 5005 3160 5056 ὲκ
3214 5002 3310 5056 τοῦ
3350 5004 3558 5056 κόλπου
3610 5003 3703 5056 τοῦ

2127 5097 2401 5170 πατρικοῦ
2440 5097 2690 5160 καταϐὰς
2723 5095 2782 5161 ἐξ
2813 5095 3050 5165 ούρανοῦ
3076 5096 3209 5159 Θεὸς
3237 5097 3431 5162 Λόγος,
3473 5097 3572 5148 καὶ
3619 5096 3703 5148 διὰ

2127 5191 2226 5260 τῆς
2251 5192 2315 5242 ὲκ
2351 5187 2632 5261 Παρθένου
2668 5188 2833 5257 ἀγίας
2858 5188 3265 5258 προσκυνητῆς,
3296 5187 3583 5256 ἀφράστου
3611 5189 3704 5238 καὶ

2127 5281 2402 5353 ἀχράντου
2446 5280 2780 5350 σαρκώσεως
2835 5278 3220 5351 ἀνεκλάλήτως
3269 5283 3459 5350 φανεὶς
3515 5284 3574 5335 ὲν
3627 5279 3700 5349 τῷ

2122 5595 2303 5668 ειΙὶιίε
2341 5595 2742 5668 Chrysostomo
2774 5596 2864 5668 phis
2909 5595 3091 5668 verbis
3134 5598 3503 5653 attribuitur:
3572 5602 3694 5668 Ἀφο

2122 5666 2350 5738 ορισμδς
2365 5665 2641 5738 τοῦάγίου
2667 5665 2914 5738 Ἰωάννου
2942 5665 3037 5720 τοῦ
3055 5669 3100 5720 Χ
3110 5669 3416 5738 ρυσοτόμου
3438 5671 3518 5734 είς
3545 5665 3697 5725 πνενο

2127 5737 2525 5808 ματιζομένους
2544 5737 2657 5792 ὑπὸ
2678 5737 3004 5808 πνευμάτων
3031 5738 3377 5810 ἀκαθάρτων.

2607 5918 2639 5942 ρ
