3810 6398
136 322 284 378 1065

1286 313 1683 375 ORATIONES
1723 311 1858 370 PRO
1902 311 2247 370 OBSESSIS.

3264 317 3285 371 ί
3296 314 3400 372 θϐϐ

131 436 335 506 κόσμῳ
362 430 457 487 τοῦ
513 432 690 488 σῶσαι
724 431 912 498 αὐτὸν,
966 433 1063 487 καὶ
1088 432 1155 504 τῇ
1205 431 1501 502 αὐθεντικῇ
1552 426 1720 483 αὑτοῦ

1834 423 1996 489 Tace,
2033 426 2328 481 obmutesce
2366 463 2384 489 .
2445 424 2642 494 eteius
2687 425 2843 496 jussu
2902 426 3187 484 confestim
3241 431 3397 499 quies

126 526 368 599 δυνάμει
411 525 575 597 ῥίψας
631 543 692 579 σε
742 524 1059 597 οὐρανόθεν,
1111 525 1208 579 καὶ
1244 524 1519 578 ἀπόλυτον
1553 521 1719 576 παντὶ

127 616 343 683 δείξας.
375 617 645 689 Ἐπιτιμᾷ
679 634 765 671 σοι
799 617 1025 688 Κύριος,
1081 616 1320 681 διάσολε,
1368 615 1398 667 6
1429 612 1603 668 εἰπὼν
1648 614 1718 684 τῇ

131 706 389 779 θαλάσσῃ
408 723 420 739 ·
452 704 678 773 Σιώπα,
722 708 1038 777 πεφίμωσο
1062 722 1076 736 ⁸
1138 705 1340 777 καὶτῷ
1385 703 1720 775 κελεύσματι

132 798 345 862 εὐθέως
371 798 664 853 ἐκόπασεν.
708 794 972 866 Ἐπιτιμᾷ
1007 812 1093 849 σοι
1133 795 1361 868 Κύριος,
1409 794 1661 859 διάὸολε,
1692 797 1722 849 6

132 890 220 961 τῷ
251 889 505 961 ἁχράντῳ
533 889 747 958 πτυέλῳ
767 887 938 957 πηλὶν
964 886 1221 958 ποιήσας,
1252 889 1348 941 καὶ
1375 886 1435 941 τὸ
1473 887 1720 940 ἐλλεῖπον

135 980 307 1050 μέλος
339 979 417 1050 τῷ
446 982 510 1034 ὲκ
536 978 761 1049 γενετῆς
792 977 980 1048 τυφλῷ
1006 979 1349 1041 διαπλάσας..
1384 980 1479 1033 καὶ
1511 979 1572 1032 τὸ
1602 979 1719 1046 φῶς

130 1074 528 1144 χαρισάμενος.
569 1069 835 1141 Ἐπιτιμᾷ
870 1087 954 1124 σοι
1002 1070 1234 1142 Κύριος,
1258 1071 1498 1135 διάϐολε,
1543 1074 1573 1125 6
1621 1073 1721 1143 τὴν

131 1164 418 1232 θυγατέρα
449 1160 544 1213 τοῦ
565 1161 1021 1231 ἀρχισυναγώγου
1048 1163 1192 1233 λόγῳ
1232 1162 1601 1235 ζωοποιήσας.
1625 1164 1722 1217 καὶ

128 1256 240 1325 τῆς
268 1256 440 1325 χήρας
466 1253 559 1307 τὸν
594 1254 708 1306 υἱὸν
741 1254 806 1306 ὲκ
835 1253 1103 1323 στόματος
1127 1254 1222 1308 τοῦ
1253 1254 1490 1308 θανάτου
1535 1257 1721 1326 ἀφαρ-

131 1347 321 1409 πάσας
350 1346 444 1399 καὶ
470 1348 541 1417 τῇ
567 1346 676 1417 ἰδίᾳ
707 1348 879 1417 μητρὶ
907 1347 1227 1417 ὁλόκληρον,
1258 1349 1353 1401 καὶ
1383 1347 1510 1419 ὑγιῆ
1555 1347 1722 1401 αὐτὸν

129 1438 531 1509 χαρισάμενος.
565 1439 834 1510 Ἐπιτιμᾷ
866 1455 950 1492 σοι
1007 1438 1240 1510 Κύριος,
1282 1437 1520 1501 διάϐολε,
1556 1441 1585 1493 6
1628 1440 1721 1493 τὸν

128 1531 395 1601 Λάζαρον
422 1531 488 1583 ὲκ
525 1529 742 1601 νεκρῶν
796 1530 1180 1602 τετραήμερον
1226 1532 1471 1599 ἄσηπτον
1510 1531 1586 1596 ὡς
1644 1531 1720 1603 μὴ

131 1620 396 1685 θανόντα,
432 1620 530 1674 καὶ
571 1620 830 1684 ἄσπιλον,
884 1622 967 1684 είς
1022 1620 1288 1691 ἔκπληξιν
1345 1621 1457 1675 τῶν
1508 1621 1720 1675 πολλῶν

130 1714 527 1783 παραστήσας.
594 1712 857 1783 Ἐπιτιμᾴ
888 1728 973 1764 σοι
1016 1711 1242 1783 Κύριος,
1287 1712 1525 1777 διάϐολε,
1568 1715 1597 1766 6
1632 1712 1722 1767 διὰ

1824 516 1919 570 vit.
1957 516 2203 588 lncrepat
2231 526 2286 574 te
2314 518 2602 585 Dominus,
2633 519 2868 585 diabole,
2892 521 2983 590 qui
3014 519 3225 577 illibato
3283 521 3398 576 lutn

1822 621 1854 663 e
1888 617 2046 678 sputo
2070 609 2341 677 confecto,
2373 609 2634 668 deﬂciens
2673 627 2705 666 a
2746 612 3040 668 nativitate
3089 613 3397 669 membrum

1820 715 1968 755 caeco
2019 701 2297 768 restituit,
2347 703 2635 774 lumenque
2684 703 2868 760 videre
2907 706 3146 760 donavit.
3213 704 3399 763 lucre-

1823 801 1914 862 pat
1947 801 2002 847 te
2034 791 2319 860 Dominus,
2349 794 2585 860 diabole,
2636 795 2728 865 qui
2761 795 2925 851 verbo
2962 812 3062 853 suo
3115 797 3402 868 archisyn-

1821 882 1978 951 agOgi
2014 880 2179 936 ﬁliam
2195 884 2371 939 vivam
2402 884 2551 951 fecit,
2582 896 2636 939 et
2657 884 2831 940 vidua:
2862 886 3032 941 lilium
3056 887 3251 943 mortis
3280 888 3400 943 lau-

1822 972 1976 1029 cibus
2004 984 2270 1042 ereptum,
2296 976 2529 1045 proprias
2579 976 2740 1031 matri
2775 976 3105 1033 incolumem
3156 982 3403 1035 salvum—

1824 1078 1930 1135 que
1988 1067 2248 1122 restituit.
2304 1067 2550 1136 Increpat
2590 1077 2642 1122 le
2691 1067 2982 1137 Dominus,
3032 1071 3265 1135 diabole,
3306 1073 3400 1139 qui

1823 1157 2242 1225 quatriduanum
2294 1174 2326 1215 e
2385 1160 2612 1215 mortuis
2668 1159 2937 1214 Lazarum
2999 1162 3396 1231 incorruptum,

1823 1248 1970 1304 velut
2030 1264 2140 1305 non
2218 1260 2522 1315 mortuum,
2580 1261 2635 1306 et
2690 1253 2995 1309 intabidum
3042 1254 3108 1307 ad
3154 1257 3399 1310 omnium

1822 1350 2097 1411 Stuporem
2126 1345 2404 1399 excitavit.
2441 1345 2694 1416 increpat
2746 1357 2799 1402 te
2848 1347 3130 1412 Dominus,
3164 1348 3398 1414 diabolo,

1823 1435 1914 1501 qui
1962 1449 2059 1502 per
2111 1445 2421 1502 susceptam
2483 1452 2607 1492 ase
2659 1438 2907 1507 alapam,
2969 1440 3400 1495 maledictinnem

1824 1534 2064 1580 nostram
2120 1526 2329 1582 irritam
2383 1527 2509 1583 fecit
2546 1545 2561 1594 ;
2605 1539 2658 1584 et
2699 1544 2794 1599 per
2834 1530 3025 1586 illibati
3078 1532 3266 1587 lateris
3317 1534 3402 1587 sui

1823 1615 2356 1673 vulnusilammeum
2384 1620 2621 1690 gladium
2651 1623 2884 1690 paradisi
2912 1625 3118 1678 aditum
3141 1627 3404 1680 obseran-

1824 1715 1931 1761 tem
1963 1708 2245 1763 exstinxit.
2273 1709 2522 1782 Increpat
2555 1723 2605 1767 te
2638 1714 2922 1782 Dominus,
2944 1715 3287 1785 diabole,qni
3308 1731 3407 1785 per

128 1770 237 1860 του
272 1770 615 1876 ῥαπίσματος
645 1804 745 1875 τὴν
771 1770 1019 1875 κατάραν
1060 1770 1442 1876 καταργήσας,
1488 1770 1584 1858 καὶ
1627 1804 1718 1858 διὰ

1834 1793 2058 1849 livinam
2099 1796 2278 1853 vultus
2329 1770 2699 1853 sui-fortnam
2759 1770 2934 1871 sputis
2982 1770 3404 1871 fmdatatn,.la~

126 1899 239 1968 τῆς
270 1895 472 1968 λόγχης
531 1896 634 1965 τῆς
685 1897 956 1969 ἀκράντου
1007 1895 1252 1968 πλευρᾶς
1284 1896 1449 1950 αὐτοῦ
1479 1895 1580 1968 τὴν
1626 1897 1717 1950 τὸν

129 1990 473 2062 παράδεισον
520 1989 901 2058 φυλάττουσαν
951 1987 1214 2059 φλογίνην
1263 1987 1545 2062 ῥομφαίαν
1583 1990 1718 2044 ἀνα-

132 2081 380 2144 στείλας.
422 2080 687 2151 Ἐπιτιμᾷ
734 2096 817 2135 σοι
870 2079 1097 2152 Κύριος,
1127 2079 1369 2145 διάὁολε,
1416 2083 1444 2135 ό
1484 2081 1573 2136 διὰ
1620 2080 1716 2134 τοῦ

129 2171 533 2243 ὲμπτύσματος
583 2171 679 2226 τοῦ
738 2173 925 2244 τιμίου
978 2172 1147 2227 αὑτοῦ
1213 2173 1564 2247 χαρακτῆρος
1609 2174 1719 2229 πᾶν

131 2262 377 2332 δάκρυον
411 2261 474 2312 ἐκ
529 2259 733 2324 παντὸς
771 2259 1070 2331 προσώπου
1119 2261 1391 2333 ὲκμάξας.
1454 2262 1720 2335 Ἐπιτιμᾷ
1746 2266 1767 2283 ’

135 2367 226 2403 σοι
257 2348 480 2420 Κύριος,
504 2348 742 2412 διάϐολε,
771 2351 800 2403 6
829 2349 1009 2421 πήξας
1038 2349 1131 2403 τὸν
1160 2349 1392 2422 σταυρὸν
1420 2351 1501 2413 είς
1530 2350 1719 2421 στήρι-

133 2458 260 2510 γμα
311 2439 369 2493 ἒν
403 2440 497 2494 καὶ
529 2440 804 2512 σωτηρίαν
854 2442 1085 2513 κόσμου,
1147 2443 1230 2505 είς
1288 2441 1498 2495 πτῶσιν
1529 2441 1586 2495 δὲ
1622 2442 1720 2514 σὴν

135 2534 238 2585 καὶ
294 2531 512 2585 πάντων
558 2530 670 2585 τῶν
727 2531 834 2584 ὑπὸ
892 2531 952 2584 σὲ
997 2531 1267 2601 ἀγγέλων.
1319 2531 1587 2603 Ἐπιτιμᾷ
1639 2548 1722 2585 σοι

136 2624 375 2695 Κύριος,
404 2623 645 2691 διάϐολε,
668 2625 697 2678 6
722 2623 846 2688 δοὺς
878 2626 1062 2695 φωνὴν
1094 2626 1153 2679 ἐν
1185 2623 1266 2695 τῷ
1296 2625 1515 2696 σταυρῷ
1535 2624 1721 2691 αὐτοῦ,

139 2716 321 2772 καὶτὸ
344 2717 749 2786 καταπέτασμα
766 2715 861 2768 τοῦ
888 2715 1017 2770 ναοῦ
1047 2714 1303 2788 ἐσχίσθη,
1324 2717 1418 2768 καὶ
1435 2716 1494 2768 αἱ
1518 2714 1723 2787 πέτραι

138 2807 536 2880 διεῤῥάγησαν,
587 2808 683 2862 καὶ
740 2808 810 2861 τὰ
863 2808 1108 2878 μνημεῖα
1136 2807 1515 2879 ἠνεῴχθησαν,
1542 2807 1637 2860 καὶ
1670 2806 1720 2859 οἱ

142 2900 245 2956 ἀπ’
286 2900 479 2964 αἰῶνος
506 2899 763 2964 θανόντες
795 2900 1126 2970 ἀνέστησαν.
1179 2900 1445 2971 Ἐπιτιμᾷ
1484 2917 1567 2954 σοι
1605 2898 1724 2952 Κύ-

147 3010 293 3067 ριος,
321 2991 558 3060 διάϐολε,
591 2991 620 3045 6
677 2992 904 3064 θάνατῳ
953 2993 1189 3047 θάνατον
1222 2992 1565 3057 θανατώσας,
1629 2991 1726 3047 καὶ

145 3082 301 3155 ζωὴν
322 3084 389 3153 τῇ
419 3082 638 3155 ὲγέρσει
665 3080 832 3135 αὐτοῦ
854 3084 965 3146 τοῖς
988 3081 1299 3154 ἀνθρώποις
1329 3083 1723 3155 χαρισάμενος.
1755 3122 1798 3180 c

160 3177 520 3245 Ἐπιτιμήσαι
548 3191 631 3228 σοι
657 3173 886 3244 Κύριος,
920 3173 1162 3239 διὰὁολε,
1189 3177 1217 3228 6
1252 3174 1500 3238 καταϐὰς
1531 3176 1614 3238 εἰς
1637 3174 1729 3230 τὸν

147 3264 312 3338 ᾅδην,
351 3264 445 3318 καὶ
478 3265 546 3318 τὰ
579 3267 820 3335 μνημεῖα
853 3263 1019 3317 αὑτοῦ
1052 3262 1362 3330 ἐκτινάξας,
1392 3265 1487 3318 καὶ
1521 3265 1731 3331 πάντας

144 3357 281 3420 τοὺς
300 3358 355 3409 ἐν
395 3356 543 3427 αὐτῷ
571 3355 972 3428 κατεχομένους
1019 3357 1277 3426 δεσμίους
1327 3357 1728 3429 ἐλευθερώσας,

149 3454 254 3507 καὶ
299 3453 432 3524 πρὸς
465 3452 660 3507 ἑαυτὸν
690 3453 1209 3523 ἀνακαλεσάμενος’
1276 3451 1337 3507 ὃν
1388 3453 1439 3506 οἱ
1491 3455 1733 3527 πυλωροὶ

156 3543 385 3610 ἰδόντες,
426 3543 672 3613 ἐφριξαν.
708 3544 804 3596 καὶ
844 3543 1057 3613 ἀγωνίᾳ
1107 3542 1204 3596 τοῦ
1259 3542 1387 3615 ᾅδου
1436 3543 1734 3615 κρυϐἐντες

150 3634 422 3700 ἐξέλιπον.
485 3635 850 3706 Ἐπιτιμήσαι
893 3651 974 3687 σοι
1023 3633 1250 3706 Κύριος,
1301 3633 1548 3700 διάϐολε,
1599 3636 1628 3690 6
1664 3637 1731 3690 ὲκ

151 3726 370 3797 νεκρῶν
402 3725 643 3790 ἀναστὰς
668 3725 905 3796 Χριστὸς
935 3725 964 3777 6
989 3724 1122 3789 Θεὸς
1145 3724 1302 3795 ἡμῶν
1330 3724 1425 3779 καὶ
1466 3726 1603 3779 πᾶσι
1636 3724 1734 3796 τὴν

154 3819 458 3874 ἀνάστασιν
484 3815 654 3871 αὐτοῦ
673 3817 1068 3889 χαρισάμενος.
1098 3815 1462 3888 Ἐπιτιμήσαι
1489 3834 1574 3871 σοι
1620 3817 1735 3871 K6-

161 3928 299 3984 ριος,
329 3908 569 3972 διάϐολε,
599 3910 628 3963 6
658 3910 740 3973 είς
789 3909 1058 3980 οὐρανοὺς
1114 3909 1174 3963 ὲν
1207 3909 1336 3981 δόξῃ
1397 3910 1734 3981 ἀναληφθεὶς

160 4004 302 4076 πρὸς
329 4003 418 4055 τὸν
461 4001 684 4074 Πατέρα
705 4001 895 4065 αὐτοῦ,
925 4002 1023 4055 καὶ
1051 4002 1117 4055 ἐκ
1135 4000 1329 4068 δεξιῶν
1357 4004 1459 4072 τῆς
1493 4002 1739 4074 μεγαλοι)⁶

160 4097 329 4166 σύνης
354 4095 445 4147 ἐπὶ
472 4094 664 4168 θρόνου
694 4092 851 4163 δόξης
882 4092 1214 4163 καθήμενος.
1261 4093 1625 4165 Ἐπιτιμήσαι
1653 4110 1738 4148 σοι

160 4187 390 4259 Κύριος,
411 4185 646 4247 διάϐολε,
673 4185 703 4236 6
730 4184 892 4239 πάλιν
930 4185 1226 4255 ἐρχόμενος
1253 4184 1393 4257 μετὰ
1432 4180 1589 4258 δόξης
1644 4186 1740 4240 ἐπὶ

159 4278 276 4333 τῶν
298 4277 540 4347 νεφελῶν
567 4276 661 4329 τοῦ
710 4275 972 4347 οὐρανοῦ,
1001 4276 1142 4346 μετὰ
1191 4276 1302 4330 τῶν
1341 4276 1516 4345 ἁγίων
1570 4278 1740 4347 ἀγγέ-

160 4372 273 4425 λων
299 4368 488 4433 atii-:06,
515 4370 702 4439 κρῖναι
728 4366 938 4432 ζῶντας
971 4367 1065 4421 καὶ
1100 4367 1351 4437 νεκρούς.
1378 4368 1740 4439 Ἐπιτιμήσαι

1823 1900 2066 1957 crymam
2116 1903 2336 1945 omnem
2390 1891 2461 1946 ab
2506 1892 2752 1948 omnium
2791 1893 2941 1948 vultu
2980 1896 3261 1952 abstersit.
3312 1895 3402 1950 ln—

1823 1989 2011 2049 crepat
2042 1990 2095 2036 te
2127 1980 2418 2050 Dominus,
2448 1984 2681 2053 diabole,
2713 1987 2809 2056 qui
2840 2002 3058 2044 crucem
3091 1988 3147 2044 in
3182 1990 3403 2048 unicum

1827 2073 2103 2129 munimen
2130 2083 2187 2131 et
2220 2077 2406 2132 mundi
2428 2077 2680 2146 salutem,
2717 2078 2774 2135 in
2829 2079 3042 2137 ruinam
3076 2096 3206 2139 vero
3254 2092 3403 2140 tuam
3512 2107 3517 2111 ·

1824 2173 1880 2221 et
1907 2166 2146 2222 omnium
2192 2168 2290 2225 tibi
2332 2168 2675 2226 subditorum
2714 2171 3030 2244 angelorum
3064 2176 3270 2231 dellxit.
3316 2177 3409 2233 ln-

1825 2266 2013 2327 crepat
2040 2266 2094 2314 te
2145 2258 2437 2326 Dominus,
2481 2259 2717 2324 diabole,
2745 2277 2855 2330 quo
2905 2262 2959 2318 in
3007 2278 3168 2320 cruce
3216 2281 3403 2322 vocem

1826 2343 2105 2412 ell‘erente,
2135 2346 2312 2402 velum
2350 2348 2534 2418 templi
2579 2350 2810 2406 scissum
2844 2359 2951 2418 est,
2983 2362 3154 2424 petrae
3182 2357 3405 2411 confra-

1828 2450 1951 2503 (εισι,
1984 2447 2337 2495 monumenta
2365 2454 2582 2512 quoque
2620 2452 2809 2512 aperta
2858 2453 3007 2513 sunt,
3046 2455 3101 2500 et
3141 2448 3338 2502 mortui
3373 2465 3407 2504 ει

1828 2529 2031 2586 saeculo
2048 2541 2493 2587 exsurrexerunt.
2523 2531 2770 2602 Increpat
2793 2541 2847 2590 te
2872 2534 3152 2607 Dominus,
3171 2539 3330 2595 diabo
3351 2556 3405 2607 e,

1828 2623 1921 2693 qui
1962 2632 2137 2677 morte
2186 2635 2417 2680 mortem
2472 2628 2722 2692 necavit,
2753 2635 2810 2683 et
2852 2632 3253 2688 resurrectione
3307 2648 3407 2690 sua

1828 2714 1996 2769 vitam
2026 2715 2339 2771 horninibus
2374 2715 2606 2787 largitus
2627 2727 2730 2773 est.
2759 2718 3009 2791 lncrepet
3038 2729 3091 2775 te
3122 2722 3404 2793 Dominus,

1829 2804 2064 2870 diabole,
2082 2805 2196 2875 qui,
2231 2807 2512 2862 concussis
2533 2808 2924 2872 monumentis,
2944 2809 2999 2865 in
3024 2810 3290 2867 infernum
3310 2815 3407 2869 de-

1828 2896 2113 2962 scendens,
2125 2911 2313 2953 omnes
2327 2895 2382 2951 in
2397 2911 2463 2952 eo
2478 2900 2722 2968 captivos
2733 2900 2798 2955 ad
2815 2915 2877 2957 se
2893 2910 3097 2957 tractos
3112 2907 3405 2973 remeavit,

1832 3003 1940 3059 quo
1985 2989 2124 3057 viso,
2150 2988 2420 3060 janitores
2452 2989 2650 3045 inferni
2679 2990 2878 3047 turbati
2915 3001 3064 3059 sunt,
3097 2995 3229 3051 etin
3272 2998 3408 3053 imas

1839 3079 2096 3135 tenebras
2133 3080 2367 3146 detrusi,
2395 3096 2507 3151 prae
2544 3082 2902 3151 trepidatione
2931 3085 3219 3141 stationem
3256 3103 3407 3142 suam

1831 3172 2515 3243 dereliqueruutJncrepet
2541 3182 2592 3228 te
2618 3172 2899 3241 Dominus,
2929 3174 3160 3243 diabole,
3180 3192 3210 3231 a
3239 3191 3411 3235 morte

1835 3279 2124 3341 resurgens
2135 3265 2381 3321 Christus
2394 3263 2757 3332 Deusnoster,
2770 3266 2983 3323 cunctis
2996 3270 3410 3326 resurrectionis

1833 3358 2173 3428 privilegium
2209 3358 2458 3427 largitus.
2494 3356 2740 3428 lncrepet
2768 3366 2820 3413 te
2862 3359 3144 3427 Dominus,
3171 3361 3409 3428 diabolo,

1833 3452 1924 3523 qui
1953 3454 2020 3507 ad
2050 3453 2264 3507 Patrem
2292 3467 2415 3508 cum
2446 3452 2616 3522 gloria
2658 3454 2710 3507 in
2746 3451 2918 3508 caelos
2948 3452 3216 3518 ascendit,
3251 3461 3306 3507 et
3351 3453 3408 3508 in

1834 3541 2057 3597 dextera
2088 3540 2389 3609 majestatis
2420 3541 2472 3596 in
2496 3544 2693 3596 throno
2715 3541 2902 3612 gloriae
2934 3541 3109 3600 sedet.
3159 3540 3417 3613 lncrepet

1803 3666 1809 3673 -
1838 3640 1890 3687 tc
1918 3631 2200 3698 Dominus,
2239 3631 2476 3698 diabole,
2509 3646 2698 3687 rursus
2721 3646 2843 3687 cum
2873 3630 3043 3704 gloria
3088 3633 3141 3688 in
3173 3632 3409 3689 nubibus

1835 3721 1982 3788 cmli,
2007 3736 2129 3777 cum
2159 3723 2367 3779 sanctis
2389 3723 2598 3794 angelis
2618 3722 2731 3778 suis
2755 3722 2910 3779 vivos
2948 3732 3005 3779 et
3046 3732 3288 3781 mortuos
3313 3723 3406 3796 juo

1840 3813 2140 3869 dicaturus.
2171 3812 2416 3884 lncrepet
2447 3823 2500 3870 te
2548 3814 2832 3883 Dominus,
2864 3814 3098 3881 diabolo,
3128 3816 3222 3887 qui
3253 3817 3411 3872 inex-

1838 3902 2202 3974 stinguibilem
2232 3903 2433 3973 ignem,
2459 3911 2516 3960 et
2556 3901 2853 3973 insopitum
2882 3918 3141 3972 vermem,
3174 3915 3229 3959 et
3261 3915 3412 3961 teneo

1840 3994 1968 4050 bras
1991 3995 2308 4059 exteriores,
2337 3994 2390 4048 in
2427 4002 2688 4049 aeternam
2720 3994 3124 4050 damnationem
3151 3995 3246 4051 tibi
3272 4011 3410 4066 prat-

1838 4089 2070 4157 paravit.
2104 4085 2352 4156 lncrepet
2379 4096 2430 4141 te
2462 4085 2742 4152 Dominus,
2771 4085 3010 4150 diabole,
3037 4101 3066 4139 a
3105 4085 3262 4156 cujus
3282 4088 3413 4143 'vir-

1842 4182 1971 4236 tutis
2009 4179 2147 4235 facie
2194 4188 2389 4235 cuncta
2429 4187 2670 4234 tremunt
2721 4187 2779 4233 et
2815 4187 3223 4248 expavescunt,
3277 4181 3405 4250 quia

1841 4271 2212 4327 intolerandus
2250 4279 2334 4326 est
2371 4269 2658 4325 adversum
2696 4278 2749 4325 te
2776 4269 3259 4324 comminationum
3290 4270 3412 4342 ejus

1843 4363 2015 4419 furor.
2062 4362 2180 4432 Ipse
2208 4360 2467 4416 Dominus
2500 4369 2552 4415 te
2600 4359 2869 4428 increpat,
2909 4357 3145 4426 diabole,
3178 4373 3274 4431 per
3303 4370 3414 4417 tre-

165 4478 253 4516 σοι
281 4458 506 4531 Κύριος,
527 4457 762 4522 διάϐολε,
785 4460 815 4512 6
846 4458 907 4512 τὸ
930 4456 1043 4530 πῦρ
1062 4456 1126 4514 τὸ
1153 4457 1440 4525 ᾰσὸεστον,
1478 4458 1576 4513 καὶ
1596 4458 1739 4512 σκώ-

1844 4453 2095 4509 mendum
2142 4464 2343 4505 nomen
2384 4465 2540 4506 suum
2573 4468 2588 4505 :
2619 4448 2809 4517 treme,
2855 4458 3050 4515 treme,
3086 4465 3409 4520 cxpavesce,

162 4552 310 4623 ληκα
330 4550 423 4604 τὸν
439 4549 763 4621 ἀκοίμητον,
782 4551 879 4604 καὶ
903 4549 1099 4613 σκότος
1128 4550 1189 4603 τὸ
1220 4548 1489 4621 ιξώτερον
1517 4550 1741 4621 ἑτοιμὰ-

168 4659 272 4706 σας
320 4659 403 4696 σοι
471 4642 553 4705 είς
615 4640 837 4695 αἰώνιον
890 4641 1140 4696 κόλασιν.
1216 4642 1578 4713 Ἐπιτιμήσαι
1658 4659 1742 4696 σοι

167 4732 656 4805 Κύριος,διάὸολε,
679 4733 739 4786 ὃν
777 4733 958 4786 πάντα
1002 4730 1224 4804 φρίσσει
1262 4734 1357 4786 καὶ
1393 4735 1591 4804 τρέμει
1635 4733 1744 4787 ἀπὸ

166 4824 466 4896 προσώπου
489 4824 773 4896 δυνάμεως
789 4823 963 4878 αὐτοῦ
978 4863 994 4890 ,
1028 4824 1111 4876 ὄτι
1135 4822 1451 4895 ἄστεκτοςή
1475 4824 1614 4897 ὀργὴ
1643 4825 1745 4896 τῆς

165 4919 265 4972 ἐπὶ
292 4919 352 4971 σὲ
375 4918 606 4989 ἀπειλῆς
654 4915 844 4970 αὑτοῦ.
886 4915 1061 4979 Αὐτὸς
1093 4917 1326 4987 ἐπιτιμᾷ
1369 4932 1453 4970 σοι
1509 4916 1740 4988 Κύριος,

163 5008 409 5073 διάὅολε,
436 5010 525 5063 διὰ
551 5009 645 5063 τοῦ
673 5007 911 5080 φοϐεροῦ
942 5006 1112 5061 αὐτοῦ
1162 5006 1433 5078 ὀνόματος
1458 5022 1472 5037 ⁸
1526 5007 1742 5078 φρίξον,

165 5101 461 5173 τρόμαξον,
512 5100 819 5172 φοϐήθητι,
869 5097 1249 5170 ἀναχώρησον,
1294 5097 1743 5171 ὲξολοθρεύθητι,

166 5193 542 5266 φυγαδεύθητι
571 5195 600 5246 ό
630 5191 814 5247 πεσὼν
840 5189 1158 5263 οὐρανόθεν,
1200 5190 1296 5243 καὶ
1327 5190 1425 5243 σὺν
1451 5190 1535 5244 σοὶ
1566 5190 1748 5245 πάντα

163 5286 239 5340 τὰ
257 5284 471 5355 πονηρὰ
493 5282 806 5354 πνεύματα,
835 5283 944 5335 πᾶν
972 5280 1193 5351 πνεῦμα
1217 5278 1479 5349 πονηρὸν,
1523 5278 1748 5350 πνεῦμα

165 5377 485 5446 ἀσελγείας,
535 5375 752 5446 πνεῦμα
802 5373 1092 5445 πονηρίας,
1145 5370 1368 5442 πνεῦμα
1429 5369 1753 5442 νυκτερινὸν

165 5469 268 5523 atat
322 5467 621 5539 ἡμερινὸν,
686 5463 1063 5537 μεσημϐρινόν
1136 5480 1198 5517 τε
1259 5463 1359 5517 καὶ
1417 5460 1746 5533 ἑσπερινόν

170 5560 393 5631 πνεῦμα
426 5556 840 5631 μεσονυκτικὸν,
866 5554 1088 5626 πνεῦμα
1106 5552 1502 5624 φανταστικὸν,
1524 5549 1752 5623 πνεῦμα

173 5653 514 5720 συναντικὸν,
559 5651 670 5704 εἴτε
724 5650 1008 5721 χερσαῖον,
1063 5647 1175 5701 εἴτε
1228 5644 1472 5715 ἔνυδρον,
1523 5643 1634 5697 είτε
1691 5644 1752 5697 ἐν

173 5744 384 5808 ᾶλσοις,
411 5741 523 5797 εἴτε
551 5743 607 5797 ὲν
629 5740 924 5812 καλάμοις,
950 5736 1061 5791 εἴτε
1088 5738 1145 5790 ἑν
1195 5733 1490 5807 φάραγξιν,
1529 5731 1640 5786 εἴτε
1690 5732 1750 5786 ιν

1843 4543 2082 4608 discede,
2111 4542 2420 4612 disperdere
2440 4581 2457 4607 ,
2487 4540 2726 4611 eﬂ'ugare
2746 4579 2763 4606 ,
2792 4540 2883 4611 qui
2914 4555 2946 4597 e
2966 4541 3106 4597 caelo
3132 4541 3411 4612 decidisti,

1844 4639 2130 4703 tecumque
2158 4630 2376 4702 maligni
2407 4631 2587 4686 cuncti
2617 4629 2845 4702 Spiritus
2877 4648 2892 4686 :
2929 4631 3155 4700 spiritus
3183 4630 3412 4701 impuri-

1846 4724 1995 4791 tatis,
2028 4724 2258 4795 spiritus
2311 4722 2583 4794 nequitiae,
2634 4723 2859 4792 spiritus
2911 4732 3230 4790 nocturnus,
3260 4725 3416 4780 diur-

1846 4831 1984 4883 nus,
2033 4814 2363 4871 meridianus
2411 4824 2470 4870 et
2538 4815 2911 4885 vespertinus,
2964 4814 3187 4884 spiritus
3224 4816 3418 4872 media

1845 4904 2043 4970 noctis,
2088 4904 2311 4974 spiritus
2344 4903 2565 4973 spectri,
2603 4904 2828 4974 spiritus
2861 4918 3157 4961 occurrens
3181 4905 3416 4974 quicun-

1845 5012 1971 5068 que,
2001 4997 2117 5052 sive
2150 5006 2417 5063 terreuus,
2445 4997 2562 5052 sive
2587 4997 2862 5067 aquatilis,
2897 4996 3014 5052 sive
3057 4996 3112 5051 in
3163 4996 3417 5065 saltibus,

1842 5087 1958 5142 sive
2012 5085 2067 5141 in
2115 5085 2357 5149 calamis,
2399 5085 2514 5141 sive
2547 5086 2600 5153 in
2632 5085 2985 5153 convallibus,
3006 5086 3121 5141 sive
3166 5088 3218 5141 iu
3259 5086 3420 5143 biviis

1847 5187 1903 5234 et
1933 5178 2129 5243 triviis,
2160 5179 2215 5232 in
2245 5179 2492 5246 lacubus,
2514 5178 2567 5232 in
2586 5177 2759 5233 ﬂuviis
2779 5219 2795 5246 ,
2821 5179 2874 5232 in
2910 5179 3181 5247 domibus,
3211 5179 3264 5233 in
3300 5180 3420 5236 bal-

1848 5272 1967 5327 neis
1994 5271 2186 5327 solitus
2212 5271 2542 5335 discurrere,
2579 5279 2639 5323 ut
2667 5270 2941 5326 hominem
2971 5270 3150 5338 laedat,
3184 5280 3242 5326 et
3270 5287 3423 5329 men-

1852 5370 1959 5417 tem
1987 5362 2106 5434 ejus
2132 5363 2431 5432 perturbet.
2464 5359 2584 5417 Uno
2610 5361 2777 5415 verbo
2815 5362 2883 5416 ab
2914 5361 3131 5431 upillcio
3158 5364 3422 5420 creatoris

1852 5454 2054 5512 Christi
2097 5455 2193 5509 Dei
2223 5454 2393 5510 nostri
2418 5452 2703 5519 discedite,
2746 5468 2776 5507 a
2811 5469 2973 5511 servo
3018 5453 3112 5511 Dei
3149 5456 3320 5511 nostri
3348 5454 3417 5511 N.

1852 5545 2202 5617 separemini,
2241 5559 2271 5598 a
2321 5552 2521 5610 mente,
2553 5545 2620 5599 ab
2657 5543 2866 5612 anima,
2915 5562 2945 5600 a
2989 5545 3175 5611 corde,
3204 5561 3235 5600 a
3273 5546 3422 5601 reni-

1852 5640 1976 5706 bus,
2009 5637 2344 5704 aseusibus,
2393 5635 2463 5691 ab
2511 5639 2763 5694 omnibus
2823 5637 3104 5704 membris,
3137 5646 3194 5691 ut
3242 5636 3424 5694 salvus

1856 5729 1949 5799 sit,
1980 5738 2037 5786 et
2066 5728 2376 5799 incolumis,
2407 5739 2461 5785 et
2495 5727 2672 5797 liber;
2702 5728 3088 5802 propriumque
3140 5727 3427 5795 Dominum
