3854 6392
413 311 551 370 {067
1199 294 1763 356 SUPPLEMEN’IUM
1801 294 1894 348 AI)
1928 295 1981 348 S.
2017 295 2066 350 ,1.
2109 289 2598 350 CHRYSOSTOMI
2638 291 2893 353 OPERA.
3547 305 3675 359 {068

410 439 465 482 et
498 422 840 481 conditorem
873 416 1118 474 omnium
1155 414 1344 478 Deum,
1377 413 1470 483 qui
1505 421 1754 467 errantes
1803 410 1870 464 ad
1929 428 1932 464 :

2149 409 2285 471 όδοις
2335 410 2434 462 καὶ
2479 409 2734 477 τριόδοις,
2772 413 2832 464 ὲν
2873 411 3115 484 λίμναις,
3154 417 3249 470 καὶ
3286 416 3344 470 ὲν
3391 426 3671 490 ποταμοῖς,

415 523 631 573 revocat
657 522 712 568 et
742 509 984 580 colligit,
1007 506 1199 574 eisque
1237 503 1428 559 salutis
1452 503 1670 570 signum
1697 517 1793 572 per
1826 515 1937 572 regi

2179 504 2372 566 οῐκοις,
2394 504 2454 555 ἐν
2486 501 2703 569 αὐλαῖς,
2739 506 2836 557 καὶ
2874 507 2933 558 ἐν
2969 505 3277 576 βαλανείοις
3326 513 3676 583 παρατρέχων

414 607 749 664 nerationem
784 612 835 656 et
873 599 1278 656 renovationem
1316 596 1491 651 sancti
1524 593 1866 663 baptismatis
1891 594 1936 648 in

2155 594 2190 648 ιὶ
2229 593 2490 664 βλάπτον,
2519 594 2615 647 καὶ
2645 595 2893 650 ἀλλοιοῦν
2920 597 3014 653 τὸν
3057 597 3182 653 νοῦν
3225 599 3322 653 τοῦ
3367 601 3677 672 ἀνθρώπου.

413 699 647 771 pertitur
667 736 681 762 ,
713 702 973 765 agnoscat
1002 708 1016 745 :
1050 696 1106 745 et
1140 688 1394 755 illibatis,
1424 685 1764 750 cmlestibus,
1799 695 1854 741 et
1885 695 1934 740 tr

2155 687 2386 757 ιντόμως
2441 686 2840 756 ἀναχωρήσατε
2892 690 3003 744 ἀπὸ
3043 690 3141 744 τοῦ
3197 692 3528 764 πλάσματος
3587 695 3677 748 τοῦ

412 789 625 845 mendis
678 786 795 856 ejus
853 783 1128 853 mysteriis
1185 780 1380 850 dignus
1437 778 1552 844 ﬁat,
1591 791 1830 846 veroque
1877 776 1934 846 ejw

2158 777 2437 851 ptoupyo6
2482 778 2726 850 Χριστοῦ
2766 779 2864 834 τοῦ
2895 780 3032 835 Θεοῦ
3061 784 3241 856 ἡμῶν,
3286 787 3386 841 καὶ
3435 788 3680 842 ἀπαλλά-

413 878 540 933 ovili
587 877 641 930 in
665 874 938 945 refrigerii
969 873 1111 938 loco,
1145 886 1310 940 super
1342 885 1514 940 aquas
1545 870 1744 941 quietis
1780 879 1935 924 enutr

2153 875 2262 941 ιητε
2293 869 2403 924 ἀπὸ
2449 870 2544 926 τοῦ
2588 870 2782 925 δούλου
2825 869 2924 924 τοῦ
2953 870 3096 924 Θεοῦ
3142 877 3317 941 τοῦδε,
3374 879 3490 932 ἀπὸ
3539 881 3675 946 νοὸς,

415 979 522 1032 tus,
547 975 602 1021 et
628 964 809 1022 crucis
857 965 1007 1035 virga
1060 974 1253 1017 secure
1278 958 1503 1030 pecudis
1535 971 1688 1012 more
1728 956 1937 1011 deductu

2154 963 2209 1016 τοὺ
2238 965 2339 1033 τῆς
2362 962 2561 1033 ψυχῆς,
2591 962 2701 1018 ἀπὸ
2728 963 2827 1034 τῆς
2863 963 3110 1034 καρδίας,
3160 964 3270 1018 ἀπὸ
3295 969 3404 1022 τῶν
3438 971 3676 1041 νεφρῶν,

416 1059 659 1124 uniatur,
693 1058 748 1111 in
772 1055 1146 1110 remissionem
1166 1061 1534 1122 peccatorum,
1563 1061 1620 1105 et
1642 1048 1812 1103 vitam
1835 1055 1936 1102 ate

2156 1051 2211 1106 τὸ
2238 1051 2348 1106 τῶν
2375 1051 2710 1123 αίσθήσεων,
2743 1052 2854 1106 ἀπὸ
2894 1053 3116 1107 πάντων
3145 1054 3258 1107 τῶν
3301 1056 3506 1124 μελῶν,
3546 1063 3678 1132 πρὸς

417 1165 564 1203 nam.
589 1147 724 1215 Quia
759 1145 1016 1202 convenit
1038 1145 1089 1200 ei
1120 1143 1298 1200 omnis
1321 1141 1516 1213 gloria,
1547 1141 1748 1204 honor,
1778 1147 1834 1194 et
1864 1139 1939 1192 adi

2155 1163 2163 1196 ι
2191 1137 2518 1196 εῐναιαὺτὸν
2548 1143 2678 1213 ὑγιῆ
2729 1142 2824 1196 καὶ
2873 1143 3192 1214 ὁλόκληρον,
3227 1147 3324 1198 καὶ
3371 1148 3677 1221 ἐλεύθερον,

417 1241 580 1304 ratio,
607 1248 664 1294 et
694 1237 1119 1308 magniﬁcentia,
1144 1250 1268 1291 cum
1294 1233 1545 1304 principii
1593 1239 1822 1302 experte
1872 1230 1939 1299 ej:

2159 1231 2542 1302 ιιγινώσκοντα
2567 1234 2661 1288 τὸν
2691 1235 2824 1288 ἴδιον
2853 1235 3153 1305 Δεσπότην,
3199 1238 3295 1289 καὶ
3347 1237 3681 1312 δημιουργὸν

419 1329 619 1396 Patre,
679 1338 734 1384 et
789 1329 1166 1394 sanctissimo,
1201 1335 1256 1382 et
1291 1326 1464 1390 bono,
1519 1333 1574 1380 et
1627 1323 1844 1378 vivifico
1879 1321 1941 1392 eji

2159 1342 2193 1379 ιν
2226 1327 2485 1382 ἁπάντων
2518 1325 2677 1391 Θεὸν,
2719 1327 2814 1381 τὸν
2851 1328 3260 1396 ἑπισυνάγοντα
3301 1332 3429 1395 τοὺς
3471 1335 3681 1388 πεπλα-

422 1421 634 1492 Spiritu
671 1440 685 1477 :
720 1436 863 1478 nunc
894 1430 949 1477 et
976 1435 1214 1491 semper,
1247 1429 1301 1476 et
1337 1420 1390 1474 in
1421 1417 1620 1474 saecula
1655 1417 1944 1473 saeculorum

2160 1417 2397 1489 ιμένους,
2453 1419 2552 1472 καὶ⁵
2599 1418 2813 1472 διδόντα
2862 1420 3050 1482 αὐτοῖς
3095 1422 3371 1491 σφραγίδα
3406 1427 3682 1496 σωτηρίας

419 1514 612 1568 Amen.
2107 1509 2198 1564 διὰ
2230 1512 2332 1581 τῆς
2365 1511 2677 1582 γεννήσεως
2700 1511 2798 1564 καὶ
2828 1511 3230 1576 ἀνακαινίσεως
3262 1513 3358 1567 τοῦ
3399 1514 3552 1569 θείου
3591 1517 3683 1588 βα-

419 1606 749 1677 πτίσματος,
779 1607 859 1670 είς
881 1607 942 1661 τὺ
966 1605 1375 1677 καταξιωθῆναι
1405 1606 1568 1660 αὐτὸν
1599 1604 1709 1658 τῶν
1739 1604 2044 1676 ἁχράντων,
2083 1603 2182 1658 καὶ
2210 1603 2576 1676 ἐπουρανίων,
2606 1605 2700 1658 καὶ
2739 1605 2987 1676 φρικτῶν
3025 1605 3190 1659 αὑτοῦ
3223 1609 3570 1680 μυστηρίων,
3594 1613 3684 1665 καὶ

420 1704 691 1774 ἑνωθῆναι
715 1707 783 1776 τῇ
829 1705 996 1758 αὐτοῦ
1051 1704 1258 1778 ποίμνῃ
1303 1706 1372 1776 τῇ
1420 1704 1650 1776 ἀληθινῇ
1703 1705 1813 1778 ,είς
1859 1705 2028 1757 τόπον
2064 1703 2229 1776 χλόης
2293 1705 2772 1774 κατασκηνοῦντα,
2817 1705 2911 1759 καὶ
2949 1706 3044 1758 ἐπὶ
3083 1705 3275 1770 ὓδατος
3317 1705 3686 1769 ἀναπαύσεως

421 1796 850 1867 ἑκτρεφόμενον,
908 1797 1004 1851 καὶ
1058 1797 1164 1851 ὑπὸ
1232 1777 1541 1871 βακτηρίας
1600 1777 1710 1850 τοῦ
1746 1795 1984 1868 σταυροῦ
2025 1797 2404 1868 ποιμαντικῶς
2443 1797 2541 1852 καὶ
2589 1797 2851 1866 ἀσφαλῶς
2895 1798 3281 1869 όδηγούμενον,
3339 1800 3423 1862 είς
3490 1797 3684 1866 ἄφεσιν

422 1885 712 1958 ἁμαρτιῶν
743 1889 839 1941 καὶ
869 1889 947 1951 είς
972 1887 1120 1960 ζωὴν
1141 1887 1382 1944 αἰώνιον.
1438 1890 1560 1944 Ὅτι
1604 1887 1756 1960 αὺτῷ
1791 1889 1992 1960 πρέπει
2030 1891 2180 1943 πᾶσα
2219 1888 2368 1956 δόξα,
2438 1889 2594 1960 τιμὴ,
2627 1889 2724 1943 καὶ
2786 1890 3176 1961 προσκύνησις,
3211 1889 3307 1943 καὶ
3338 1889 3686 1960 μεγαλοπρὲ-

422 1995 576 2046 πεια,
599 1979 698 2032 σὺν
720 1978 801 2051 τῷ
830 1980 1054 2052 ἁνάρχῳ
1077 1981 1243 2036 αὐτοῦ
1269 1982 1469 2054 Πατρὶ,
1502 1983 1597 2037 καὶ
1616 1980 1694 2052 τῷ
1726 1981 2001 2054 παναγίῳ,
2043 1983 2139 2038 καὶ
2201 1981 2415 2053 ἀγαθῷ,
2443 1983 2540 2038 καὶ
2572 1979 2826 2052 ζωοποιῷ
2892 1981 3059 2036 αὐτοῦ
3101 1980 3381 2053 Πνεύματι
3401 1997 3415 2011 °
3465 1981 3568 2037 νῦν
3596 1982 3688 2035 καὶ

423 2070 531 2138 ἀεὶ,
555 2070 650 2126 καὶ
676 2072 758 2138 είς
777 2073 905 2138 τοὺς
921 2073 1128 2140 αἰῶνας
1148 2073 1256 2131 τῶν
1286 2073 1519 2131 αίὼνων.
1556 2074 1752 2148 Ἀμήν.
