3842 6464
417 393 422 401 ’
478 396 613 457 1071

1395 401 1530 461 NIC.
1566 405 1842 466 PETBEII
1882 411 2222 470 EPISTOLA
2263 415 2838 478 NUNCUPATORIA.

3602 431 3736 490 1072

471 517 809 588 φιλοσόφων.
835 516 1044 572 Prodiit
1077 526 1284 610 tantum
1321 517 1516 578 Latine
1545 524 1735 579 Venet.
1793 542 1840 580 a.
1880 528 2041 593 1.852,
2075 528 2130 592 4,
2159 547 2226 587 ex
2261 534 2511 590 versione
2537 534 2650 590 Nic.
2684 536 2910 604 Petreii,
2938 537 3235 610 Corcyrazi.
3271 542 3464 601 Graece
3497 547 3732 607 habetur

468 614 634 668 etiam
674 611 1100 704 aliquoties-ms.
1157 609 1437 704 Oxonii‘in
1475 615 1605 670 bibl.
1653 615 1860 671 Bodlei.
1893 617 2084 672 (ἰν-εειεο
2124 621 2297 675 altero
2351 621 2481 676 bibl.
2515 621 2781 679 Cresareao
2812 627 3002 681 codice
3037 609 3153 700 [l9.
3199 628 3262 683 V.
3320 631 3584 691 Lambee.
3641 637 3731 704 Vl,

466 715 520 770 p.
551 701 657 755 257
687 715 828 770 seq.,
854 710 906 753 et
935 700 1107 755 altero
1128 701 1180 754 in
1205 701 1325 755 cod.
1359 700 1619 757 Laurent.
1651 703 1748 776 [1.]
1780 717 1944 774 caput
1977 722 2122 760 xxxv
2157 709 2222 762 de
2249 709 2428 762 anima
2453 711 2739 779 quintnplo
2771 717 2943 782 majus
2981 716 3245 771 occurrit.
3269 717 3440 774 ΒΑΜ.

541 792 656 848 lluc
692 793 945 848 reducam
975 807 1040 846 ex
1089 793 1196 847 vol.
1231 791 1296 846 IX
1351 804 1458 847 Vel.
1496 797 1584 850 ed.
1632 807 1754 864 post
1793 796 2002 865 praefat.
2060 797 2293 852 Iudicem
2324 801 2663 866 scriptorum.
2691 804 2781 871 qui
2827 806 3064 859 citantur
3100 825 3132 861 a
3174 809 3386 864 Meletio
3413 813 3470 865 in
3499 814 3638 869 libro
3673 818 3734 871 ἀι

466 889 735 933 structura
766 879 994 933 hominis
1019 895 1047 932 a
1079 879 1328 934 Fabricio
1355 886 1741 938 concinnatum
1775 886 1838 938 ad
1867 887 2096 956 paginas
2117 888 2249 944 edit.
2295 889 2510 944 Venetae
2542 890 2701 955 1552,
2734 891 2791 946 4.

465 967 884 1036 Aristophanes,
920 969 972 1020 in
1005 967 1185 1036 Equit.
1217 967 1305 1022 80.

467 1059 810 1125 Aristoteles,
837 1061 924 1112 b8.

466 1149 721 1215 Basilius,
751 1151 808 1214 2,
840 1149 895 1212 7,
930 1149 1020 1214 21,
1057 1149 1147 1214 48,
1176 1148 1266 1212 57,
1301 1147 1388 1213 72,
1419 1149 1509 1203 77.

469 1237 860 1304 Callimachus,
892 1240 984 1304 65,
1013 1239 1105 1305 85,
1139 1238 1229 1304 90,
1260 1237 1380 1294 157.

469 1333 915 1403 Chrysostomus,
940 1333 996 1387 2.

470 1425 728 1495 Cyrillus,
759 1425 814 1479 2.

471 1517 850 1587 Empedocles,
887 1517 1010 1572 142.

474 1607 765 1679 Epicurus,
795 1610 883 1665 67.

476 1701 735 1766 Galenus,
770 1703 820 1766 1,
851 1703 941 1768 68,
981 1704 1104 1769 109,
1149 1704 1272 1758 142.

472 1794 700 1863 Gregor.
727 1793 982 1850 Nazianz.
1029 1796 1328 1867 theologus,
1372 1797 1460 1863 67,
1499 1799 1619 1863 114,
1659 1798 1782 1854 142.

2150 976 2443 1041 Gregorius
2469 977 2767 1048 Nyssenus,
2797 979 2850 1042 2,
2883 979 2972 1048 10,
3011 982 3135 1047 114,
3169 984 3290 1040 HO.

2152 1069 2324 1124 Graeci
2361 1080 2654 1138 nuganlur,
2691 1070 2776 1126 10.

2153 1158 2437 1225 Hesiodus,
2476 1161 2566 1225 59,
2595 1163 2683 1218 91.

2156 1249 2437 1316 Homerus,
2494 1251 2549 1317 9,
2580 1252 2673 1316 20,
2729 1254 2823 1319 29,
2853 1255 2942 1321 51,
2985 1254 3075 1322 61,
3106 1256 3199 1322 65,
3240 1258 3330 1322 66,
3366 1259 3460 1323 72,
3504 1261 3603 1326 75,
3649 1263 3733 1326 71,

2223 1340 2314 1406 85,
2347 1340 2437 1407 88,
2491 1341 2581 1407 89,
2635 1343 2725 1412 95,
2757 1344 2883 1411 l06,
2941 1345 3065 1413 109,
3115 1348 3239 1414 110,
3271 1349 3397 1414 iac,
3446 1350 3731 1418 121,127,

2224 1431 2348 1494 129,
2387 1431 2506 1487 156.
2543 1433 2735 1501 Poeta,
2763 1435 2854 1491 80.

2150 1519 2496 1590 Lycophron,
2530 1523 2620 1579 85.

2157 1613 2422 1668 Pindarus
2449 1616 2500 1669 in
2533 1617 2920 1688 Dithyrambis.
2950 1619 3040 1675 86.

2157 1706 2328 1771 Plato,
2359 1709 2452 1770 25,
2491 1709 2581 1763 27.
2608 1708 2834 1773 Timtno,
2870 1713 2958 1766 57.

2159 1797 2410 1853 Socrates
2436 1801 2502 1852 de
2531 1801 2768 1854 hominis
2808 1813 2999 1856 natura
3026 1806 3189 1874 (apud
3222 1809 3464 1876 Platon.)
3489 1811 3541 1865 1.
3567 1811 3736 1868 ﬂant.

546 1887 837 1951 Incertum,
895 1890 1210 1943 diversnsnc
1242 1892 1309 1944 ab
1363 1892 1464 1945 hoc
1518 1893 1584 1946 sit
1628 1893 1907 1956 Meletius,
1937 1893 2003 1946 ad
2051 1905 2210 1962 quem
2243 1891 2512 1945 Theodori
2571 1893 2800 1948 Studitm
2826 1896 3070 1962 epiStola:
3104 1911 3401 1967 supersunt
3445 1903 3599 1956 inter
3632 1905 3738 1957 ine—

472 1975 614 2028 ditas
643 1975 762 2029 illas
793 1977 920 2040 277,
953 1993 1112 2046 quas,
1150 1977 1440 2033 Sirmondo
1489 1981 1628 2034 hami
1666 1982 1827 2043 visas,
1865 1990 2046 2033 servat
2092 1979 2261 2034 codex
2296 1979 2424 2032 bibl.
2464 1979 2858 2048 Seguieriunze.
2901 1982 3068 2037 Faan.
3111 1983 3178 2042 V.
3216 1985 3526 2044 Montl’auc.
3597 1989 3733 2044 Bibl,

475 2057 698 2120 Coislin.
735 2080 786 2134 p.
828 2065 944 2130 147,
980 2067 1099 2130 MO,
1131 2068 1260 2131 517,
1299 2070 1439 2134 520;
1467 2079 1518 2123 et
1548 2068 1772 2122 Bandin.
1805 2068 1926 2123 Cat.
1960 2069 2070 2122 coJ.

2157 2066 2249 2122 Gr.
2281 2066 2446 2123 Laur.
2481 2067 2567 2132 lll,
2611 2085 2663 2138 p.
2696 2069 2827 2126 284.
2860 2069 3034 2126 lianc.

481 2242 3719 2271 .____._________.____________________________

896 2327 1308 2460 NICOLAI
1390 2381 1798 2459 PETREII
1878 2380 2386 2459 EPISTOLA
2477 2378 3287 2460 NUNCUPATORIA

1387 2578 1665 2623 coruom
1719 2578 1983 2624 VENETJE
2038 2577 2193 2623 ΔΝΜ
2268 2559 2417 2622 1552
2483 2576 2788 2621 9115mm.

542 2728 850 2798 Philippum
891 2725 1039 2780 illum
1090 2724 1442 2781 Macedonum
1492 2743 1691 2796 regem.
1748 2727 2046 2784 Alexandri

472 2830 699 2890 patrem,
729 2819 821 2889 qui
861 2835 960 2888 pro
1014 2819 1178 2874 rebus
1212 2835 1242 2872 a
1274 2833 1333 2872 se
1365 2821 1622 2884 prmelare
1667 2821 1836 2887 gestis
1865 2819 2046 2884 Magni

471 2929 670 2969 nomen
702 2913 888 2970 sortiri
911 2914 1111 2967 meruit
1136 2953 1151 2978 ,
1176 2911 1326 2966 Sauli
1352 2912 1653 2968 Prmsulum
1671 2914 2046 2981 celeberrime,

471 3022 597 3061 eum
672 3003 934 3074 temporis
1020 3001 1125 3057 sibi
1200 3003 1544 3058 occasionem
1617 3004 2042 3074 exspectandam

470 3104 706 3165 putaret,
729 3108 838 3162 quo
859 3093 912 3146 in
945 3107 1005 3147 se
1034 3091 1386 3163 promeritum
1411 3091 1572 3160 digna
1600 3090 1848 3147 conferre
1880 3092 2046 3148 bene-

475 3187 593 3242 ticia
632 3194 838 3257 posset,
891 3185 1036 3255 quod
1098 3183 1253 3238 illum
1304 3183 1456 3252 prius
1503 3192 1734 3238 mortem
1793 3193 2046 3254 oppetere

472 3276 810 3346 contigisset,
868 3292 1030 3346 quam
1081 3290 1112 3329 a
1149 3289 1210 3330 se
1252 3273 1414 3345 digna
1443 3290 1542 3346 pro
1580 3276 1792 3331 meritis
1825 3280 2045 3347 praemia

471 3370 762 3440 acciperet,
791 3369 1159 3440 illaerymasse
1209 3367 1411 3432 ferunt,
1441 3369 1570 3422 dum
1616 3369 1668 3423 id
1700 3370 2048 3440 magnanimo

471 3463 584 3534 regi
618 3465 776 3532 plane
798 3468 1071 3516 constaret
1099 3475 1158 3514 se
1178 3459 1384 3513 nullum
1419 3459 1639 3529 gravius
1665 3459 1894 3526 crimen,
1922 3461 2047 3515 nul-

473 3555 584 3610 lum
599 3553 971 3609 detestabilius
983 3566 1145 3623 quam
1162 3549 1569 3621 ingratitudinis
1581 3550 1767 3606 subire
1780 3551 2045 3620 potuisse.

474 3646 650 3712 Quod,
698 3660 821 3701 cum
874 3643 1096 3713 ubique,
1147 3650 1314 3713 atque
1358 3642 1499 3711 apud
1539 3657 1732 3699 omnes
1785 3645 2046 3700 mortales

473 3738 814 3794 intolerabile
853 3736 1025 3792 videri
1078 3734 1291 3801 debeat,
1336 3735 1483 3804 justa
1548 3735 1766 3805 quidem
1813 3736 2046 3804 ratione,

475 3828 616 3899 apud
645 3827 1029 3890 Athenienses,
1075 3826 1129 3879 in
1165 3825 1411 3881 omnium
1439 3824 1699 3881 virtutum
1735 3842 1800 3883 ac
1845 3827 2050 3882 doctri-

477 3935 670 3974 narum
719 3933 916 3989 genere
968 3916 1470 3988 praestantissimos,
1499 3917 1772 3987 publicam
1816 3917 2050 3990 hujusce

475 4013 554 4067 rei
600 4011 870 4067 actionem
919 4009 1271 4066 constitutam
1318 4008 1491 4064 fuisse
1523 4009 1879 4078 crediderim;
1919 4026 2044 4065 nam

475 4105 568 4174 qui
636 4103 702 4159 de
749 4117 808 4158 sc
851 4101 988 4156 bene
1036 4101 1252 4165 merito,
1313 4100 1470 4155 talem
1523 4099 1726 4156 referre
1784 4103 2046 4171 gratiam,

476 4193 914 4265 qualemcunque
953 4207 1049 4261 per
1100 4205 1158 4246 se
1205 4199 1400 4261 potest,
1448 4192 1692 4262 negligit,
1735 4193 1850 4261 ipse
1887 4193 2046 4262 inops

478 4298 736 4339 sensuum
782 4295 846 4337 ac
900 4282 1062 4352 plane
1123 4281 1527 4352 ingratissimus
1575 4283 1769 4336 merito
1821 4297 2051 4337 censen-

476 4378 578 4432 dus
617 4386 719 4431 est.
763 4374 888 4430 Haec
927 4373 1059 4430 mihi
1100 4374 1298 4444 s:epius
1337 4389 1549 4430 meeum
1580 4374 1805 4446 agitanti
1836 4391 1963 4431 cum
1995 4376 2048 4428 in

478 4467 795 4521 memoriam
848 4465 1174 4520 adducerem
1223 4475 1427 4533 quanta
1487 4464 1598 4519 sint
1649 4482 1772 4535 qua:
1831 4465 1884 4518 in
1940 4481 2047 4528 me,

477 4561 602 4612 dum
637 4557 820 4612 Romae
863 4572 1062 4622 essem,
1119 4570 1218 4624 pro
1243 4563 1334 4609 tua
1391 4556 1656 4626 singulari
1716 4557 2051 4610 humanitate

476 4651 736 4704 beneﬁcia
773 4649 1088 4712 contuleris,
1121 4655 1498 4718 quantumque
1555 4649 1651 4703 tibi
1677 4663 1763 4704 me
1804 4648 1873 4703 ob
1898 4659 2047 4704 luant

477 4742 530 4794 in
565 4757 650 4794 me
678 4740 1108 4795 benevolentiam
1154 4740 1431 4811 perpetuis
1476 4742 1815 4810 temporibus
1857 4743 2049 4797 devin-

477 4840 622 4885 ctum
659 4838 1112 4898 auctoratumque
1145 4829 1464 4894 reddideris,
1499 4831 1649 4886 nullo
1681 4847 1788 4885 non
1807 4840 2052 4902 tempore

477 4922 611 4975 mihi
670 4919 1021 4991 cogitandum
1072 4920 1279 4988 putavi,
1345 4935 1455 4990 quo
1506 4932 1666 4992 pacto
1699 4923 1796 4976 tibi
1847 4924 2050 4993 aliquid

477 5013 666 5082 gratiae
719 5026 1000 5081 reponam,
1054 5027 1121 5065 ne
1180 5027 1299 5075 me,
1345 5014 1488 5081 quod
1534 5024 1793 5082 perpetuo
1846 5017 2053 5084 turpis-

481 5107 680 5160 simum
714 5103 988 5166 ducerem,
1010 5103 1208 5174 ingrati
1232 5117 1384 5158 reum
1411 5119 1720 5175 perageres.
1745 5105 1810 5159 Et
1831 5107 2050 5176 quidem

479 5211 604 5252 cum
640 5194 1030 5264 imprmsentia,
1080 5193 1353 5248 Meletium
1397 5193 1780 5264 philosophum
1808 5197 1874 5250 de
1917 5204 2056 5251 stru-

478 5297 634 5342 ctura
688 5297 990 5358 naturaque
1029 5286 1286 5354 hominis,
1321 5286 1534 5357 insigne
1582 5288 1783 5358 alioqui
1823 5290 2052 5358 hujusce

481 5379 821 5434 tractationis
857 5379 994 5448 opus
1013 5420 1028 5446 ,
1049 5379 1295 5448 pluribus
1321 5378 1519 5436 abhinc
1548 5380 1710 5435 annis
1735 5397 1764 5434 a
1789 5396 1874 5436 me
1899 5381 2050 5437 Lati-

481 5473 652 5528 nitate
681 5472 964 5534 donatum,
1002 5471 1055 5526 in
1086 5472 1365 5541 publicum
1393 5472 1554 5528 edere
1580 5474 1913 5540 statuissem,
1938 5491 2055 5544 per-

480 5564 773 5634 mnltisque
831 5579 1074 5618 meorum
1135 5565 1457 5628 amicorum,
1487 5577 1541 5621 et
1587 5582 1700 5622 sum
1725 5568 2050 5630 etomniu'm

481 5656 855 5712 studiosorum
899 5655 1117 5711 utilitati
1149 5657 1576 5722 consulentibus,
1611 5658 1704 5728 qui
1737 5658 1899 5714 enixe
1934 5659 1988 5714 id
2022 5676 2053 5714 a

482 5764 568 5804 me
595 5748 888 5818 impetrare
940 5749 1354 5813 contenderant,
1387 5749 1655 5820 denegare
1689 5750 1794 5806 hoc
1818 5751 2053 5821 amplius

482 5839 630 5899 nulla
661 5841 874 5898 ratione
899 5856 1148 5914 possem,
1178 5841 1380 5914 duplici
1411 5841 1477 5898 de
1508 5858 1672 5900 causa
1708 5851 1813 5899 tuae
1855 5844 2052 5916 ampli-

2150 2727 2322 2781 tudini
2380 2727 2484 2782 boc
2525 2741 2663 2796 opus
2692 2741 2802 2796 prae
2848 2725 3059 2781 caeteris
3087 2727 3446 2783 dedicandum
3505 2728 3735 2782 censui:

2147 2820 2312 2873 altera
2342 2820 2584 2888 quidem,
2625 2817 2772 2888 quod
2825 2825 2878 2873 te
2907 2819 3179 2872 nemiuem
3212 2819 3379 2873 animi
3423 2819 3735 2880 nobilitate,

2147 2921 2242 2966 aut
2290 2911 2554 2982 probitate
2603 2910 2753 2977 vitae,
2797 2915 2893 2964 aut
2939 2909 3195 2975 consilio,
3246 2919 3342 2965 aut
3396 2911 3735 2981 optimarum

2147 3005 2347 3059 artium
2409 3004 2693 3072 utriusque
2721 3003 2918 3074 linguae
2948 3003 3165 3067 studiis,
3212 3012 3308 3058 aut
3353 3005 3510 3058 omni
3543 3021 3738 3076 genere

2147 3092 2325 3147 laudis
2355 3092 2786 3162 praestantiorem
2837 3107 2958 3148 esse
3007 3092 3489 3164 sciam:quorum
3540 3097 3737 3164 gratia,

2151 3201 2251 3240 cur
2275 3185 2487 3249 cﬂ‘erre,
2523 3185 2773 3241 laudibus
2801 3185 2996 3240 Studiis
3030 3186 3306 3255 prosequi,
3353 3186 3735 3242 benevolentia

2149 3277 2435 3348 complecti
2473 3294 2578 3332 non
2620 3277 2885 3333 debeam?
2937 3276 3107 3331 altera
3156 3292 3309 3340 vero,
3333 3293 3460 3334 cum
3523 3295 3619 3334 me
3649 3279 3735 3332 tibi

2151 3379 2434 3439 tantopere
2459 3369 2657 3424 debere
2704 3368 3099 3432 existimarem,
3136 3377 3196 3421 ut
3225 3368 3373 3422 nulla
3403 3371 3634 3424 ratione
3662 3386 3736 3424 me

2151 3460 2408 3515 solvendo
2441 3475 2562 3514 esse
2589 3459 2888 3525 crederem,
2910 3460 3011 3514 hoc
3035 3460 3224 3514 saltem
3244 3459 3426 3529 aliqua
3464 3475 3535 3515 ex
3559 3472 3729 3531 parte.

2153 3559 2260 3604 tam
2297 3550 2541 3604 benevoli
2577 3551 2652 3604 tui
2686 3565 2811 3620 erga
2843 3565 2930 3604 me
2965 3549 3132 3604 animi
3170 3550 3341 3603 vicem
3372 3562 3736 3621 repraesentao

2151 3658 2286 3697 rem.
2322 3640 2456 3696 Nam
2492 3641 2708 3697 tametsi
2749 3641 2951 3711 Optime
2999 3641 3169 3695 sciam
3221 3650 3490 3711 quantam
3523 3659 3732 3702 curam.

2151 3732 2392 3788 studium
2459 3746 2525 3788 ac
2582 3731 2792 3801 vigilias
2845 3731 2900 3786 in
2954 3730 3384 3785 administranda
3440 3730 3602 3786 illius
3653 3749 3735 3787 cev

2152 3822 2454 3880 leberrima:
2507 3822 2655 3878 urbis
2713 3821 2988 3892 provincia
3034 3836 3297 3892 exponas,
3349 3822 3466 3888 cui,
3530 3832 3612 3890 te,
3653 3839 3733 3879 sa-

2153 3914 2307 3985 piens
2356 3913 2600 3984 pontifex
2653 3929 2720 3969 ac
2780 3913 3198 3977 consideratus,
3250 3928 3353 3969 nec
3401 3914 3733 3970 ambientem

2150 4022 2252 4061 nec
2317 4014 2586 4075 petentem
2641 4004 2916 4076 prafecit,
2973 4020 3136 4075 quam
3193 4014 3248 4060 te
3301 4003 3462 4061 obire
3522 4022 3733 4062 summa

2151 4096 2457 4167 prudentia,
2503 4097 2722 4158 virtute.
2781 4096 3010 4151 consilio
3069 4110 3261 4152 omnes
3325 4097 3539 4166 passim
3601 4114 3732 4168 pra-

2151 4189 2337 4243 dicant
2388 4207 2402 4242 :
2451 4202 2627 4257 neque
2686 4202 2749 4240 ex
2808 4187 2912 4242 hoe
2962 4187 3223 4257 temporis
3291 4188 3390 4243 tibi
3452 4191 3732 4261 quidpiam

2155 4278 2424 4347 reliquum
2457 4291 2599 4338 esse,
2631 4276 2777 4345 quod
2811 4278 3180 4346 praestantium
3213 4285 3508 4332 auctorum
3553 4281 3735 4335 lectio-

2155 4369 2317 4424 nibus
2373 4369 2456 4440 (ut
2513 4367 2899 4438 consueveras)
2957 4369 3320 4438 impenderes,
3379 4378 3570 4426 tamen
3617 4387 3731 4425 cum

2155 4459 2424 4514 Meletium
2452 4473 2632 4513 meum
2662 4459 2931 4524 evolvere,
2967 4474 3091 4512 eum
3125 4459 3494 4529 introspicere
3532 4466 3734 4516 consti-

2153 4562 2293 4618 tues,
2331 4561 2382 4606 te
2429 4552 2684 4606 meliores
2723 4551 2817 4604 otii
2851 4550 2931 4604 tui
2961 4551 3122 4604 horas
3157 4552 3210 4604 iu
3247 4552 3590 4622 perlegendo
3627 4556 3732 4622 ipso

2152 4646 2525 4714 expositurum
2556 4659 2664 4698 non
2689 4657 2897 4698 vereor.
2924 4641 2973 4697 Is
2995 4644 3161 4708 enim,
3188 4645 3546 4713 magnanime
3561 4646 3728 4709 Sani,

2154 4737 2622 4794 absolutissimum
2696 4751 2857 4806 opus,
2913 4745 3199 4790 structura:
3245 4752 3312 4792 ac
3372 4748 3596 4795 naturae
3649 4743 3733 4794 bo-

2155 4834 2317 4888 minis
2356 4832 2782 4903 perscripturus,
2829 4845 3020 4886 omnes
3061 4831 3414 4900 antiquorum
3459 4833 3636 4890 libros
3664 4838 3732 4903 (ut

2155 4930 2271 4998 ipse
2319 4928 2384 4981 ad
2432 4926 2518 4982 sui
2565 4926 2747 4995 operis
2782 4923 2938 4978 initia
2983 4924 3231 4993 testatur)
3261 4923 3367 4978 sibi
3405 4927 3730 4982 evolvendos

2155 5016 2466 5087 proposuit,
2503 5023 2614 5076 ut,
2663 5028 2786 5083 qua:
2837 5011 3068 5082 sparsim
3125 5011 3178 5064 in
3229 5026 3422 5066 eorum
3473 5014 3634 5070 libris
3676 5016 3730 5069 de

2157 5109 2374 5163 homine
2402 5106 2819 5176 comprehensa,
2866 5117 2967 5158 nec
3007 5103 3261 5158 absolute
3293 5106 3573 5174 explicata
3623 5107 3730 5162 fue-

2159 5207 2303 5261 rant,
2353 5199 2407 5252 in
2459 5196 2625 5250 unius
2681 5193 2862 5264 Operis
2902 5193 3098 5248 seriem
3154 5194 3562 5264 redigerentur.

2227 5291 2308 5344 Ab
2336 5287 2619 5345 elementis
2664 5287 2848 5356 itaque
2880 5285 3070 5341 mundi
3099 5300 3353 5350 exorsus,
3386 5288 3454 5342 ad
3491 5295 3732 5360 corporis

2158 5386 2426 5440 elementa
2472 5380 2846 5453 progrediens,
2895 5395 3007 5450 quo
3051 5389 3210 5451 pacto
3255 5380 3365 5436 hoc
3408 5382 3621 5437 animal
3665 5387 3733 5452 gi-

2159 5477 2344 5546 gnitur
2381 5475 2813 5542 alimentumque
2847 5473 3035 5537 sumit,
3081 5487 3147 5526 ac
3175 5481 3312 5541 quot
3353 5472 3552 5528 vitaies
3588 5487 3735 5527 Italu—

2160 5569 2492 5640 ralesqueae
2518 5568 2782 5623 animales
2806 5565 3094 5622 facultates
3111 5581 3240 5624 suas
3264 5566 3316 5621 in
3346 5567 3469 5636 ipso
3498 5569 3734 5622 actionrs

2159 5661 2474 5726 ostendunt,
2503 5660 2788 5730 perspicue
2803 5659 3064 5714 declarat.
3086 5657 3247 5723 Tum,
3268 5657 3593 5728 priusquam
3618 5674 3730 5712 cor-

2161 5753 2310 5823 poris
2336 5760 2519 5822 partes
2551 5751 2868 5820 singillatim
2899 5751 3174 5820 explicare
3198 5749 3568 5821 aggrediatur,
3602 5766 3730 5819 quo-

2162 5844 2323 5900 modo
2377 5859 2531 5900 mens
2569 5859 2666 5914 per
2701 5858 2894 5898 sensus
2934 5850 3078 5914 agat,
3117 5840 3248 5912 quid
3301 5841 3497 5913 triplex
3545 5844 3729 5898 anima
