3854 6468
251 384 394 443 1075

252 498 486 554 facultas
535 499 638 561 sit,
682 513 933 567 necnon,
994 511 1130 573 quot
1184 504 1413 562 virtutes
1464 522 1586 579 qua:
1633 511 1834 579 princi-

252 590 407 661 pales
459 589 804 659 appellantur
828 593 968 660 sint;
999 610 1187 664 quaeve
1236 597 1456 653 virtutis
1484 614 1549 655 ac
1573 600 1830 655 vitiorum

249 696 452 750 genera
503 697 626 750 quae
669 697 734 735 ex
778 683 913 752 ipsis
960 687 1288 755 proveniunt
1328 689 1633 745 habeantur
1679 709 1692 745 :
1751 690 1831 746 si-

246 771 496 840 mulque,
517 787 626 840 quo
649 783 830 841 pacto,
871 776 1153 844 gaudium,
1187 778 1431 840 tristitia,
1454 779 1623 841 risus,
1655 779 1833 850 lacry-

246 877 373 926 mae,
399 877 464 916 ac
495 877 724 918 somnus
750 874 1166 934 constituantur,
1191 869 1312 924 luce
1339 869 1542 924 clarius
1567 871 1829 927 ostendit.

245 954 392 1019 Quid
423 954 571 1008 enim
603 964 707 1019 est,
738 957 940 1025 praesul
966 958 1191 1027 optime,
1215 959 1362 1028 quod
1397 961 1832 1018 animadvertere

241 1063 317 1102 ac
351 1047 700 1102 considerare
749 1048 928 1116 potius
953 1065 1079 1105 cum
1125 1053 1380 1108 onmibus
1414 1054 1696 1118 studiosis,
1729 1055 1831 1111 hac

243 1153 307 1193 re
381 1139 578 1194 merito
638 1139 850 1195 debes?
926 1141 1287 1213 Posteaquam
1351 1147 1530 1214 opifex
1589 1145 1828 1201 Verbum

241 1229 316 1282 ab
364 1229 746 1288 intellectualis
795 1247 860 1288 ac
903 1232 1136 1290 visibilis
1185 1236 1588 1306 materialisque
1638 1239 1829 1294 mundi

241 1321 526 1376 creatione
572 1322 776 1377 animal
818 1323 978 1379 edere
1023 1325 1154 1396 (quo
1177 1327 1402 1397 majoris
1434 1328 1714 1398 sapientia:
1738 1345 1848 1394 ars

243 1420 568 1482 gumentum
597 1429 662 1468 ac
689 1414 836 1470 circa
872 1425 1099 1473 naturas
1143 1419 1368 1488 largitas
1404 1419 1633 1490 ejusque
1659 1421 1824 1477 boni-

243 1501 377 1556 tatis
420 1502 717 1556 thesaurus
761 1504 1104 1559 innotescere
1135 1507 1330 1578 possit)
1379 1510 1692 1575 statuisset,
1723 1511 1827 1566 ho-

243 1593 450 1645 minem
477 1595 800 1661 procreavit,
825 1596 982 1666 quasi
1003 1596 1230 1652 alterum
1248 1599 1536 1668 quemdam
1563 1602 1825 1656 mundum

1525 391 1844 454 EDITORIS
1899 399 2114 457 MONIT
2123 403 2239 460 ΗΜ.

3371 413 3504 468 ἱθῊ

1933 530 2064 570 vero
2096 531 2419 572 arcanorum
2449 519 2702 589 peritum,
2756 519 3094 578 terrestrium
3135 535 3339 594 regem,
3383 527 3510 596 qui-

1933 621 2040 675 que
2069 623 2100 661 a
2126 608 2498 677 superioribus
2522 612 2766 682 regitur:
2799 623 2957 669 teme
2999 629 3064 669 ac
3108 615 3247 670 coelo
3291 629 3511 672 accom-

1933 695 2179 760 modum,
2219 698 2606 767 temporarium
2633 710 2795 772 atque
2827 701 3211 768 immortalem,
3241 704 3507 762 visibilem

1933 794 2096 856 atque
2135 787 2558 860 intelligibilem,
2608 793 2846 847 medium
2906 795 3048 848 inter
3089 795 3302 851 excelsa
3344 806 3510 866 atque

1932 875 2190 944 humilia;
2218 881 2314 948 qui
2367 879 2508 934 idem
2559 882 2783 951 spiritus
2829 891 2884 940 et
2929 900 3059 940 caro
3085 895 3187 942 est.
3233 885 3506 957 Idemque,

1931 970 2023 1038 qui
2076 971 2164 1026 hic
2221 980 2489 1040 potestate
2533 975 2752 1044 praesit,
2810 975 2925 1030 alio.
2977 992 3109 1032 vero
3174 978 3506 1046 migraturus

1931 1059 2024 1123 sit,
2049 1069 2213 1130 atque
2244 1062 2298 1116 in
2329 1064 2573 1134 mysterii
2601 1064 2731 1127 fine,
2765 1065 2831 1120 ad
2869 1065 3039 1121 Deum
3074 1067 3340 1134 innuens,
3372 1069 3508 1123 divi-

1930 1165 2062 1204 num
2093 1152 2378 1208 eﬂiciatur.
2415 1152 2592 1224 Hujus
2619 1156 2764 1210 enim
2800 1157 3052 1213 animalis
3077 1168 3326 1213 naturam
3360 1168 3508 1216 stru-

1929 1249 2250 1310 cturamque
2272 1240 2545 1298 Meletium
2575 1244 2752 1313 ipsum
2781 1245 2834 1299 in
2860 1246 2962 1300 hoc
2985 1261 3146 1316 opere
3173 1249 3510 1318 expressisse

1930 1328 2281 1397 perspicies;
2320 1345 2388 1386 ex
2431 1330 2537 1388 hoc
2610 1333 2771 1403 plane
2826 1333 3231 1404 deprehendere
3306 1337 3516 1406 poteris.

1931 1415 2067 1473 nihil
2099 1433 2222 1474 esse
2253 1419 2309 1473 in
2339 1420 2592 1476 universa
2631 1431 2827 1476 natura
2864 1424 3087 1479 homine
3116 1425 3504 1494 praestabilius.

1928 1509 2020 1564 illo
2075 1512 2396 1580 praesertim,
2443 1529 2604 1582 quem
2632 1515 2886 1580 consilio,
2919 1516 3212 1587 probitate,
3249 1517 3506 1574 humani-

1929 1606 2060 1664 tate,
2085 1599 2417 1666 innocentia,
2443 1601 2725 1672 religione,
2763 1604 3139 1673 magnitudine
3159 1606 3350 1669 animi,
3382 1623 3506 1662 om-

244 1681 301 1734 in
331 1696 501 1750 parvo
522 1697 780 1754 magnum
817 1700 983 1754 super
1015 1695 1214 1741 terram
1243 1689 1603 1744 constituens.
1641 1690 1819 1758 Hunc,

242 1771 503 1842 inquam,
585 1776 811 1844 creavit,
875 1778 1040 1831 alium
1131 1780 1418 1849 angelum,
1469 1781 1822 1848 adorantem,

243 1863 502 1930 mistum,
555 1864 788 1922 visibilis
845 1876 1054 1923 naturae
1112 1869 1397 1935 arbitrum,
1445 1870 1825 1928 intellectualis

1928 1688 2091 1744 nibus
2119 1689 2172 1742 in
2195 1691 2358 1749 rebus
2383 1693 2770 1764 quamplurimi
2815 1695 3104 1765 praeditum
3156 1711 3280 1753 esse
3337 1712 3507 1769 agno-

1935 1788 2216 1837 scunt.....

258 2144 3461 2184 ————————————____________________________

961 2420 1483 2511 CBAMEBI
1563 2419 2144 2514 MONITUM
2223 2423 2782 2519 LECTORI.

310 2826 508 2884 Tertio
543 2823 946 2880 Auecdotorum
977 2821 1424 2895 [Oxonieosium]
1452 2823 1723 2879 volumine
1767 2839 1911 2881 nunc
1941 2827 2172 2896 primum
2211 2827 2398 2883 Graece
2421 2827 2633 2883 edimus
2655 2826 2853 2884 Meletii
2877 2826 3312 2901 iatro-sopbistte
3337 2845 3503 2902 opos-

243 2923 428 2977 cutum
461 2920 596 2989 Περὶ
628 2918 726 2986 τῆς
750 2917 846 2971 τοῦ
880 2916 1172 2988 ἀνθρώπου
1203 2918 1574 2988 κατασκευῆς,
1627 2919 1821 2972 Itacleu

1930 2929 2131 2974 tantum
2154 2935 2218 2976 ex
2255 2913 2451 2977 Latina
2499 2920 2753 2976 versione
2799 2917 3006 2975 Nicolai
3035 2920 3234 2977 Petreii
3256 2963 3271 2988 ,
3304 2921 3506 2995 Corcy-

246 3019 364 3078 raei,
396 3009 637 3067 Venetiis
673 3025 764 3062 an.
799 3007 940 3062 l552
973 3008 1258 3077 impressa,
1292 3007 1590 3076 vulgatum.
1638 3008 1867 3064 Textum
1899 3011 1965 3064 ad
1999 3011 2158 3065 tidem
2191 3015 2356 3068 trium
2385 3014 2636 3070 codicum
2669 3009 3085 3067 Bodleianorom
3115 3011 3437 3070 exhibemus
3485 3033 3504 3072 :

241 3104 573 3164 Barocciani
611 3103 704 3156 151
748 3102 862 3172 (Α),
889 3102 1002 3156 Ιὶοθ
1027 3100 1095 3153 Η
1125 3099 1210 3171 (Β)
1245 3110 1299 3154 et
1332 3099 1401 3154 15
1431 3100 1515 3168 (C)
1539 3118 1552 3166 ;
1579 3117 1809 3169 quorum

1932 3119 1996 3173 ge
2035 3105 2365 3174 antiquitate
2415 3115 2470 3161 et
2505 3103 2750 3158 bonitate
2782 3101 3131 3171 praestantior
3175 3110 3260 3156 est
3306 3100 3508 3159 Baroc-

243 3200 461 3253 cianus.
495 3193 649 3247 Hunc
685 3192 907 3246 ineunte
943 3190 1156 3246 decimo
1183 3201 1376 3259 quarto
1403 3191 1602 3246 saeculo
1633 3193 1894 3261 scriptum
1929 3194 2096 3248 fuisse
2136 3193 2344 3264 judico.
2404 3193 2521 3249 Duo
2554 3193 2644 3247 alii
2691 3191 2862 3246 multo
2893 3190 3231 3246 recentiores
3261 3199 3408 3246 sunt.
3439 3191 3508 3246 Et

240 3288 321 3340 Ba
333 3287 642 3342 roccianum
668 3283 886 3354 quidem
939 3284 1109 3339 fuisse
1135 3283 1413 3352 exemplar
1450 3298 1480 3337 e
1511 3299 1622 3352 quo
1646 3282 1891 3338 Petreius
1919 3287 2226 3341 versionem
2251 3302 2404 3340 suam
2432 3286 2693 3351 confecit,
2722 3284 3032 3354 suspicatur
3053 3285 3136 3338 vir
3157 3285 3508 3342 doctissimus

239 3379 384 3434 ιλιι.
425 3377 807 3433 Bachmanuus
832 3375 884 3429 in
932 3393 950 3426 ι
991 3375 1298 3440 Quaestione
1327 3374 1392 3428 de
1419 3372 1634 3428 Meletio
1680 3373 1867 3430 Graece
1897 3375 2102 3430 inedito
2133 3376 2358 3446 ejusque
2393 3375 2585 3431 Latino
2618 3375 2915 3446 interprete
2955 3372 3074 3430 Nic.
3106 3370 3322 3428 Petreio
3343 3372 3445 3444 (a),
3480 3393 3501 3428 ι

242 3493 296 3543 p.
335 3474 403 3540 4,
437 3472 532 3528 sed
565 3471 691 3525 licet
721 3469 928 3540 Optime
983 3467 1052 3522 dc
1082 3465 1294 3521 Meletio
1329 3476 1385 3522 et
1431 3467 1710 3522 codicibus
1739 3467 1858 3537 ejus
1909 3467 2237 3537 judicaverit
2274 3466 2685 3530 Baclnnannus,
2722 3466 2776 3521 in
2814 3466 2915 3521 hac
2955 3466 3273 3536 conjectura
3315 3480 3505 3522 verum

243 3582 352 3620 non
373 3571 778 3629 estassecutus;
805 3575 931 3614 nam
954 3559 1041 3614 vel
1063 3557 1188 3614 inde
1201 3567 1425 3628 apparet
1445 3557 1720 3613 Petreium
1747 3572 1850 3611 non
1875 3572 2029 3612 usum
2057 3557 2227 3612 fuisse
2247 3558 2435 3612 codice
2466 3556 2818 3621 Barocciano,
2846 3558 2989 3626 quod
3015 3557 3103 3612 hic
3122 3557 3279 3626 longe
3296 3556 3509 3614 auctior

241 3667 334 3714 est
359 3660 415 3713 in
448 3671 513 3712 ea
535 3657 719 3726 operis
753 3663 907 3724 parte
934 3669 1054 3724 quae
1083 3654 1152 3708 de
1186 3654 1366 3708 anima
1399 3661 1619 3708 tractat.
1671 3652 1974 3724 Aliquoties
2026 3661 2206 3707 autem
2256 3651 2502 3707 Petreius
2538 3650 2834 3706 citationes
2883 3649 3046 3707 affert
3075 3667 3196 3722 quae
3227 3653 3281 3708 in
3310 3660 3499 3710 nostro

239 3751 433 3805 codice
457 3747 860 3812 desiderantur,
890 3756 968 3811 ut,
993 3745 1226 3816 exempli
1251 3747 1446 3815 gratia,
1481 3746 1668 3816 p.136
1694 3746 1825 3814 (col.
1852 3744 2060 3800 1278in
2085 3753 2265 3800 nostra
2289 3745 2467 3816 edit.),
2495 3745 2609 3801 haec
2636 3743 2954 3800 Callimachi
2986 3746 3174 3801 verba.

462 3839 589 3904 Ἴθι,
624 3839 843 3908 πρηεῖα
876 3835 1205 3908 γυναικῶν,
1241 3839 1359 3906 τὴν
1380 3839 1526 3893 ὁδὸν
1556 3837 1635 3906 ἢν
1661 3837 1825 3894 ἀνιαι
1854 3840 2221 3913 θυμοφθόρα
2249 3841 2321 3893 οὐ
2351 3837 2672 3906 περόωσιν.

243 3932 518 4001 Quoniam
546 3941 727 3987 autem
756 3930 972 3986 codices
1003 3944 1216 3996 omnes,
1249 3932 1294 3986 si
1331 3929 1612 3987 Parisinus
1644 3930 1912 4000 excipias,
1939 3945 2076 4006 quos
2108 3946 2211 3985 non
2249 3931 2482 4001 inspexi,
2520 3939 2671 3987 certe
2703 3938 2926 4000 superat
2973 3927 3365 3994 Baroccianns,
3399 3943 3506 3988 non

242 4021 494 4078 dubitavi
522 4021 642 4092 ejus
671 4022 1050 4078 auctoritatem
1091 4021 1296 4093 ubique
1328 4027 1594 4093 potiorem
1639 4025 1862 4090 habere,
1887 4023 1993 4079 nisi
2025 4023 2117 4086 ubi
2149 4021 2434 4077 manifeste
2465 4020 2822 4094 corrigendos
2853 4029 2973 4076 erat
3004 4035 3072 4076 ex
3101 4021 3244 4087 aliis,
3269 4035 3502 4090 quorum

245 4113 295 4168 Β
323 4113 621 4169 secundum
638 4113 848 4168 obtinet
869 4113 1067 4168 locum.
1096 4112 1195 4169 Hic
1222 4115 1392 4171 codex
1420 4116 1549 4178 mihi
1582 4130 1886 4189 congruere
1916 4115 2130 4170 videtur
2150 4129 2271 4169 cum
2299 4112 2727 4180 Vindobouensi,
2751 4130 2910 4184 quem
2931 4113 2974 4167 Β
3000 4113 3165 4170 etiam
3197 4112 3509 4169 Bachman-

249 4221 358 4261 nus
379 4207 615 4276 signavit
650 4205 726 4281 (p.
752 4205 832 4277 5).
866 4205 934 4260 Et
975 4206 1115 4260 idem
1141 4206 1281 4263 forte
1305 4208 1412 4263 erit
1440 4209 1607 4266 codex
1634 4208 1702 4266 de
1753 4223 1863 4290 quo
1888 4206 2174 4272 Fabricius
2199 4209 2383 4276 (supra
2408 4205 2513 4261 col.
2547 4205 2708 4276 1157)
2739 4222 2753 4260 :
2787 4222 2806 4257 t
2841 4205 3011 4260 altero
3035 4204 3172 4258 Bibl.
3201 4204 3400 4259 Catsar.
3424 4217 3516 4260 co-

248 4295 396 4362 dice,
423 4306 586 4366 caput
608 4296 699 4362 35,
730 4297 797 4351 de
819 4297 998 4354 anima
1031 4297 1317 4374 quintuplo
1347 4297 1520 4367 majus
1543 4297 1837 4354 occurrit.»
1863 4297 1968 4353 Sed
1994 4297 2096 4353 hoc
2120 4311 2151 4352 e
2183 4295 2516 4351 Barocciano
2544 4312 2688 4352 nunc
2711 4295 2940 4366 decuplo
2971 4293 3144 4364 majus
3167 4293 3512 4350 exhibemus.

325 4389 480 4458 Quod
516 4393 582 4446 ad
611 4389 812 4447 Meletii
852 4399 1147 4447 tractatum
1173 4393 1392 4459 attinet,
1416 4393 1634 4458 videtur
1666 4407 1804 4462 opus
1837 4405 1962 4448 esse
2001 4392 2074 4460 pii
2103 4399 2160 4446 et
2209 4392 2410 4448 eruditi
2474 4392 2735 4455 hominis,
2770 4407 2798 4445 a
2850 4390 3017 4448 variis
3061 4387 3326 4455 fontibus,
3365 4402 3513 4445 nunc

250 4481 573 4554 plerumque
610 4484 926 4554 deperditis,
971 4483 1289 4540 conﬂatum.
1320 4484 1522 4541 Multus
1553 4493 1734 4540 autem
1760 4493 1849 4541 est
1879 4485 1932 4540 in
1956 4483 2320 4556 etymologiis,
2358 4499 2493 4554 quas
2524 4499 2588 4540 ex
2635 4483 2864 4540 Socrate
2889 4494 2946 4539 et
2990 4484 3203 4539 Sorano
3252 4481 3507 4538 hausisse

249 4575 492 4631 videtur.
522 4576 636 4632 Non
663 4579 859 4633 mirum
890 4588 976 4635 est
1009 4579 1194 4649 itaque
1217 4577 1369 4637 illum
1401 4579 1636 4648 plurima
1660 4578 1973 4636 communia
1993 4577 2195 4634 habere
2224 4591 2349 4631 cum
2387 4577 2758 4650 Etymologico
2801 4574 2873 4632 M.
2894 4617 2910 4645 ,
2945 4575 3012 4631 ad
3036 4588 3199 4646 quem
3221 4570 3515 4641 corrigen-

250 4670 382 4725 dum
413 4671 703 4744 aliquoties
730 4673 981 4736 inservit.

333 4853 412 4925 (a)
443 4853 704 4918 Rostoek.
740 4855 901 4912 i835.
933 4857 991 4921 4.

1304 5220 1518 5284 NOV!
1568 5216 1980 5287 EDITORIS
2022 5215 2460 5280 MONITUM.

340 5389 411 5450 In
447 5387 564 5450 hac
597 5392 813 5451 nostra
842 5387 1146 5461 editione,
1177 5385 1416 5450 codicis
1445 5385 1700 5467 Optimae
1732 5389 1898 5446 nota;
1940 5383 2308 5446 Parisiensis
2341 5392 2404 5444 n°
2439 5379 2593 5442 2299
2631 5378 2722 5459 (P)
2750 5377 3116 5441 varietatem
3141 5373 3486 5439 lectionum

262 5506 453 5570 quam
475 5491 805 5554 nobiscum
849 5489 1160 5552 benevole
1187 5487 1668 5552 communicavit
1703 5488 1774 5549 V.
1805 5487 1876 5548 D.
1910 5487 2042 5549 Car.
2068 5487 2470 5564 Daremberg,
2503 5488 2790 5586 accurate
2802 5479 3213 5586 adhibuimus
3239 5494 3254 5551 ;
3284 5483 3518 5586 textum

263 5591 535 5653 Crameri
564 5591 796 5671 passim
827 5589 1340 5663 emendavimus;
1382 5587 1740 5650 versionem
1782 5585 1920 5647 Nic.
1951 5583 2206 5657 Petreii,
2239 5583 2349 5646 ubi
2417 5598 2679 5645 necesse
2719 5579 3070 5652 videbatur,
3123 5591 3290 5639 novo
3323 5579 3524 5637 textui

257 5690 880 5754 accommodavimus
905 5713 919 5759 ;
950 5688 1228 5769 denique
1272 5695 1589 5751 ’Δνέκδοτον
1616 5694 1753 5766 Περὶ¹
1782 5694 1827 5746 τε

1930 5693 1966 5746 δ’
1995 5691 2276 5761 στοιχείων
2320 5681 2465 5764 (col.
2504 5680 2676 5761 1283)
2723 5681 3140 5758 fragmentum
3195 5693 3269 5739 ex
3295 5675 3519 5738 eodem

268 5789 490 5854 codice
523 5789 858 5853 Parisiensi
889 5787 1373 5853 describendum
1417 5785 1772 5852 curavimus
1800 5789 1861 5846 et
1900 5800 2067 5846 nunc
2108 5782 2381 5862 primum
2405 5782 2545 5846 luce
2581 5782 2913 5842 donamus.
