3842 6404
398 320 542 391 1075

1703 333 1984 401 ΜΕιΕτιι
2023 335 2336 399 MONACIII
2437 410 2455 431 ἱ

3541 332 3683 390 11176

450 461 3666 501 “qm-HW

1772 583 1963 641 ΑΡΧΗ
2004 583 2159 637 ΣΥΝ
2193 583 2334 653 om

1225 727 1450 875 TA
1525 731 1873 869 ΤΟΥ
1944 729 2808 873 ΜΕΛΕΤΙΟΥ

828 886 1090 1053 IIEPI
1144 955 1376 1056 ΤΗΣ
1449 954 1678 1042 ΤΟΥ
1750 952 2372 1043 ΑΝΘΡΩΠΟΥ
2446 948 3224 1043 ΚΑΤΑΣΚΕΥΗΣ.

1462 1150 1638 1242 ιλΕο
1696 1142 2179 1246 ANNUENTE
2241 1178 2585 1278 INcuuT
2702 1187 2715 1201 ι

1605 1328 2441 1455 MELETII

951 1535 1643 1629 TBACTATUS
1717 1538 1865 1627 DE
1943 1538 2425 1629 NATURA
2493 1536 3071 1670 ‘HOMINIS.

919 1735 962 1803 ι
1015 1730 1434 1789 PROOEMIUM.

460 1824 627 1882 Nobis
657 1825 723 1881 de
749 1834 946 1881 natura
987 1825 1224 1881 hominis
1260 1824 1765 1895 interpretationem
1793 1824 1967 1880 disse-

387 1934 529 1986 rere,
562 1933 628 1974 ac
658 1907 823 1973 breve
854 1917 1281 1988 absolutumque
1312 1931 1451 1986 opus
1500 1915 1815 1985 hujusmodi
1848 1924 1964 1970 tra-

386 2009 638 2065 ctationis
672 2009 931 2065 studiosis
973 2018 1029 2065 et
1068 2008 1166 2079 qui
1197 2017 1344 2064 recte
1376 2008 1594 2063 labores
1625 2007 1862 2063 subeunt
1907 2007 1964 2062 in

386 2099 627 2175 medium
651 2099 919 2155 adducere
935 2099 1223 2156 consilium
1246 2108 1347 2155 est.
1377 2097 1513 2153 Nam
1536 2099 1752 2154 tametsi
1770 2114 1965 2169 quam-

1994 1741 2046 1797 Α

2658 1731 3069 1791 ΠΡΟΟΙΜΙΟΝ.

2152 1824 2221 1880 Ἥ
2250 1824 2503 1896 παροῦσα
2530 1824 2607 1894 (ι)
2665 1823 2890 1891 σύνοψις
2934 1823 3066 1893 περὶ
3103 1822 3328 1891 φύσεως
3362 1822 3671 1893 ἀνθρώπου

2070 1916 2313 1988 ὲπονήθη
2344 1917 2441 1970 καὶ
2476 1915 2738 1985 συνελέγη
2772 1917 2868 1969 καὶ
2892 1914 3154 1986 συνετέθη
3190 1915 3346 1985 παρά
3378 1914 3670 1969 Μελετίου

2073 2007 2308 2081 μοναχοῦ
2329 2007 2576 2078 Θέματος
2595 2004 2691 2059 τοῦ
2716 2004 2963 2075 Ὀψικίου
2988 2005 3192 2059 Βάνδου
3222 2006 3530 2078 ‘Axpoxoﬁ,
3554 2024 3670 2076 χω-

2071 2099 2187 2171 ρίου
2214 2097 2712 2170 Τιϐεριουπόλεως,
2750 2096 2922 2168 μονῆς
2964 2097 3273 2169 λεγομένης
3313 2097 3508 2166 Τρεῖς,
3532 2096 3670 2169 -ῆτοι

386 2191 608 2265 plurimi
659 2192 1010 2262 antiquorum
1073 2190 1466 2262 sapientissimi
1525 2191 1611 2247 vel
1662 2192 1843 2261 longa,
1877 2191 1963 2247 vel

2077 2192 2165 2262 τῆς
2210 2192 2373 2261 ἁγίας
2397 2191 2633 2261 Τριάδος
2654 2206 2667 2219 ·
2706 2190 2809 2243 οὐκ
2841 2188 2918 2251 ὡς
2953 2190 3140 2243 καινόν
3169 2206 3224 2242 τι
3259 2191 3670 2260 ἑπινοήσαντος

385 2283 535 2343 brevi
599 2291 849 2338 naturam
910 2292 1154 2338 nostram
1199 2284 1446 2338 oratione
1499 2283 1768 2352 complexi
1826 2283 1958 2346 sint,

387 2377 571 2434 nullus
605 2386 783 2430 tamen
844 2390 1035 2431 eorum
1080 2375 1183 2431 hac
1223 2374 1292 2443 de
1316 2389 1376 2431 re
1418 2372 1716 2444 perfectum
1744 2374 1963 2430 absolu-

385 2474 610 2536 tumque
640 2479 780 2536 opus
810 2465 1048 2537 reliquit.

2069 2285 2196 2355 περὶ
2222 2283 2439 2353 φύσεως
2457 2281 2747 2352 ἀνθρώπου
2777 2280 3211 2350 φυσιολογῆσαι,
3229 2279 3369 2335 ἀλλά
3387 2279 3670 2351 σύντομον

2068 2376 2164 2430 καὶ
2193 2373 2465 2443 ἀνελλιπῆ
2510 2371 2898 2444 πραγματείαν
2931 2369 3194 2424 ἐκθέσθαι
3252 2372 3369 2433 τοῖς
3421 2370 3667 2439 φιλομαρ

2069 2466 2188 2521 θέσι
2218 2467 2314 2521 καὶ
2346 2465 2658 2536 φιλοπόνοις
2712 2463 3060 2535 βουλομένου.
3106 2463 3170 2516 Et
3197 2461 3308 2533 γὰρ
3344 2462 3443 2515 καὶ
3474 2459 3665 2513 πολλοὶ

383 2558 492 2613 τῶν
525 2557 768 2630 ἀρχαίων
794 2557 998 2628 σοφῶν,
1031 2557 1260 2622 πολλοὺς
1294 2557 1436 2612 κατά
1464 2557 1767 2630 ἀποταγὴν,
1816 2560 1850 2630 ἢ
1884 2560 1943 2613 ὲν
1982 2561 2231 2632 συντόμῳ
2278 2561 2409 2631 περὶ
2452 2561 2553 2631 τῆς
2600 2561 2817 2629 φύσεως
2883 2555 3042 2628 ἡμῶν
3109 2555 3306 2625 λόγους
3339 2555 3664 2622 συνέθεντο,

383 2649 498 2713 ἀλλ’
528 2650 704 2712 οὐδεὶς
731 2649 992 2720 ἀνελλιπῆ
1028 2650 1122 2704 καὶ
1146 2651 1513 2723 ἀνυστέρητον
1552 2651 1757 2721 ταύτην
1797 2653 2141 2724 ἀπήρτησεν.

456 2742 736 2813 Siquidem
803 2741 1216 2825 Hippocrates,
1258 2757 1383 2798 cum
1430 2744 1497 2809 de
1562 2753 1758 2799 natura
1827 2759 1962 2814 pue-

2145 2744 2204 2798 ⁹υ
2239 2744 2340 2815 μὲν
2370 2745 2479 2817 γὰρ
2518 2743 2886 2817 Ἱπποκράτης
2915 2743 3046 2816 περὶ
3070 2743 3288 2815 φύσεως
3306 2742 3534 2796 παιδίου
3566 2746 3667 2798 καὶ

383 2837 501 2897 rilis
566 2837 850 2919 virilisque
898 2838 1076 2897 atatis
1131 2853 1307 2908 pauca
1368 2838 1701 2902 admodum,
1749 2846 1804 2892 et
1844 2852 1968 2907 quae

2077 2836 2259 2908 Ξινδρὺς
2288 2836 2506 2907 γράψας
2540 2836 2699 2906 ὀλίγα
2743 2835 2868 2890 τινὰ
2896 2836 2992 2891 καὶ
3020 2836 3461 2914 δυσδιάγνωστα,
3507 2835 3668 2889 οὐδὲν

381 2944 492 2989 non
549 2928 708 2986 facile
768 2927 974 3001 percipi
1005 2937 1249 3000 possent,
1276 2929 1616 3000 scripsisset,
1649 2926 1795 3002 nihil
1837 2941 1968 2983 vero

383 3021 454 3078 de
514 3022 813 3093 universali
860 3023 1101 3089 homine,
1145 3030 1201 3081 et
1261 3037 1383 3093 quae
1447 3020 1502 3076 in
1557 3021 1679 3091 ipso
1733 3019 1968 3076 faculta-

2068 2929 2196 3002 περὶ
2216 2927 2324 2982 τοῦ
2340 2927 2584 2983 καθόλου
2614 2926 2906 3001 ἀνθρώπου
2932 2927 3366 2999 ἐμνημόνευσεν,
3390 2926 3428 2997 ἢ
3462 2927 3578 2979 τῶν
3608 2928 3667 2977 ὲν

2068 3022 2218 3097 αὐτῷ
2261 3022 2570 3093 δυνάμεων.
2610 3020 2645 3094 ἢ
2692 3020 3070 3093 ὲνεργειῶν,ἢ
3117 3019 3227 3079 τῶν
3268 3020 3366 3072 τοῦ
3399 3018 3669 3090 σώματος

383 3121 469 3183 tes
512 3114 598 3170 vel
659 3114 905 3171 actiones
960 3123 1126 3183 sunt,
1179 3129 1356 3184 neque
1418 3113 1487 3168 de
1530 3113 1650 3185 ejus
1719 3111 1968 3183 corporis

2077 3114 2306 3185 μορίων.
2363 3112 2425 3167 '0
2477 3111 2534 3166 δὲ
2583 3112 2600 3143 ³
2666 3111 2913 3184 Γαληνὸς
2964 3111 3097 3185 περὶ
3155 3110 3378 3180 φῦσεως
3450 3109 3668 3180 μορίων

384 3206 635 3276 partibus
683 3207 864 3277 ipsum
917 3220 1254 3275 memorasse
1291 3215 1629 3275 compertum
1678 3204 1963 3277 habemus.

385 3297 625 3355 Galenus
674 3299 837 3369 item,
873 3315 998 3357 cum
1056 3301 1125 3359 de
1158 3299 1394 3371 partium
1452 3305 1651 3352 natura
1715 3311 1779 3352 ac
1829 3304 1967 3360 tem-

387 3396 829 3458 peramentorum
895 3387 1162 3458 qualitate
1220 3387 1553 3443 mentionem
1618 3380 1865 3451 faceret,
1910 3385 1964 3439 in

385 3477 537 3541 nulla
580 3492 811 3535 suorum
849 3494 1077 3550 operum
1110 3480 1434 3535 tractatione
1462 3479 1603 3545 hanc
1655 3493 1768 3532 rem
1803 3477 1967 3532 abso-

386 3571 500 3630 lute
548 3572 888 3649 perscripsit,
962 3558 1217 3631 Socrates
1258 3582 1463 3640 autem,
1518 3572 1575 3627 in
1612 3585 1778 3641 opere
1819 3569 1965 3640 quod

386 3661 464 3717 De
506 3662 734 3719 hominis
774 3672 968 3719 natura
996 3662 1297 3733 inscripsit,
1338 3661 1574 3741 partium
1611 3662 1851 3729 hominis
1897 3676 2007 3735 ac‘

386 3754 672 3812 hominum
722 3756 1081 3825 proprietates
1113 3754 1459 3825 explicando,
1490 3757 1635 3826 quod
1684 3755 1752 3810 ad
1782 3771 1965 3827 gram-

386 3844 649 3907 maticum
672 3846 724 3923 3
752 3846 959 3923 potius,
987 3862 1153 3918 quam
1184 3847 1332 3917 quod
1362 3848 1428 3903 ad
1462 3848 1845 3918 philosophum
1882 3858 1965 3904 at-

386 3935 544 3999 tinet,
602 3936 882 4009 disseruit.
931 3937 1257 3999 Sanctorum
1309 3954 1441 3996 vero
1494 3939 1744 4005 Patrum,
1800 3949 1964 4012 atque

385 4025 646 4105 Ecclesia:
693 4028 941 4101 magistri
974 4016 1388 4101 quamplurimi,
1450 4040 1511 4085 ut
1554 4030 1781 4101 Magnus
1821 4030 1964 4097 inter

385 4128 606 4189 sanctos
632 4118 822 4177 Patres
842 4119 1096 4191 Basilius,
1146 4122 1422 4195 Nyssenus
1448 4124 1743 4197 Gregorius
1760 4166 1775 4190 ,
1808 4124 1966 4187 divus

385 4209 834 4283 Cbrysostomus,
871 4213 1175 4285 beatusque
1210 4213 1467 4286 Cyrinus,
1499 4230 1565 4271 ac
1595 4207 1842 4285 plerique
1871 4215 1963 4270 alii

383 4303 481 4373 qui
514 4302 603 4381 illa
639 4312 963 4375 tempestate
993 4305 1317 4372 ﬂoruerunt,
1352 4321 1477 4363 cum
1523 4307 1575 4362 i-n
1608 4321 1799 4367 eorum
1848 4322 1965 4361 ma-

384 4397 555 4472 gistra
583 4404 700 4465 arte
742 4398 904 4455 editis
937 4400 1289 4457 sermonibus
1317 4400 1385 4457 de
1418 4401 1584 4459 rebus
1621 4402 1822 4465 divinis
1850 4411 1962 4469 tra-

2072 3207 2358 3278 μνησθεὶς,
2395 3207 2489 3260 καὶ
2520 3205 2652 3279 περὶ
2686 3204 2960 3279 κράσεων,
2996 3206 3055 3257 ὲν
3076 3203 3308 3274 οὐδεμιᾷ
3332 3202 3447 3255 τῶν
3474 3218 3663 3273 πραγ-

2071 3298 2314 3371 ματειῶν
2337 3298 2505 3353 αὐτοῦ
2537 3296 2790 3367 φαίνεται
2841 3296 3102 3364 τοιαύτην
3159 3282 3485 3368 ὁλοκλήρως
3522 3295 3663 3348 ὑπό-

2075 3392 2227 3461 θεσιν
2254 3374 2603 3469 ἀναγράψας..
2629 3389 2933 3461 Σωκράτης
2962 3389 3019 3441 δὲ
3049 3387 3417 3457 ἐτυμολογίας
3458 3387 3668 3457 μᾶλλον

2073 3484 2278 3556 μορίων
2304 3484 2402 3551 καὶ
2426 3482 2708 3553 ὀνομάτων
2729 3483 2789 3534 ὲν
2809 3480 2887 3553 τῷ
2909 3479 3047 3550 Περὶ
3074 3480 3315 3550 φύσεως
3334 3479 3667 3547 ἀνθρώπου

2072 3575 2413 3646 συντάγματι
2448 3571 2616 3637 αὑτοῦ
2640 3572 2741 3648 [σε.
2780 3573 2833 3627 in
2862 3568 3113 3644 Timaeo],
3139 3572 3217 3635 ὼς
3250 3570 3669 3642 γραμματικὸς

2068 3662 2103 3735 ἢ
2133 3663 2430 3737 φιλόσοφος
2452 3660 2805 3729 συνετάξατο.
2826 3660 2891 3717 Οἱ
2921 3660 2978 3714 δὲ
3007 3660 3154 3730 ἅγιοι
3177 3660 3272 3714 καὶ
3295 3661 3402 3733 τῆς
3436 3659 3669 3731 Ἐκκλη-

2068 3754 2187 3825 σίας
2212 3755 2550 3829 διδάσκαλοι,
2582 3749 2695 3808 οἷον
2723 3755 2753 3808 ὁ
2799 3754 2974 3833 μέγας
3009 3753 3312 3817 Βασίλειος,
3349 3754 3380 3806 ὁ
3420 3752 3665 3821 ἀδελφὸς

2067 3847 2266 3902 αὑτοῦ²
2325 3842 2629 3919 Γρηγόριος
2674 3846 2931 3919 Νύσσης,
2985 3849 3014 3907 ὁ
3066 3845 3451 3917 χρυσολόγος³
3510 3846 3665 3916 Χρυο

2069 3939 2332 4010 σόστομος
2382 3940 2476 3994 καὶ
2528 3943 2556 3995 ό
2617 3941 3130 4015 παμμακάριστοςδ
3199 3939 3506 4020 Κύριλλος,
3563 3942 3662 3994 καὶ

2065 4031 2215 4087 ἄλλοι
2247 4030 2434 4084 πολλοὶ⁹
2473 4032 2584 4086 τῶν
2620 4035 2741 4088 κατ’
2772 4033 2972 4099 αὐτοὺς
3001 4036 3058 4088 ὲν
3078 4036 3195 4098 τοῖς
3232 4032 3425 4102 λόγοις
3462 4031 3655 4086 αὐτῶν

2064 4127 2176 4187 τοῖς
2196 4123 2602 4188 διδασκαλικοῖς
2632 4126 2729 4179 σὺν
2761 4124 2839 4196 τῷ
2875 4122 3172 4196 Θεολογικῷ
3202 4124 3423 4188 καλῶς⁵
3456 4142 3659 4194 φυσιο-

2065 4213 2421 4287 λογήσαντες,
2490 4215 2664 4269 πολλὰ.
2713 4218 2843 4285 περὶ
2891 4217 3002 4271 τῶν
3046 4216 3141 4271 τοῦ
3197 4214 3459 4289 σώματος
3500 4215 3662 4288 ἡμῶν

2069 4308 2297 4380 μορίων,
2320 4309 2417 4365 καὶ
2441 4308 2551 4363 τῶν
2582 4308 2835 4380 ψυχικῶν
2868 4310 2965 4364 καὶ
2995 4308 3243 4385 ζωτικῶν
3270 4308 3371 4363 καὶ
3404 4308 3661 4378 φυσικῶν

2066 4398 2354 4471 δυνάμεων
2402 4400 2498 4454 καὶ
2542 4401 2835 4473 ἐνεργειῶν
2882 4402 3411 4472 συνεφιλοσόφησαν.
3463 4401 3663 4465 Οὐδεὶς

381 4495 594 4544 ctantes
625 4487 693 4543 de
736 4498 943 4553 natura:
980 4492 1146 4546 etiam
1193 4491 1642 4563 interpretatione
1692 4506 1961 4564 praecepta

2077 4491 2255 4563 μέντοι
2284 4508 2349 4561 γε
2378 4492 2487 4547 τῶν
2515 4494 2937 4567 προειρημένων
2978 4493 3213 4566 ἀνδρῶν,
3244 4493 3279 4565 ἢ
3324 4493 3439 4545 τῶν
3483 4493 3660 4561 ἁγίων

382 4579 679 4646 traderent,
696 4580 1103 4652 plurimumque
1120 4583 1309 4653 procul
1326 4576 1502 4638 dubio
1519 4583 1585 4639 de
1605 4583 1958 4652 animalibus,

385 4668 648 4726 vitalibus
668 4670 1125 4743 naturalibusque
1152 4672 1508 4729 facultatibus
1547 4682 1709 4743 atque
1727 4673 1960 4728 actioni-

384 4762 488 4816 bus
520 4762 887 4833 philosophati
922 4774 1128 4828 essent,
1154 4779 1315 4820 nemo
1342 4780 1408 4819 ex
1437 4764 1523 4820 his
1551 4780 1691 4835 quos
1720 4764 1961 4821 asserui—

383 4869 509 4908 mus
538 4855 694 4917 viris,
726 4856 811 4909 vel
863 4857 1071 4911 sanctis
1111 4855 1403 4922 Patribus,
1457 4855 1531 4910 ita
1573 4857 1805 4927 hujusce
1844 4866 1958 4911 tra-

380 4942 638 4998 ctationis
686 4960 802 4999 rem
841 4945 1181 5015 perscripsit,
1235 4955 1294 5000 ut
1322 4946 1427 5001 sub
1475 4962 1584 5002 uno
1635 4959 1958 5016 argumento

334 5068 339 5075 ρ
382 5034 557 5087 solum
604 5033 708 5089 hoc
738 5050 877 5090 onus
920 5035 1225 5091 absolvisse
1266 5036 1559 5092 videretur.
1600 5037 1710 5092 Nos
1750 5046 1955 5101 autem,

2066 4582 2276 4637 τούτων
2303 4585 2630 4655 συναγαγὼν
2665 4586 2918 4656 φαίνεται
2949 4586 3050 4658 τὴν
3079 4586 3208 4656 ὅλην
3240 4584 3534 4649 ὑπόθεσιν,
3562 4584 3658 4637 τοῦ

2070 4674 2200 4745 μίαν
2214 4676 2236 4708 ⁸
2255 4678 2644 4748 πραγματείαν
2666 4678 2995 4731 ἀποτελέσαι
3018 4691 3034 4707 ⁶
3052 4677 3121 4731 τὰ
3135 4671 3230 4731 οὖν
3245 4676 3658 4747 διεσπαρμένα)

2066 4766 2143 4830 ὡς
2185 4768 2244 4822 ὲν
2281 4769 2401 4831 ταῖς
2438 4767 2647 4823 τούτων
2695 4767 2900 4838 βίὸλοις
2934 4767 3256 4838 ὲγκείμενα,
3289 4766 3457 4825 αὐτὸς
3494 4765 3659 4818 ἐκλαο

2066 4858 2199 4925 ὄὼν,
2224 4859 2286 4915 τὸ
2304 4858 2478 4930 παρὸν
2504 4858 2580 4922 ὡς
2597 4858 2719 4913 ὲνδν
2749 4860 3174 4930 συνεστησάμην
3198 4859 3263 4930 δὴ
3279 4857 3654 4929 σύγγραμμα.

2066 4951 2193 5013 Τοῖς
2242 4950 2362 5021 μὲν,
2412 4949 2489 5011 ὼς
2522 4950 2692 5015 εἰκὸς,
2745 4951 2891 5022 ἔχειν
2924 4951 3058 5009 αὐτὸ
3097 4951 3476 5022 βουλομένοις,
3518 4950 3654 5004 ὑπό·

2069 5056 2260 5111 μνημα
2286 5039 2389 5111 τῆς
2407 5040 2626 5109 φύσεως
2656 5041 2752 5096 καὶ
2776 5026 2879 5112 τῆς
2914 5042 3233 5105 συστάσεως
3262 5040 3362 5095 τοῦ
3397 5040 3655 5111 σώματος

381 5125 584 5191 (ιιιιθὶῐι
635 5140 827 5179 eorum
880 5126 1036 5181 libris
1089 5126 1322 5196 sparsim
1380 5130 1558 5197 posita
1605 5129 1959 5186 inveniuntur

2077 5134 2259 5199 παντὸς
2275 5134 2568 5204 ἐσόμενονν
2594 5136 2721 5204 ἐμοὶ
2752 5135 2810 5189 δὲ
2833 5135 3141 5206 γυμνάσιον
3164 5134 3379 5204 καὶτῆς
3404 5134 3655 5206 ἀμαθίας

380 5216 694 5285 seligentes,
730 5231 829 5287 pro
862 5216 1003 5272 virili
1038 5219 1177 5275 hanc
1213 5218 1590 5273 tractationem
1637 5221 1958 5290 perscripsi-

2058 5224 2399 5295 προσφύγιον
2413 5226 2457 5279 ⁷.
2487 5227 2580 5278 Δεῖ
2595 5226 2690 5280 οὖν
2705 5226 2799 5281 τὸν
2817 5226 3172 5298 ἀπεριέργως
3193 5227 3653 5298 ἀναγινώσκοντα

379 5324 527 5375 mus,
566 5324 681 5379 quo
721 5309 985 5367 studiosis
1018 5312 1162 5367 ratio
1188 5312 1255 5366 de
1286 5315 1452 5367 totius
1485 5314 1732 5384 corporis
1764 5324 1956 5369 natura

2077 5317 2200 5372 ιετὰ
2212 5318 2434 5389 ἀγάπης
2450 5319 2545 5372 καὶ
2564 5318 2734 5389 φόϐου
2746 5319 2906 5386 Θεοῦ,
2920 5321 3015 5383 καὶ
3027 5322 3190 5394 χάριν
3206 5319 3481 5388 ὠφελείας
3497 5319 3654 5373 τοῦτο

378 5411 546 5473 atque
597 5402 990 5465 constitutione
1040 5413 1302 5474 perpetuo
1355 5405 1411 5461 in
1463 5415 1717 5476 promptu
1764 5406 1955 5473 fieret;

380 5509 483 5554 nos
514 5508 645 5555 vero
675 5496 1160 5555 exercitamentum
1192 5480 1529 5569 inscitiaaque
1578 5508 1781 5555 nostrae
1813 5499 1960 5555 refu-

454 5610 844 5682 ⁸γάρΑΒΟ.

378 5682 399 5722 τ
432 5682 736 5758 προφύγιον
757 5684 819 5739 Α.

2057 5411 2261 5462 ποιεῖν·
2294 5410 2390 5463 καὶ
2419 5410 2495 5481 μὴ
2525 5408 2781 5480 θηρεύειν
2813 5410 2990 5477 λέξεις
3024 5408 3160 5484 πρὸς
3189 5409 3252 5464 τὸ
3270 5409 3531 5474 κακίζειν
3559 5409 3648 5460 τὸν

2058 5498 2541 5572 συγγραψάμενον.
2579 5499 2717 5555 Οὐδὲ
2743 5500 2850 5572 γάρ
2873 5504 3060 5568 πᾶσιν,
3089 5501 3164 5566 ὡς
3191 5496 3372 5573 οϊμαι,
3398 5499 3651 5569 εὔληπτά

944 5614 963 5644 ²
990 5614 1217 5685 ἀδελφὸς
1249 5615 1413 5671 αὐτοῦ
1449 5632 1558 5672 om.
1611 5614 1671 5671 P.
1777 5617 1796 5647 ³
1825 5615 1969 5680 θεῖος

2158 5616 2180 5649 δ
2212 5616 2484 5690 μακάριος
2512 5614 2574 5675 Ρ.
2628 5688 2639 5692 _
2678 5619 2698 5650 ⁵
2735 5618 2916 5684 καλῶς
2952 5618 2992 5676 Ρ
3019 5633 3191 5693 marg.
3286 5616 3308 5647 ⁶
3342 5615 3427 5690 μὴ
3454 5616 3556 5689 τήν
3584 5618 3644 5671 Α.

453 5775 531 5850 (i)
562 5775 674 5837 Hoc
707 5776 1034 5852 prooemium
1061 5787 1113 5835 et
1139 5778 1377 5836 tabulam
1407 5776 1548 5836 infra
1579 5779 1815 5849 positam
1842 5780 1944 5837 soli
1986 5779 2188 5838 habent
2218 5779 2286 5836 A.
2321 5779 2386 5839 P.
