3842 6448
407 403 424 459 I
437 402 540 466 083

1704 404 1983 462 MELETII
2023 403 2334 461 MONACIH

3542 405 3685 465 1084

399 526 612 582 ratione
643 525 804 581 simili
839 523 1001 580 modo
1036 523 1101 578 ad
1135 522 1366 580 invicem
1410 539 1532 582 esse
1554 536 1745 597 suapte
1775 539 1970 583 natura

2088 527 2218 579 κατά
2250 523 2342 578 τὸν
2383 523 2482 593 τῆς
2525 522 2842 586 συστάσεως
2892 522 3054 592 λόγον
3074 539 3089 556 ο
3121 522 3263 577 ὥστε
3317 525 3418 579 καί
3476 527 3575 594 ὑφ’
3629 526 3687 578 ἰν

401 618 580 674 idonei
604 627 750 684 sunt,
784 617 968 687 itaque
994 614 1098 676 sub
1126 631 1290 671 unam
1320 618 1554 688 speciem
1576 619 1975 678 deﬁnitionem-

397 725 504 780 que
525 709 862 778 rediguntur.

467 799 641 854 Homo
660 809 744 855 est
770 799 971 854 animal
1021 799 1319 866 rationale,
1373 801 1600 856 mortale
1625 842 1640 865 ,
1674 802 1870 858 mentis
1921 812 1976 858 et

397 890 641 946 scientiae
693 905 882 959 capax.
939 890 1154 945 Animal
1210 890 1453 960 quidem,
1503 893 1761 961 quoniam
1810 893 1976 948 homo

398 981 514 1050 ipse
559 980 864 1036 substantia
910 981 1092 1036 anima
1127 981 1374 1050 praedita,
1424 982 1693 1037 sensualis
1744 990 1858 1047 est;
1894 992 1975 1040 ta-

399 1073 469 1129 lis
525 1073 671 1128 enim
745 1073 999 1128 animalis
1062 1073 1306 1128 deﬁnitio
1358 1075 1586 1128 habetur
1637 1093 1651 1128 :
1709 1076 1975 1130 rationale

397 1180 550 1227 vero,
606 1178 716 1234 quo
754 1163 823 1218 ab
863 1163 1088 1219 rationis
1145 1164 1458 1234 expertibus
1507 1165 1821 1221 distinctum
1879 1167 1970 1224 sit.

401 1253 648 1319 Mortale,
692 1253 772 1307 uti
826 1253 895 1307 ab
930 1254 1331 1308 immortalibus
1371 1255 1578 1324 angelis
1632 1257 1726 1324 qui
1762 1257 1975 1312 ratione

401 1351 529 1399 sunt
558 1344 762 1414 praediti
786 1344 1003 1398 distent.
1040 1343 1230 1398 Mentis
1255 1358 1400 1406 vero.
1425 1353 1480 1398 et
1514 1345 1753 1398 scientiae
1778 1360 1970 1414 capax,

399 1435 659 1508 quoniam
699 1449 763 1488 ex
801 1433 1086 1506 disciplina
1135 1433 1293 1488 nobis
1332 1446 1476 1488 artes
1505 1435 1849 1504 proveniunt,
1879 1437 1974 1505 qui

400 1525 508 1578 vim
569 1523 785 1593 quidem
837 1539 930 1577 eas
985 1522 1320 1592 percipiendi
1377 1533 1570 1577 natura
1623 1526 1970 1591 obtinemus,

401 1618 644 1672 actiones
673 1631 803 1672 vero
833 1617 902 1670 ab
953 1616 1039 1670 bis
1071 1632 1189 1685 quae
1218 1615 1568 1671 didicerimus
1607 1617 1971 1686 possidemus.

400 1707 607 1766 Nomen
662 1723 793 1762 vero
845 1708 1012 1760 homo
1061 1709 1128 1762 ab
1169 1708 1279 1762 illis
1324 1708 1607 1778 ἅνθρωπος
1651 1708 1850 1764 dicitur
1888 1707 1976 1762 διὰ

399 1802 501 1870 τὴν
529 1799 787 1870 ἔναρθρον
814 1799 959 1869 ἔχειν
984 1799 1185 1870 φωνὴν,
1222 1799 1366 1867 quod
1392 1799 1680 1852 articulata
1705 1813 1836 1853 voce
1865 1808 1978 1854 uta-

403 1901 514 1958 tur,
551 1905 672 1946 cum
731 1890 838 1944 alia
887 1904 1117 1959 quaeque
1162 1887 1418 1943 animalia
1459 1888 1862 1948 inarticulatam
1911 1905 1978 1944 ac
2009 1863 2050 1919 υ

403 1984 538 2044 nihil
563 1982 958 2055 signiﬁcantem
1008 1997 1196 2036 vocem
1248 1982 1519 2036 emittant.
1546 1979 1802 2037 Nonnulli
1826 1999 1974 2050 vero,

405 2075 474 2129 ab
521 2074 707 2145 ἀθρεῖν
751 2073 847 2128 καὶ
873 2072 1182 2142 λογίζεσθαι
1216 2073 1358 2144 ἅπερ
1388 2072 1582 2139 ὅποπε,
1640 2073 1785 2142 quod
1825 2073 1975 2141 facit,

405 2166 754 2222 considerare
802 2165 852 2235 7
901 2175 1082 2220 mente
1119 2166 1260 2238 ipsa,
1319 2175 1374 2221 et
1445 2168 1875 2223 animadvertere
1913 2184 1977 2223 ea

404 2274 526 2328 qua:
562 2258 881 2328 inspexerit,
926 2272 1052 2313 cum
1089 2259 1194 2315 alia
1244 2259 1505 2313 animalia
1539 2259 1676 2313 nihil
1729 2261 1978 2315 animad-

404 2360 621 2406 vertant
666 2358 828 2418 atque
873 2349 1236 2405 considerent.
1272 2349 1500 2416 Quidam
1566 2360 1746 2406 autem
1781 2352 1980 2406 ahde

407 2443 577 2514 θρεῖν,
607 2442 751 2511 quod
788 2441 966 2495 oculos
992 2441 1061 2498 ad
1084 2441 1332 2496 sublimia
1375 2443 1570 2498 elevare
1598 2444 1855 2513 explices,
1887 2454 1981 2499 aut

408 2550 437 2588 a
488 2533 653 2588 verbo
699 2533 833 2603 δρῶ,
862 2532 1006 2602 quod
1033 2541 1205 2608 specto
1237 2533 1526 2603 signiﬁcat,
1580 2537 1724 2590 unde
1752 2535 1820 2589 ab
1848 2535 1980 2604 ipsis

407 2623 660 2690 adropos,
685 2631 738 2675 et
753 2620 1052 2692 ἀνδρωπος,
1082 2621 1244 2675 homo
1275 2631 1643 2690 nuncupatur,
1663 2624 1746 2676 vel
1769 2625 1839 2678 ab
1867 2624 1980 2678 ἄνω

409 2713 616 2786 ῥέπειν,
642 2712 787 2781 quod
826 2712 1010 2766 vultus
1033 2711 1101 2766 ad
1136 2711 1314 2766 sidera
1341 2723 1552 2769 erectos
1593 2714 1763 2768 tollat.
1799 2713 1982 2784 Siqui-

406 2807 530 2860 dem
558 2806 662 2860 alia
695 2806 1070 2875 quadrupeda,
1113 2813 1173 2860 ut
1224 2822 1456 2877 magnus
1485 2805 1721 2864 Basilius
1757 2823 1978 2864 asseve-

408 2906 513 2961 rat,
563 2897 628 2952 ad
663 2906 860 2951 terram
897 2906 1162 2966 spectant.
1197 2904 1464 2968 uteroque
1491 2898 1852 2963 acclinantur,
1883 2900 1981 2954 ho-

405 2989 574 3044 minis
603 3004 731 3044 vero
753 3005 971 3046 sursum
1005 2991 1070 3044 ad
1094 2991 1336 3046 coelestia
1372 3000 1648 3061 aspectus,
1677 3007 1744 3047 ne
1775 2993 1982 3049 scilicet

405 3080 582 3134 ventri
616 3080 844 3150 ejusque
874 3079 1254 3136 all‘ectionibus
1282 3089 1456 3135 vacet.
1493 3079 1674 3150 lpsum
1711 3080 1978 3150 siquidem

2079 611 2221 680 εἶδος
2249 614 2460 677 πάντας
2495 615 2539 646 ⁸²
2575 613 2876 683 ἀνάγεσθαι
2907 616 3005 668 καὶ
3031 614 3127 669 ἕνα
3148 617 3404 687 ὁρισμόν.

2151 799 2478 868 Ἀνθρωπος
2512 798 2620 870 γάρ
2645 800 2783 866 ἐστι,
2831 799 2970 867 φασὶ
2995 800 3067 863 ³³,
3093 799 3232 864 ζῶον
3279 802 3517 870 λογικὸν
3553 801 3687 871 0w;-

2076 891 2192 955 τὸν,
2243 890 2338 948 νοῦ
2381 891 2493 945 ’καὶ
2534 891 2850 961 ἐπιστήμης
2890 891 3140 965 δεκτικόν
3165 910 3179 924 ο
3215 894 3356 958 ζῶον
3415 894 3552 965 μὲν,
3603 896 3687 948 ὅτι

2078 979 2174 1034 καὶ
2200 980 2231 1033 ὁ
2251 979 2539 1048 ἄνθρωπος
2587 978 2746 1034 οὐσία
2791 963 3020 1033 sntit”
3046 980 3294 1051 ἔμψυχος
3323 963 3644 1054 αἰσθητικὴ
3669 1003 3682 1016 ·

2077 1064 2232 1135 οὗτος
2262 1071 2374 1144 γὰρ
2393 1072 2519 1143 ὄρος
2551 1070 2692 1135 ζώου
2719 1088 2732 1102 ’
2767 1071 2988 1139 λογικὸν
3031 1073 3109 1136 δὲ,
3137 1073 3224 1127 ἵνα
3263 1076 3528 1146 χωρισθῇ
3573 1077 3684 1129 τῶν

2076 1164 2311 1232 ἀλόγων,
2341 1163 2438 1218 καὶ
2460 1163 2678 1234 θνητὴν,
2714 1163 2803 1217 ἵνα
2831 1163 3025 1232 διαστῇ
3057 1163 3168 1217 τῶν
3197 1163 3502 1218 ἀθανάτων
3534 1167 3682 1233 λογιο

2077 1255 2212 1320 κῶν,
2255 1257 2425 1328 ἤγουν
2469 1255 2746 1324 ἀγγέλωνο
2781 1256 2876 1309 τοῦ
2913 1257 2970 1310 δὲ
3010 1258 3054 1291 ⁸⁵
3081 1258 3173 1311 νοῦ
3219 1259 3316 1311 καὶ
3347 1261 3679 1330 ἐπιστήμης

2076 1348 2348 1414 δεκτικὸν,
2391 1348 2478 1402 ὅτι
2515 1347 2606 1401 διά
2658 1347 2949 1418 μαθήσεως
2996 1350 3387 1421 προσγίνονται
3427 1351 3576 1418 ἡμῖν
3625 1355 3678 1403 αἱ

2075 1438 2260 1506 τέχναι
2305 1436 2400 1492 καὶ
2448 1437 2755 1506 ἐπιστῆμαι
2804 1439 2872 1492 ⁸⁸.
2911 1440 3137 1509 Ἔχουσι
3180 1441 3282 1508 μὲν
3337 1440 3593 1510 δύναμιν
3633 1443 3675 1475 ³⁷

2075 1529 2350 1599 δεκτικὴν.
2382 1529 2482 1598 τὴν
2520 1528 2579 1583 δὲ
2627 1531 2914 1600 ἐνέργειαν
2961 1531 3269 1601 κτωμένοις
3313 1533 3381 1584 ὲκ
3415 1532 3536 1584 τῶν
3573 1549 3678 1600 μα-

2077 1620 2340 1690 θημάτων
2369 1619 2437 1674 ⁸⁸.
2468 1619 2542 1674 Τὸ
2575 1620 2634 1674 δὲ
2667 1621 2978 1689 ἄνθρωπος
3007 1621 3200 1688 δνομα,
3229 1623 3382 1692 παρά
3421 1621 3493 1674 τὸ
3518 1622 3677 1693 {vap-

2077 1710 2204 1780 θρον
2253 1711 2366 1782 ἔχει
2422 1711 2611 1782 φωνήν
2646 1728 2659 1743 ·
2712 1711 2823 1765 τῶν
2875 1711 3052 1765 ἄλλων
3119 1713 3274 1778 ζώων
3328 1714 3606 1768 ἁπάντων
3633 1717 3676 1748 ⁸³

2077 1799 2368 1870 ἀνάρθρως
2407 1800 2505 1853 καὶ
2552 1799 2889 1869 ἀσημάντως
2931 1801 2975 1832 ⁸ο
3017 1801 3368 1869 φωνούντων.
3417 1802 3588 1865 Τινὲς
3623 1802 3678 1856 δὲ

2079 1889 2231 1960 παρά
2249 1889 2310 1942 τὸ
2340 1888 2532 1960 ἀθρεῖν
2560 1890 2653 1942 καὶ
2675 1889 2990 1958 λογίζεσθαι
3013 1891 3158 1962 ἅπερ
3178 1893 3220 1924 ⁸⁸
3253 1893 3455 1945 ὄπωπε
3481 1907 3498 1922 ·
3523 1909 3680 1945 τουτ-

2079 1979 2197 2036 έστι
2245 1980 2398 2051 παρά
2427 1979 2488 2033 τὸ
2535 1980 2758 2048 βλέπειν
2789 1981 2930 2034 κατά
2982 1981 3108 2034 νοῦν
3138 1983 3232 2034 καὶ
3275 1981 3606 2050 λογίζεσθαι
3635 1984 3676 2015 ⁸³

2079 2070 2147 2124 τὰ
2173 2070 2391 2124 δέοντα·
2424 2071 2534 2125 τῶν
2574 2071 2750 2125 ἄλλων
2775 2069 2930 2135 ζώων
2959 2071 3034 2142 μὴ
3068 2072 3505 2142 προνοουμένων
3537 2071 3572 2141 ἢ
3606 2072 3676 2142 μὴ

2077 2161 2446 2230 λογιζομένων
2476 2151 2777 2251 θὶςΔλλοι
2815 2162 2874 2215 δὲ
2929 2161 3083 2251 quam
3129 2163 3190 2216 τὸ
3235 2161 3482 2216 ἀνώθειν
3513 2164 3559 2194 ⁸⁸
3590 2163 3678 2216 τὸν

2079 2251 2379 2322 ὀφθαλμὸν,
2427 2238 2598 2323 ἤγουν
2644 2253 2757 2308 ἄνω
2788 2238 3029 2350 αἴρειν]
3055 2253 3090 2323 ἢ
3148 2253 3300 2323 παρά
3347 2255 3415 2306 τὸ
3454 2253 3575 2322 δρῶ
3620 2254 3678 2306 τδ

2082 2342 2290 2412 βλέπω,
2331 2341 2363 2411 ἣ
2413 2341 2640 2412 πράττω
2678 2342 2758 2420 f',
2810 2341 3066 2414 ᾶδρωπός
3118 2343 3163 2374 ⁸⁸
3195 2342 3294 2396 καὶ⁵
3345 2343 3673 2414 ἄνθρωπος·

2078 2435 2112 2506 ἢ
2149 2433 2304 2505 παρά
2335 2433 2395 2488 τδ
2441 2435 2553 2488 ἄνω
2607 2435 2816 2505 ῥέπειν,
2864 2435 3140 2505 ἀνάροπός
3185 2437 3227 2467 ⁸⁷
3259 2453 3342 2498 τις
3375 2435 3484 2488 ὧν.
3532 2453 3552 2486 ι
3599 2436 3674 2488 Τά

2083 2526 2180 2596 μὲν
2207 2526 2315 2596 γὰρ
2347 2527 2392 2559 ⁸⁸
2422 2527 2750 2600 τετράποδα,
2781 2529 2947 2598 φησὶν
2973 2531 3001 2581 ὁ
3031 2528 3209 2598 μέγας
3235 2529 3556 2591 Βασίλειος,
3583 2529 3672 2581 ἐπὶ

2079 2619 2180 2688 τὴν
2218 2619 2322 2688 γῆν
2365 2618 2577 2688 βλέπει,
2622 2621 2716 2673 καὶ
2762 2619 2900 2691 πρὸς
2949 2619 3054 2690 τὴν
3089 2619 3336 2690 γαστέρα
3365 2621 3670 2674 νένευκεν·

2079 2709 2354 2781 ἀνθρώπῳ
2385 2713 2427 2744 ⁶⁹
2452 2712 2509 2765 δὲ
2533 2711 2646 2766 ἄνω
2690 2711 2828 2784 πρὸς
2870 2712 3157 2785 οὐρανὸνή
3196 2711 3386 2782 βλέψις
3420 2713 3500 2774 ⁷⁸,
3535 2712 3670 2766 ὥστε

2083 2801 2159 2871 μὴ
2207 2801 2493 2871 σχολάζειν
2542 2803 2764 2872 γαστρὶ,
2811 2803 2950 2873 μηδὲ
3002 2804 3118 2866 τοῖς
3172 2803 3276 2856 ὑπὸ
3316 2803 3581 2874 γαστέρα
3626 2803 3666 2835 ¹¹

2080 2893 2302 2948 πάθεσι.
2345 2913 2363 2948 ι
2401 2894 2685 2965 Γνώριμόν
2714 2910 2778 2947 τε
2808 2894 2853 2926 ⁷⁸
2882 2894 2965 2947 ὅτι
2989 2896 3104 2957 τοῖς
3134 2894 3365 2964 ἀψύχοις
3398 2895 3669 2956 κοινωνεῖ,

2081 2986 2305 3056 καὶτῆς
2342 2986 2451 3039 τῶν
2485 2985 2722 3054 λογικῶν
2765 2985 3053 3056 μετείληχε
3091 2987 3137 3018 ⁷³
3189 2987 3464 3057 νοήσεως.
3502 2986 3670 3049 Εὐθὺς

2081 3078 2188 3149 γὰρ
2211 3080 2269 3130 ὲν
2296 3080 2361 3148 τῇ
2387 3078 2582 3150 πρώτῃ
2607 3079 2786 3149 σπορᾷ
2811 3081 2874 3130 ὲκ
2895 3077 3204 3148 καταϐολῆς
3222 3079 3269 3110 ⁷⁸
3293 3078 3391 3132 τοῦ
3431 3079 3670 3150 σπέρμα-

407 3171 679 3227 hominem
709 3186 832 3226 cum
874 3171 1057 3225 anima
1113 3171 1431 3240 expertibus
1461 3173 1886 3238 communicare,
1918 3188 1976 3229 ac

2088 3187 2175 3232 τος
2223 3171 2282 3223 έν
2317 3173 2381 3240 τῇ
2437 3171 2622 3241 μήτρᾳ
2672 3171 2732 3224 τὸ
2785 3171 3097 3241 προσπεσὸν
3135 3174 3249 3235 τοῖς
3285 3173 3529 3242 ἀψύχοις
3559 3174 3666 3226 ἐστὶ

407 3261 754 3317 rationalium
793 3261 1152 3331 intelligentia
1188 3277 1296 3316 non
1330 3261 1663 3332 inexpertem
1708 3279 1829 3319 esse
1855 3279 1974 3334 per-

406 3362 652 3423 spectum
671 3354 919 3408 habetur.
941 3353 1076 3408 Cum
1101 3353 1245 3408 enim
1268 3369 1451 3409 semen
1475 3355 1713 3423 primum
1737 3356 1983 3410 dissemi-

405 3454 568 3500 natur
601 3453 762 3514 atque
790 3443 1054 3498 emittitur
1075 3481 1088 3507 ,
1113 3445 1361 3513 protinus
1388 3444 1516 3498 illud
1564 3445 1710 3515 quod
1772 3446 1827 3500 in
1870 3446 1979 3501 vul-

405 3548 528 3586 vam
573 3531 763 3586 incidit
791 3532 973 3586 anima
1001 3532 1316 3599 expertibus
1345 3547 1572 3603 compar
1609 3533 1875 3599 redditur,
1919 3541 1981 3589 ut

403 3633 530 3694 pote
555 3623 700 3694 quod
732 3638 796 3677 ex
827 3631 1063 3692 quatuor
1115 3623 1507 3679 elementorum
1550 3632 1978 3694 temperamento

402 3715 684 3778 consistat,
715 3722 941 3782 excepto
967 3714 1110 3785 quod
1133 3730 1162 3770 a
1185 3715 1292 3769 vita
1315 3716 1553 3785 prmditis
1581 3727 1848 3772 secretum
1876 3727 1980 3784 est,

402 3813 458 3860 et
489 3815 645 3860 actus
684 3806 912 3860 viventis
965 3806 1238 3871 ostendat,
1275 3823 1400 3861 cum
1453 3811 1730 3864 naturales
1780 3809 1832 3862 in
1868 3811 1984 3878 ipso

402 3899 692 3954 facultates
752 3899 1132 3968 inspiciantur.
1168 3898 1469 3968 Siquidem,
1495 3915 1620 3954 cum
1689 3902 1743 3954 in
1820 3910 1982 3956 utero

2090 3255 2307 3327 σώμασι
2336 3260 2382 3291 ⁷⁸
2416 3259 2793 3330 παραπλήσιον
2813 3276 2826 3288 ·
2877 3263 2941 3313 ἐκ
2988 3260 3098 3314 τῶν
3128 3263 3171 3292 ⁷⁶
3203 3262 3496 3332 τεσσάρων
3533 3277 3666 3314 στοι-

2086 3350 2249 3420 χείων
2278 3349 2401 3420 έχον
2441 3351 2543 3420 τὴν
2584 3354 2816 3422 κρᾶσιν·
2856 3351 2995 3421 πλὴν
3042 3351 3118 3414 ὡς
3165 3355 3231 3405 ὲκ
3270 3350 3502 3415 ζώντων
3536 3355 3662 3407 ἀποο

2085 3441 2434 3511 κρινόμενον,
2478 3442 2661 3506 ζῶσαν
2692 3442 2932 3496 δεικνύει
2967 3443 3060 3496 καὶ
3092 3443 3191 3514 τὴν
3216 3445 3536 3514 ἐνέργειαν
3562 3445 3662 3496 τῶν

2086 3533 2336 3602 φυσικῶν
2362 3534 2650 3606 δυνάμεων
2680 3537 2737 3591 ὲν
2767 3536 2918 3607 αὐτῷ
2951 3538 3422 3607 άναφαινομένων.
3460 3541 3663 3609 Μικρὸν

2085 3625 2195 3694 γάρ
2232 3642 2353 3678 τινα
2383 3626 2576 3696 χρόνον
2627 3631 2983 3698 παραμεῖναν
3007 3629 3049 3660 ⁷⁷
3088 3632 3154 3699 τῇ
3192 3630 3378 3700 μήτρᾳ
3413 3633 3594 3683 ὲκετσε
3622 3631 3662 3663 ’⁸

2083 3719 2270 3783 πεσὸν,
2300 3720 2392 3772 καί
2420 3737 2564 3783 τινος
2589 3722 2825 3788 φυσικῆς
2858 3722 3084 3792 ἰκμάδος
3124 3725 3166 3756 ⁷³
3203 3721 3482 3788 ὲκζέσεως
3505 3740 3660 3793 προσ-

2081 3810 2380 3882 λαϐόμενον
2415 3812 2484 3874 ⁸ο,
2531 3815 2646 3874 τοῖς
2674 3812 2972 3880 ζωοφύτοις
3007 3813 3353 3885 ἐξομοιοῦται
3395 3815 3545 3869 κατὰ
3570 3814 3658 3884 τὴν

2086 3902 2388 3972 θρεπτικὴν
2413 3904 2509 3958 καὶ
2547 3902 2848 3973 αὐξητικὴν
2872 3903 3126 3974 δύναμιν.

400 3997 549 4052 brevi
579 3995 810 4065 quodam
840 3995 1100 4064 temporis
1131 3995 1414 4051 intervallo
1453 3997 1780 4063 constiterit,
1819 4013 1882 4075 ac
1918 3999 1973 4052 in
2012 3999 2187 4068 ipsum
2231 3999 2476 4054 incidens
2530 4000 3092 4070 naturaliscujnsdam
3134 3998 3382 4055 humoris
3398 3999 3653 4065 fervorem

402 4088 744 4156 susceperit:
778 4085 1034 4156 vegetalis
1060 4086 1394 4155 auctivaeque
1440 4086 1715 4143 facultatis
1743 4091 1972 4146 ratione.
2016 4090 2324 4162 zoopbytis,
2383 4089 2678 4159 quaeinter
2731 4090 2945 4160 plantas
2991 4089 3358 4159 animaliaque
3425 4087 3652 4159 ambigui

402 4182 614 4252 generis
646 4183 774 4236 sunt
798 4195 961 4250 quam
987 4180 1321 4235 simillimum
1347 4179 1597 4236 eﬂicitur.

473 4271 686 4327 Etenim
714 4270 829 4326 haec
855 4271 1091 4326 hominis
1114 4272 1279 4340 stirps
1296 4281 1594 4342 vegetatur,
1620 4281 1976 4343 augeturque,

403 4372 456 4417 et
487 4362 722 4432 partium
745 4363 1223 4432 membrorumque
1247 4360 1481 4418 formam
1514 4365 1762 4435 suscipit.
1805 4364 1982 4421 Incre-

404 4462 650 4508 menlum
676 4452 856 4508 denuo
887 4452 998 4507 illic
1025 4452 1228 4508 sensim
1256 4454 1498 4523 capiens,
1518 4455 1572 4508 in
1596 4456 1796 4511 animal
1822 4457 1981 4510 verti-

403 4551 571 4609 tur,et
588 4559 715 4598 suas
734 4543 786 4598 in
803 4545 922 4614 ipso
939 4546 1176 4601 actiones
1192 4562 1212 4598 \
1228 4545 1382 4600 itales
1405 4545 1686 4603 facultates
1705 4559 1978 4613 exercent,

404 4637 862 4708 cumetpelagicis
879 4638 1205 4698 animalibus
1233 4638 1410 4693 simile
1432 4639 1538 4693 liat.
1562 4639 1900 4711 Quapropter
1924 4651 1976 4697 et

402 4730 750 4796 embryonem
781 4727 1073 4796 appellant,
1125 4729 1271 4798 quod
1305 4729 1371 4782 ad
1405 4728 1754 4796 alimentum,
1801 4731 1978 4786 incre-

2157 4273 2268 4328 Καὶ
2308 4273 2417 4344 γὰρ
2460 4273 2720 4343 τρέφεται
2761 4273 2856 4328 καὶ
2885 4272 3110 4338 αὒξεται
3143 4273 3206 4327 τὸ
3238 4273 3650 4344 ἀνθρωπόφυτον

2083 4365 2264 4428 τοῦτο,
2299 4365 2393 4417 καὶ
2415 4366 2495 4427 εἰς
2530 4365 2672 4435 μέρη
2700 4364 2796 4418 καὶ
2824 4364 2958 4434 μέλη
2990 4365 3388 4419 ἀποτυποῦται.
3419 4364 3585 4418 Πάλιν
3607 4365 3646 4395 ⁸⁷

2083 4459 2140 4511 δὲ
2168 4457 2290 4510 κατ’
2324 4456 2505 4525 ὀλίγον
2536 4458 2580 4489 ⁸²
2624 4456 3048 4529 ὲναδρυνόμενον
3080 4456 3127 4490 ⁸³
3158 4456 3394 4520 ζωοῦται
3436 4456 3483 4488 ⁸⁵
3513 4457 3644 4509 ὲκεῖν

2084 4549 2177 4602 καὶ
2208 4547 2442 4612 ζωτικαι
2478 4548 2535 4600 ὲν
2583 4546 2732 4617 αὐτῷ
2762 4545 3048 4618 ἐνεργοῦσι
3081 4545 3343 4615 δυνάμεις
3364 4545 3410 4578 ⁸⁵
3432 4563 3448 4577 ο
3475 4547 3560 4600 ὅτε
3589 4545 3644 4576 ⁸⁸⁸

2075 4641 2306 4703 καὶτοῖς
2354 4638 2587 4702 ὲναλίοις
2619 4637 2779 4702 ζώοις
2813 4638 2931 4692 ἐστὶ
2984 4637 3398 4708 παραπλήσιον.
3432 4638 3522 4693 Διδ
3564 4637 3644 4699 καὶ

2073 4730 2333 4798 ἔμϐρυον
2359 4727 2580 4796 λέγεται
2604 4727 2692 4781 διὰ
2713 4727 2774 4780 τὸ
2800 4727 3007 4782 ἔσωθεν
3041 4728 3087 4762 ⁸⁸
3123 4727 3331 4798 βρύειν,
3359 4726 3640 4798 τρέφεσθαί

403 4826 759 4887 mentumque
830 4819 1149 4888 capiendum
1215 4818 1373 4873 facile
1426 4829 1629 4884 manat,
1682 4821 1887 4878 dictum
1945 4836 1976 4876 a

2088 4837 2130 4873 ιε
2154 4820 2248 4872 καὶ
2274 4818 2536 4884 αὔξεσθαι
2557 4836 2570 4850 ο
2598 4819 2631 4890 ἢ
2659 4819 2748 4873 διὰ
2773 4819 2836 4874 τὸ
2865 4819 3013 4872 ἔνδον
3034 4820 3078 4851 ⁸⁷
3105 4818 3203 4889 τὴν
3229 4819 3396 4890 βορὰν
3421 4820 3466 4852 ⁸⁸
3492 4818 3640 4888 ἔχειν’

398 4909 593 4962 Graeco
653 4908 859 4979 βρύειν,
913 4909 1056 4979 quod
1112 4925 1424 4972 muno.seu
1473 4913 1976 4982 scateo;signilicat.

407 5003 534 5057 Sive
555 5003 698 5072 quod
731 5001 911 5058 cibum
965 5001 1114 5057 intus
1163 5002 1459 5065 contineat,
1492 5004 1584 5072 qui
1627 5002 1813 5060 Greece
1839 5003 1974 5075 βορὰ

532 5205 578 5234 ⁵⁸
611 5201 820 5264 πάντας
864 5215 974 5254 om.
1005 5199 1063 5254 Β.
1162 5200 1209 5232 ⁵³
1239 5201 1371 5268 φασὶ
1425 5215 1539 5254 om.
1597 5198 1659 5266 Β,

401 5275 483 5342 ἐχ.
544 5272 655 5325 δυν.
691 5271 750 5324 Β.
796 5341 801 5342 ί
839 5270 1012 5342 δέτὴν
1057 5270 1114 5342 δὲ
1176 5273 1253 5342 έν.
1315 5270 1458 5342 κατά
1497 5270 1673 5342 μέρος
1726 5270 1940 5342 ὲκίτῶν

403 5338 684 5410 ἐνέργειαν
712 5341 819 5410 ἀπὸ
849 5338 1331 5410 τῶνμαθημάτων
1357 5338 1616 5410 κτώμεθα
1643 5338 1705 5392 Ρ.

403 5357 684 5410 ενεργειαν
712 5357 819 5393 απο
849 5359 956 5392 των
980 5357 1322 5473 μαυηματων
1357 5357 1514 5440 κτωμ

402 5411 446 5466 Β
473 5414 513 5466 C
545 5412 604 5466 Ρ.
680 5410 724 5441 ⁸³
755 5408 976 5481 μῆυλογι
1015 5447 1029 5460 .
1064 5411 1096 5481 ἢ
1127 5426 1282 5481 προν.
1313 5409 1372 5463 Β.
1428 5409 1469 5481 _‘

398 5482 447 5515 "
478 5479 786 5553 ἀνάρἑπος
823 5479 878 5553 ιξ,
897 5479 959 5553 Ῑῗτ
995 5548 1026 5553 _
1053 5479 1098 5512 ⁸⁸
1130 5479 1238 5553 γὰρ

1715 5200 1850 5269 φησι
1899 5198 1938 5254 C
1987 5198 2048 5254 P.
2143 5201 2190 5232 “
2219 5202 2367 5254 ἐστιν
2389 5215 2500 5254 om.
2533 5199 2596 5254 C.

1990 5269 2122 5356 μεθ·
2155 5272 2218 5356 Bs
2253 5269 2563 5356 είιάρξξαὶ
2593 5268 2850 5356 δεκτικὴν
2884 5263 3635 5356 ειιεειδύιειέιϊξέὶέἒιᾷὴγ

1772 5341 1817 5371 ⁸³
1842 5358 1892 5394 τ.
1923 5341 2009 5393 ἄλ.
2040 5342 2138 5396 άπ.
2171 5341 2222 5404 ζ.
2253 5341 2293 5394 Β
2317 5340 2378 5394 Ρ.
2457 5341 2502 5372 σθ
2535 5341 2763 5408 ἀσήμως
2785 5340 2846 5392 C.

1521 5411 1633 5484 ἀνω
1663 5407 1850 5484 ἀθρεῖν
1881 5412 1946 5474 Α,
1975 5410 2087 5484 ἀνω
2126 5409 2452 5484 θρεῖν-ῨΒΑΡ.
2474 5411 2626 5484 μθδμῆ

1283 5494 1392 5533 om.
1427 5479 1485 5532 Β.
1576 5479 1619 5549 ⁸⁷
1652 5479 1940 5549 ἀνθρώπου
1981 5480 2020 5533 Β
2049 5481 2089 5534 C
2125 5479 2180 5534 Ρ.

2081 4911 2114 4981 ἢ
2142 4912 2229 4965 διὰ
2260 4911 2320 4965 τὸ
2348 4910 2498 4966 ἔνδον
2528 4911 2572 4943 ⁸9
2598 4906 2737 4964 εἶναι
2768 4910 2963 4981 βροτοῦ
2991 4910 3059 4966 ⁹⁰.
3100 4909 3166 4963 Ἦ
3191 4910 3248 4964 δὲ
3263 4912 3481 4979 μήτρα,
3511 4908 3642 4979 παρὰ

2081 5004 2142 5056 τὸ
2175 5005 2217 5035 9⁸
2257 5003 2440 5074 μήτηρ
2472 4997 2614 5056 εἶναι
2639 5000 2733 5056 τοῦ
2766 4999 3110 5071 γεννωμένου
3128 5002 3195 5054 ⁷⁸.
3219 4999 3455 5069 Λέγεται
3484 4998 3539 5052 δὲ
3563 4997 3641 5050 καὶ

2691 5199 2737 5230 ⁸⁸
2767 5198 2828 5252 τὸ
2865 5197 2922 5252 δὲ
2975 5197 3036 5254 Β.
3137 5197 3183 5229 ⁵⁸
3204 5197 3370 5249 αῐέπ.
3397 5195 3460 5250 Β.
3531 5193 3570 5227 ⁸⁷
3592 5192 3638 5246 αἱ

2922 5331 3032 5390 ira
3061 5337 3119 5389 Β.
3197 5337 3240 5368 ⁶¹
3257 5331 3635 5403 διαλογίζεσθαι

2663 5425 2758 5476 πρ.
2789 5424 2899 5462 om.
2938 5407 2979 5460 Β
3005 5407 3065 5460 Ρ.
3141 5407 3186 5439 ⁸⁸
3215 5401 3495 5476 ἄνδρωπος
3523 5403 3560 5456 C
3586 5401 3632 5453 P.

2279 5482 2326 5513 "°
2355 5474 2653 5548 ἀνάϐλεῲις
2687 5474 2724 5530 Β
2762 5478 2831 5548 C.
2901 5478 2944 5510 ⁷¹
2978 5474 3342 5548 ύπογάστροις
3367 5474 3633 5548 animo?!»

404 5541 712 5632 afpiotér;
768 5551 812 5582 ⁷⁸
833 5549 894 5632 δὲ
913 5550 963 5632 Β
995 5548 1075 5632 Ρ..
1133 5541 1177 5582 ⁷³
1207 5541 1658 5632 μετείληφε-ΒΡ,
1684 5541 2010 5632 μετείληφεν
2038 5551 2109 5632 (3..
2175 5550 2222 5632 "_‘
2251 5551 2351 5632 κοιλ1
2375 5541 2649 5632 καταβολῇ
2681 5548 2729 5632 ΒΚ
2751 5547 2790 5602 C
2943 5548 2999 5631 '7’
3035 5541 3194 5632 σῶμα
3225 5541 3264 5597 Β
3293 5545 3350 5632 1::

403 5620 510 5674 τῶν
541 5620 578 5672 Β
611 5620 651 5674 C
675 5620 734 5674 P.
833 5621 875 5651 ⁷⁷
910 5622 980 5687 ὲμ

986 5622 1173 5692 μεῖναν
1201 5616 1276 5692 ΔΒ.
1342 5620 1388 5692 ⁷⁸
1410 5616 1526 5672 ἐκεῖ
1673 5616 1738 5692 ξ’ξθ
1769 5616 2160 5692 τινα”ὲρυσικὴν
2188 5621 2410 5692 ζκμάδα.
2488 5620 2534 5692 3f
2570 5616 3122 5692 προσλαμβανομένον
3150 5616 3209 5670 C.

3307 5615 3349 5645 ⁸⁷
3377 5615 3469 5667 καὶ
3497 5610 3632 5664 πάλιν

401 5689 464 5760 Β.
543 5691 586 5722 ⁸⁸
620 5689 900 5758 κατολὶγον
927 5685 998 5743 Β(
1063 5690 1108 5723 ⁸³
1127 5689 1521 5760 ἀνδρυνόμενον
1565 5688 1629 5760 C,
1661 5685 2019 5760 ἀδρυνᾴμενον
2052 5685 2127 5743 Ρ.’
2186 5685 2714 5760 ⁸³”ζωοποιοῦται’Β.
2743 5759 2753 5760 7
2789 5685 3032 5760 Ἔξαι-ζ.
3065 5687 3179 5760 δονΣ
3219 5688 3297 5760 ὲν-
3321 5685 3441 5760 ab}.
3475 5685 3629 5760 £3537:

402 5759 465 5816 Β.
505 5829 516 5831 Α
557 5760 600 5795 ⁸⁸
630 5760 768 5814 ἀλλά
817 5750 877 5812 Ρ.
937 5761 1002 5792 ’⁸⁵
1024 5759 1133 5831 ἔσω
1156 5759 1197 5831 Β
1222 5750 1262 5815 C
1288 5750 1374 5813 Ρ.’
1421 5759 1465 5791 ⁸⁷
1486 5750 1781 5831 ,ἔνδοθενΒ
1811 5750 1941 5816 (ΥΡ.
2019 5761 2064 5794 ⁸⁸
2095 5750 2301 5831 βρῶσιν
2330 5761 2370 5817 C
2402 5759 2462 5816 Ρ.
2538 5760 2584 5792 ⁸⁷
2616 5759 2824 5814 ἔνδοθεν
2852 5757 2892 5813 Β
2922 5750 3003 5812 (3.⁷
3065 5757 3124 5828 ,³ο
3155 5754 3342 5827 βροτὸν
3368 5754 3428 5808 Β.
3499 5753 3536 5783 ⁷⁷
3560 5750 3630 5805 διὰ

402 5830 463 5885 τὸ
502 5829 563 5886 Β.
639 5833 682 5864 θ’
716 5831 822 5886 τῶν
846 5830 1143 5904 γινομένων
1169 5829 1230 5898 Β,
1268 5829 1592 5901 γεννομένου
1623 5828 1684 5886 C.
