3842 6394
85 310 226 363 1085

1311 303 1395 355 DE
1435 298 1721 356 NATUllA
1765 299 2069 356 IIOMINIS.

3228 310 3368 367 1086

78 427 276 496 νηδὺς
329 423 424 477 καὶ
459 421 688 490 δελφὺς
747 419 840 473 καὶ
883 419 1137 486 ὑστέρα·
1196 416 1388 485 νηδὺς
1429 416 1549 486 μὲν,
1597 417 1681 470 ὅτι

1806 416 2008 471 licitur.
2038 416 2162 470 Sive
2203 417 2346 485 quod
2379 416 2430 471 in
2464 403 2686 474 homine
2724 420 3100 492 consistatqui
3134 423 3202 479 ab
3235 424 3370 495 ipsis

83 519 211 592 μεθ’
263 516 532 588 ἠδύτητος
569 513 826 584 ἐνεργεῖο
879 511 912 581 ἦ
954 510 1062 565 ἀπὸ
1099 509 1192 562 τοῦ
1243 508 1501 580 νενῆσοαι
1535 508 1602 571 ’³,
1660 508 1686 560 ὃ

81 610 206 660 ἐστι
240 601 644 673 σεσωρεῦσθαι,
684 601 780 654 καὶ
808 599 1210 669 πεπληρῶσθαι
1247 597 1587 670 τραχύτητος
1615 598 1686 652 ⁸⁵.

81 693 199 748 Kal
230 693 342 763 γάρ
373 692 406 761 ἡ
441 690 605 759 φύσις
641 691 904 762 τραχεῖαν
940 687 1148 759 ταύτην
1178 687 1425 756 εποίησε,
1464 687 1558 739 καὶ
1590 701 1686 738 κο-

80 784 396 856 τυληδόνας
427 781 572 853 ἔχειν
593 782 642 814 ⁸⁸
667 781 805 851 μετὰ
837 779 1052 849 φλεϐῶν
1085 779 1180 831 καὶ
1211 776 1493 849 ἀρτηριῶν
1536 777 1582 810 ’⁸
1607 792 1690 828 τι-

85 893 196 931 νων
218 891 234 907 ·
266 876 352 929 ἵνα
382 873 460 946 μὴ
483 871 580 926 τοῦ
606 873 814 942 σπόρου
831 873 875 904 ⁹⁷
895 870 1351 936 ὲξολισθαίνοντος
1369 871 1414 901 θ’
1429 868 1517 922 διὰ
1544 868 1687 922 λειό-

83 987 231 1042 τητα
253 1010 270 1036 ,
303 969 552 1039 ἄκαρπος
582 968 615 1038 ὴ
665 966 929 1019 τίκτουσα
968 964 1220 1036 διαμένῃ.
1255 964 1328 1016 Ἦ
1362 964 1446 1016 ὅτι
1477 964 1511 1034 ἡ
1542 979 1691 1032 παρ-

85 1061 306 1123 ὀδευσις
324 1058 368 1090 ⁹⁹
386 1058 486 1127 τῆς
501 1054 715 1128 τροφῆς
729 1052 826 1108 τοῦ
848 1051 1094 1125 ὲμϐρύου
1118 1054 1212 1108 ἀπ’
1229 1053 1402 1124 αὐτῆς
1421 1055 1439 1083 ⁸
1454 1051 1687 1121 γίνεταιο

86 1158 247 1209 νάειν
279 1156 298 1185 ⁸
327 1154 438 1223 γάρ
465 1151 528 1204 τὸ
558 1149 578 1181 ⁸
620 1151 768 1220 ῥέειν
789 1162 805 1177 ·
833 1147 868 1219 ἢ
893 1147 1046 1219 παρὰ
1067 1147 1129 1201 τὸ
1151 1163 1223 1218 νη
1247 1146 1574 1218 στερητικὸν
1595 1147 1691 1200 καὶ

87 1248 152 1301 τὺ
187 1248 287 1310 δυς
317 1245 536 1316 μόριονο
567 1242 651 1295 ὅτι
690 1241 788 1295 καὶ
817 1241 840 1272 ⁸
875 1240 1222 1304 παιδοποιίας
1259 1240 1556 1311 στερεῖται,
1597 1239 1692 1292 καὶ¹

89 1338 390 1401 δυστοκίας
447 1333 766 1405 ὑφίσταται.
799 1330 1036 1401 Δελφὺς
1083 1331 1164 1396 δὲ,
1207 1331 1290 1384 ὃτι
1337 1329 1692 1400 ἀδελφοποιός

91 1431 244 1495 ἐστι,
275 1431 371 1484 καὶ
400 1427 607 1497 ἀδελφά
638 1428 789 1480 ποιεῖ
815 1425 886 1480 τὰ
915 1425 1212 1496 τικτόμενα
1237 1441 1252 1455 ⁶
1297 1424 1527 1495 ἀδελφὸς
1557 1423 1688 1495 γὰρ,

91 1522 122 1574 ὁ
159 1522 227 1573 ὲκ
253 1519 351 1591 τῆς
379 1519 552 1590 αὐτῆς
574 1516 826 1586 δελφύας,
864 1515 1034 1587 ἧγουν
1067 1517 1284 1587 μήτρας
1305 1531 1320 1546 ο
1345 1515 1442 1569 καὶ
1461 1514 1690 1586 ὀμὸδελ-

93 1625 198 1678 φος
233 1611 280 1678 ⁸,
308 1613 336 1664 ὁ
362 1607 714 1678 αύτάδελφος.
757 1606 1011 1677 ’Υστέρα
1041 1607 1121 1674 δὲ,
1157 1608 1238 1660 ὅτι
1279 1605 1507 1678 ὕστερον
1552 1605 1692 1661 πάν-

93 1720 210 1757 των
257 1703 368 1756 τῶν
419 1700 596 1756 ἀλλων
648 1697 852 1772 μορίων
882 1700 980 1763 τὰς
1030 1699 1312 1770 ἐνεργείας
1359 1698 1530 1770 αὐτῆς
1571 1700 1694 1752 ἐπι-

95 1796 386 1850 δείκνυται
410 1809 426 1825 ο
471 1793 574 1866 τὴν
627 1791 884 1863 ἑλκτικὴν
927 1789 969 1858 ⁸,
999 1791 1102 1864 τὴν
1156 1790 1491 1862 καθεκτικὴν
1525 1793 1566 1858 ⁷,
1597 1791 1694 1863 τὴν
1727 1777 1768 1832 Β

96 1887 581 1958 ἀλλοιωτικὴνκαὶ
613 1885 979 1957 ἀποκριτικήν
999 1901 1014 1917 ο
1037 1884 1283 1953 δηλονότι
1317 1885 1459 1938 κατὰ
1487 1885 1546 1938 τὸ
1577 1884 1697 1956 βρε-

98 1981 370 2052 φουργεῖν
414 1979 474 2011 ⁸·
513 1979 547 2051 ἢ
597 1979 680 2032 ὅτι
729 1977 935 2048 ἐσχάτη
973 1975 1084 2029 τῶν
1120 1975 1260 2047 μετά
1304 1977 1404 2045 τὴν
1451 1977 1696 2047 γαστέρα

100 2075 310 2126 κεῖται.
329 2070 606 2143 Τρέφεται
635 2069 745 2141 γὰρ
765 2072 787 2103 ⁹
814 2070 872 2123 έν
903 2071 970 2141 τῇ
1007 2070 1193 2140 μήτρᾳ
1220 2069 1280 2123 τὸ
1311 2067 1571 2140 ἔμϐρυον,
1601 2071 1696 2123 xal

98 2165 339 2218 ἀναπνεῖ
361 2164 464 2216 ούκ
505 2163 570 2216 ὲκ
597 2162 692 2215 τοῦ
720 2161 1012 2230 στόματος,
1044 2161 1160 2214 ἀλλ’
1193 2163 1260 2215 ὲκ
1298 2161 1392 2215 τοῦ
1421 2161 1694 2232 ὀμφαλοῦ,

101 2257 170 2324 ἐξ
197 2255 507 2327 αίματικῶν
544 2252 824 2326 μητρῴων
870 2252 1318 2325 περιπτωμάτων
1345 2253 1387 2286 ¹⁰
1409 2269 1424 2284 ⁸
1453 2253 1576 2308 ὅθεν
1602 2255 1697 2308 καὶ

103 2349 383 2420 ὀμφαλὸς
416 2349 573 2419 παρά
603 2347 667 2401 τὺ
697 2348 932 2418 ὀμπνεῖν
962 2347 1004 2378 ¹¹
1053 2348 1299 2420 εἴρηται,
1326 2348 1356 2402 ὃ
1385 2349 1534 2402 ἐστιν
1561 2349 1695 2402 ἀνα-

103 2444 288 2496 πνεῖν.
344 2441 502 2494 Ἐστι
550 2439 607 2494 δὲ
647 2439 710 2492 τὸ
745 2438 913 2510 μέσον
939 2437 1036 2492 τοῦ
1089 2439 1339 2510 σώματος
1363 2455 1378 2470 ·
1427 2441 1487 2493 ὲν
1521 2437 1580 2492 δὲ
1627 2441 1693 2510 τῇ

104 2533 322 2604 γενέσει
347 2532 538 2586 τούτου
569 2529 661 2585 τοῦ
704 2529 847 2596 ζώου
878 2529 1097 2600 λέγεται
1133 2530 1353 2600 πρῶτον
1379 2529 1697 2601 πήγνυσθαι

107 2624 290 2696 ὑμένα
324 2623 446 2677 τινά
471 2621 668 2675 λεπτὸν
705 2620 748 2652 ¹²
789 2618 849 2673 ὃν
868 2619 1094 2673 καλοῦσι
1130 2619 1340 2689 χόριον
1380 2619 1444 2683 ¹³,
1495 2618 1572 2682 ὡς
1602 2634 1700 2671 πε-

108 2717 297 2789 ριέχον
337 2717 383 2748 ’⁸
420 2715 482 2768 τδ
528 2714 804 2785 έμϐρυονο
846 2713 879 2783 ἢ
911 2712 987 2775 ὡς
1032 2712 1236 2782 χωρίον
1265 2711 1432 2768 αὐτοῦ
1467 2712 1528 2765 δν
1556 2713 1620 2775 ¹⁸,
1661 2712 1694 2780 ἢ

107 2788 348 2874 χορηγὸν
397 2800 508 2855 τῶν
557 2798 960 2872 διατρεφόντων
1010 2800 1164 2855 αὐτό.
1230 2788 1363 2854 Εἶτα
1412 2802 1446 2872 ἡ
1501 2801 1698 2872 καρδία

109 2894 309 2967 πρώτη
345 2891 754 2964 καταϐληθεῖσα
788 2891 945 2963 παρὰ
971 2893 1073 2962 τῆς
1119 2891 1340 2962 φύσεως
1386 2893 1450 2959 ’⁸,
1505 2893 1700 2947 ἀναλοο

108 3000 320 3052 γουσαν
351 2983 464 3048 τοῖς
493 2981 682 3054 μέλεσι
701 2981 800 3054 τὴν
838 2983 990 3054 παρὰ
1015 2982 1115 3054 τῆς
1148 2981 1365 3051 φύσεως
1393 2982 1698 3056 καταϐολὴν

1793 506 1979 577 βροτὸς
2023 519 2388 578 nuncupatur.
2422 509 2613 565 Matrix
2667 528 2816 576 vero,
2868 514 3014 583 quod
3047 515 3194 570 illius
3224 519 3372 587 quod

1791 607 2109 666 procreatur
2161 610 2338 653 mater
2395 601 2485 654 sit.
2538 597 2673 655 Nam
2733 601 2818 657 his
2893 605 3208 662 nominibus
3249 623 3371 662 eam

1790 685 1962 742 Graeci
1994 690 2266 758 appellant
2295 709 2307 744 :
2341 691 2522 760 νηδὺς,
2552 692 2766 763 δελφὺς,
2808 696 3028 768 ὑστέρα,
3060 699 3206 766 quod
3243 714 3374 752 ven-

1792 787 1951 845 trem,
1989 789 2228 846 uterum,
2270 781 2488 836 vulvam
2530 784 2990 854 interpretareris.
3044 788 3224 859 Νηδὺς
3255 789 3377 860 qui-

1790 868 1936 933 dem,
1986 871 2133 939 quod
2161 871 2493 941 voluptatem
2539 874 2769 939 diceres,
2807 878 3066 945 quoniam
3105 896 3217 934 rem
3249 897 3374 935 cum

1791 963 2072 1033 voluptate
2101 965 2343 1036 peragit;
2383 980 2476 1020 seu
2504 981 2533 1020 a
2556 965 2748 1022 Graeco
2794 967 3188 1039 διανεμεῖσοαι,
3231 973 3377 1042 quod

1792 1056 2182 1125 asperitatibus
2203 1057 2258 1126 8
2283 1059 2641 1123 cumulatam,
2667 1057 3030 1130 refertamque
3060 1078 3180 1116 esse
3209 1062 3379 1134 signi-

1794 1147 2015 1202 [lcatum
2066 1149 2294 1203 obtinet.
2355 1145 2569 1204 Etenim
2639 1160 2835 1205 natura
2896 1151 3067 1220 ipsam
3126 1170 3375 1223 asperam

1792 1242 2052 1311 protulit,
2092 1249 2146 1296 et
2175 1241 2456 1296 acetabula
2497 1259 2622 1298 cum
2653 1244 2806 1299 venis
2827 1253 2880 1299 et
2911 1246 3126 1300 arteriis
3157 1247 3380 1316 quibus-

1793 1334 1920 1389 dam
1966 1334 2235 1400 adhibuit,
2293 1351 2361 1390 ne
2413 1350 2599 1390 semen
2633 1338 2812 1407 ipsum
2840 1338 3166 1394 lubricitatis
3204 1340 3378 1409 gratia

1793 1426 2123 1491 elaberetur,
2157 1442 2535 1499 puerperaque
2559 1427 2845 1484 infecunda
2871 1442 3227 1500 permaneret.
3252 1430 3379 1486 Sive

1793 1519 1941 1590 quod
1969 1519 2218 1574 deﬂuxus
2243 1520 2484 1575 alimenti
2521 1534 2820 1592 conceptus
2849 1523 2916 1575 ab
2939 1538 3000 1576 ea
3033 1523 3317 1592 proveniat
3346 1540 3378 1578 a

1793 1609 1983 1668 Graeco
2003 1610 2198 1676 δεύειν,
2233 1611 2378 1682 quod
2415 1611 2650 1667 deﬂuere
2677 1615 2906 1678 diceres,
2954 1615 3037 1668 vel
3076 1631 3105 1668 a
3131 1614 3218 1685 νὴ,
3257 1631 3379 1686 qua:

1794 1711 1880 1758 est
1902 1719 2028 1772 pars
2058 1703 2346 1773 privativa,
2374 1712 2427 1758 et
2459 1701 2573 1768 δὺς,
2606 1706 2749 1775 quod
2784 1708 3134 1775 procreanda:
3180 1707 3384 1762 sobolis

1798 1795 1849 1850 vi
1905 1810 2297 1864 nonnunquam
2350 1795 2614 1865 privatur,
2677 1812 2740 1852 ac
2787 1797 3122 1851 laboriosum
3178 1797 3382 1867 patitur

1797 1895 2035 1955 partum.
2066 1885 2274 1954 Δελφὸς
2300 1901 2447 1952 vero,
2473 1886 2615 1956 quod
2640 1885 2828 1944 Grtecc
2845 1887 3214 1957 ἁδελφοποιδς,
3234 1889 3380 1959 quod

1798 1975 1995 2032 fratres
2043 1985 2420 2047 procreantem
2485 1978 2808 2049 explieares,
2885 1994 3011 2034 nam
3074 1980 3294 2050 ἀδελφοὶ
3313 1996 3381 2036 ex

1797 2069 1990 2124 eodem
2023 2078 2200 2136 utero,
2231 2071 2325 2141 qui
2355 2070 2522 2144 δελφὴ
2566 2071 2790 2137 dicitur,
2837 2073 3131 2145 procreati,
3183 2073 3381 2128 fratres

1798 2162 2100 2218 adinvicem
2124 2163 2486 2233 appellantur.
2520 2157 2753 2236 ’Υστέρα
2789 2173 2992 2230 autem,
3020 2165 3167 2235 quod
3195 2163 3382 2220 Graece

1801 2247 2028 2321 ὕστερον
2057 2251 2418 2307 novissimum
2450 2251 2672 2320 dicitur,
2704 2253 2832 2323 quia
2865 2257 3114 2309 omnium
3141 2255 3381 2324 partium

1798 2341 2098 2396 novissima
2155 2343 2407 2412 proprios
2467 2353 2622 2400 actus
2665 2345 2918 2410 ostendit,
2953 2360 3078 2400 cum
3134 2347 3187 2400 in
3222 2354 3382 2416 partu

1799 2434 2149 2503 perﬁciendo,
2177 2434 2506 2501 attrahendi,
2529 2436 2867 2504 continendi,
2886 2437 3174 2499 alterandi,
3194 2453 3384 2494 excero

1799 2527 2091 2597 nendique,
2116 2543 2237 2598 qua:
2258 2527 2377 2599 ejds
2403 2524 2687 2583 facultates
2711 2538 2862 2596 sunt,
2887 2537 3088 2584 utatur.
3112 2527 3218 2586 Seu
3240 2529 3382 2600 quod

1801 2619 2160 2675 novissimum
2186 2621 2416 2676 aliorum
2439 2623 2508 2676 ab
2524 2622 2647 2676 alvo
2663 2621 2827 2676 situm
2845 2621 3072 2676 obtinet.
3103 2619 3381 2691 Siquidem

1800 2720 2119 2780 conceptus,
2152 2711 2206 2765 in
2238 2711 2396 2766 vulva
2427 2712 2686 2767 alimento
2719 2726 2783 2766 ac
2817 2711 3044 2780 spiritus
3071 2711 3382 2780 reciproca-

1801 2803 1967 2867 tione,
1999 2815 2107 2858 non
2139 2805 2270 2870 oris,
2305 2805 2399 2860 sed
2432 2805 2675 2860 umbilici
2701 2804 2876 2860 olIicio
2908 2803 3096 2869 utitur,
3135 2803 3279 2874 quod
3316 2820 3384 2858 ex

1802 2896 1989 2950 matris
2016 2895 2327 2965 sanguineis
2355 2895 2716 2952 excrementis
2748 2895 2826 2959 tit,
2853 2895 2996 2949 unde
3016 2904 3069 2950 et
3091 2895 3384 2949 umbilicus

1799 2983 2044 3056 ὀμφαλὸς
2080 2983 2286 3048 Graece,
2322 2984 2476 3038 deest
2512 2983 2641 3054 aliq.
2679 2982 2788 3036 ἀπὸ
2819 2980 2913 3034 τοῦ
2952 2981 3200 3052 ἐμπνεῖν,
3237 2979 3382 3050 quod

108 3075 540 3148 παραλαμϐάνει
583 3076 660 3108 ’⁷ο
691 3073 773 3128 διὸ
816 3077 914 3128 καὶ
952 3073 1287 3146 συμμέτρως
1316 3077 1436 3137 ταῖς
1469 3075 1684 3140 οἰκείαις

1804 3077 2072 3146 respirare
2106 3087 2207 3141 ρει,
2251 3084 2613 3146 nuncupatur.
2652 3073 2913 3145 Corporis
2954 3086 3191 3142 namque
3225 3071 3385 3142 quasi

109 3166 312 3237 ἀρχαῖς
339 3169 399 3222 ὲν
436 3166 515 3238 τῷ
557 3167 658 3238 τῆς
690 3165 910 3236 φύσεως
954 3165 1308 3238 ἐργαστηρίῳ
1343 3181 1684 3237 περιυφαινο·

1804 3170 2044 3225 medium
2069 3185 2176 3240 qua
2208 3168 2324 3239 ipse
2344 3169 2510 3224 situm
2546 3169 2756 3224 obtinet
2792 3166 3043 3220 habetur.
3079 3163 3381 3235 Siquidem,

112 3258 280 3329 μένου
303 3259 399 3314 τοῦ
426 3257 680 3332 σώματος
700 3257 1062 3327 ἀπαρτίζεται
1096 3257 1242 3312 κατά
1275 3255 1526 3311 σύνθεσιν
1557 3258 1621 3315 ¹⁸.

1805 3260 1860 3316 in
1889 3261 2054 3332 hujus
2083 3260 2335 3316 animalis
2368 3269 2493 3315 ortu
2543 3261 2861 3314 membrana
2883 3257 3098 3312 subtilis
3135 3256 3382 3326 quaadam

120 3349 362 3420 primum
410 3350 736 3418 concrescit,
765 3367 886 3422 quae
919 3350 988 3404 ab
1025 3349 1133 3405 illis
1165 3348 1386 3421 χώριον,
1449 3351 1598 3420 quod
1625 3366 1684 3406 se

1799 3353 1923 3408 dam
1975 3353 2362 3408 denominares
2421 3351 2530 3406 ἀπὸ
2596 3349 2691 3404 τοῦ
2719 3349 2887 3422 χορῶ,
2920 3349 3068 3419 quod
3130 3348 3385 3403 contineo

110 3439 347 3506 diceres,
388 3456 512 3499 cum
545 3441 690 3497 fetus
736 3441 806 3498 ab
846 3442 964 3513 ipsa
1011 3441 1374 3508 contineatur,
1409 3441 1524 3497 sive
1555 3443 1700 3513 quod
1733 3443 1886 3499 locus
1906 3442 2033 3513 ejus
2057 3442 2147 3509 sit,
2177 3444 2273 3512 qui
2316 3443 2386 3498 ab
2436 3443 2542 3496 illis
2569 3441 2768 3513 χὼριον
2839 3446 3210 3510 nuncupatur,
3237 3436 3319 3492 vel
3353 3452 3382 3491 a

112 3535 403 3609 χορηγέω,
459 3535 605 3606 quod
660 3535 944 3605 impertior
982 3535 1213 3602 diceres,
1277 3534 1405 3605 quia
1445 3534 1579 3591 fetui
1627 3536 1697 3592 ab
1760 3537 1876 3607 ipsa
1919 3537 2236 3591 alimentum
2300 3535 2666 3606 impertiatur.
2701 3533 2908 3589 Dehine
2938 3548 3063 3598 cor,
3095 3531 3241 3603 quod
3267 3546 3387 3586 om-

114 3627 279 3682 nibus
299 3625 560 3682 membris
583 3626 937 3697 proportione
959 3625 1272 3697 respondet,
1291 3639 1416 3681 cum
1443 3639 1475 3681 a
1501 3635 1694 3682 natura
1731 3627 1970 3697 primum
2040 3626 2432 3693 constituatur,
2461 3635 2631 3681 totam
2707 3633 2916 3679 natura:
2957 3624 3132 3694 ipsius
3175 3623 3386 3679 consti-

113 3718 380 3774 tutionem
411 3718 661 3788 suscipit.
698 3716 1067 3784 Quamobrem
1095 3755 1113 3783 ,
1143 3719 1198 3773 in
1231 3726 1442 3772 natura:
1486 3717 1700 3774 oﬂicina
1724 3759 1739 3785 ,
1779 3718 1847 3774 ad
1885 3719 2137 3790 corporis
2183 3728 2492 3775 contextum
2547 3718 2917 3788 peragendum
2963 3716 3383 3788 compositionis

114 3808 330 3875 ordine,
356 3809 635 3865 moderate
664 3809 902 3881 prOpriis
934 3807 1221 3879 principiis
1255 3807 1555 3878 perﬁcitur.

109 3935 115 3941 -
198 3901 626 3974 Ἐσχημάτισται
658 3901 718 3956 δὲ
749 3905 809 3956 ὲν
838 3905 906 3975 τῇ
945 3903 1130 3974 μήτρᾳ
1163 3901 1231 3955 τὰ
1259 3900 1362 3972 μὲν
1382 3903 1692 3972 τετράποδα

111 3994 225 4048 τῶν
251 3992 410 4058 ζώων
437 3994 777 4066 ὲκτεταμένα
810 3995 854 4028 ³⁸
887 3992 1107 4049 κεῖσθαι
1128 4010 1142 4024 ο
1179 3995 1207 4046 ὁ
1229 3993 1287 4046 δὲ
1321 3993 1416 4048 ἀνθ
1428 4011 1609 4064 ρωπος
1643 3994 1691 4026 ὀ

113 4087 216 4159 τὴν
264 4087 362 4158 μὲν
393 4088 513 4159 ῥῖνα
565 4088 732 4158 μέσον
773 4085 883 4141 τῶν
917 4086 1163 4155 γονάτων
1203 4084 1348 4156 ἔχειν
1375 4087 1439 4150 ¹¹,
1484 4087 1611 4149 τοὺς
1637 4085 1693 4140 δὲ

113 4177 433 4250 ὀφθαλμοὺς
465 4178 562 4232 ἐπὶ
593 4180 709 4242 τοῖς
740 4178 967 4248 γόνασιο
1013 4177 1080 4231 τά
1106 4175 1164 4231 δὲ
1213 4171 1330 4231 ὦτα
1361 4177 1540 4236 ἐκτός.
1580 4177 1694 4231 Kal

113 4271 247 4324 ὅταν
290 4269 384 4324 τὸν
429 4269 766 4340 τεταγμένον
812 4270 918 4341 τῆς
958 4271 1213 4340 κυήσεως
1251 4268 1298 4299 ’⁸
1350 4266 1693 4340 ἐκπληρώσῃ

1872 3903 2296 3975 Quadrupedum
2348 3911 2530 3959 autem
2576 3901 2895 3956 animalium
2937 3914 3132 3970 genus,
3160 3900 3212 3955 in
3231 3903 3401 3958 vulva

1799 3997 2110 4067 porredtum
2134 3995 2434 4051 consistere
2450 3995 2744 4065 figuratur;
2770 3993 2933 4047 homo
2947 4007 3074 4047 vero
3091 4008 3284 4049 nasum
3306 3995 3391 4049 in.-

1801 4098 1884 4145 ter
1903 4103 2078 4160 genua
2115 4087 2351 4143 medium
2376 4087 2681 4152 continens,
2705 4083 2882 4140 oculis
2903 4084 3134 4157 genibus
3164 4085 3388 4148 innixis.

1801 4197 1964 4238 aures
1992 4179 2332 4237 extrinsecus
2362 4179 2580 4234 retinet.
2610 4176 2678 4231 Et
2701 4163 2894 4248 9cum
2926 4176 3042 4246 jam
3079 4177 3398 4247 legitimum-

1800 4270 1990 4327 edendi
2016 4279 2206 4341 partus
2229 4280 2442 4338 tempus
2467 4267 2798 4338 completum
2821 4267 3208 4334 fuerit,venter
3227 4269 3280 4322 in
3300 4279 3403 4322 tu-

115 4366 332 4438 χρόνον,
369 4365 506 4437 πρὸς
533 4365 756 4436 δγκονή
788 4365 1008 4436 γαστὴρ
1039 4362 1428 4434 διεγειρομένη
1460 4363 1611 4416 ὠθεῖ.
1634 4363 1684 4416 τὶ

1803 4377 2013 4417 morem
2059 4373 2293 4428 erectus,
2307 4357 2474 4415 fetum
2499 4360 2566 4414 ad
2584 4359 2852 4415 exteriora
2871 4358 3094 4428 expellit
3112 4376 3126 4426 ;
3142 4367 3194 4414 et
3209 4361 3394 4416 soluto

115 4456 358 4530 ἔμϐρυον
391 4456 497 4522 ἔξω
531 4457 578 4490 ’³
604 4473 618 4488 °
648 4458 742 4510 καὶ
775 4455 994 4529 πρῶτον
1031 4457 1131 4528 τῆς
1178 4454 1425 4525 κεφαλῆς
1461 4455 1696 4509 ἀπολυο-

118 4551 289 4621 μένης
324 4549 372 4582 ⁸⁸
414 4549 572 4620 ῥέπει
627 4548 770 4603 κατὰ
813 4549 914 4620 τὴν
944 4547 1164 4619 κίνησιν
1205 4546 1276 4600 τὰ
1307 4545 1690 4617 βαρυογκωδέ-

1803 4454 2038 4526 primum
2069 4453 2267 4523 capite,
2294 4467 2361 4507 eo
2391 4459 2574 4507 motus
2619 4449 2828 4514 ordine,
2856 4449 2945 4505 illa
2979 4465 3101 4520 qua:
3137 4453 3402 4521 graviora.

1798 4543 2067 4613 corporis,
2087 4542 2486 4614 corpulentiora
2517 4557 2639 4613 qua:
2669 4549 2797 4596 sunt
2821 4540 2887 4595 ab
2914 4541 3034 4611 ipso
3068 4549 3239 4597 tracta
3268 4543 3392 4613 (has

122 4640 355 4711 στεραιη
384 4639 478 4694 τοῦ
508 4639 763 4711 σώματος
791 4638 1166 4710 ἐπισυρομὲνη
1197 4637 1262 4691 ⁸⁸.
1282 4636 1468 4691 Ταῦτα
1491 4637 1548 4690 δέ
1578 4637 1684 4690 ὲστι

1800 4636 2018 4705 quidem
2069 4643 2252 4706 partes
2288 4634 2352 4690 ad
2379 4635 2639 4690 humeros
2659 4641 2960 4705 pectusque
2981 4647 3103 4689 esse
3140 4635 3388 4702 constat)

114 4731 189 4788 -εά
219 4733 350 4806 περὶ
385 4734 514 4797 τοὺς
545 4733 730 4805 ὤμους
760 4733 906 4806 μέρη
937 4733 1034 4786 καὶ
1063 4729 1290 4804 θώρακα
1313 4731 1378 4785 ²’.
1413 4729 1524 4784 Kal
1555 4728 1684 4800 αὕτη

1799 4735 1951 4782 extra
1971 4736 2216 4798 serpunt.
2242 4725 2308 4781 Et
2329 4726 2445 4782 hazc
2470 4725 2690 4798 quidem
2731 4725 2925 4781 semita
2952 4739 3140 4780 eorum
3171 4726 3263 4796 qui
3295 4742 3391 4780 na-

117 4828 272 4881 ὲστὶν
299 4829 333 4898 ἡ
371 4827 466 4880 ἐπὶ
487 4829 601 4890 τοῖς
623 4827 769 4881 κατά
796 4826 961 4894 φύσιν
988 4825 1335 4894 τικτομένοις
1364 4821 1452 4876 ἐπ’
1482 4821 1697 4886 εὐθείας

114 4917 240 4981 ὁδός
270 4917 337 4974 ³⁸.
373 4915 514 4980 Τοὺς
541 4917 648 4987 γὰρ
699 4915 852 4988 παρά
883 4916 1049 4986 φύσιν
1083 4915 1281 4978 τόκους
1323 4913 1356 4985 ἢ
1390 4911 1685 4975 δυστοκίας

117 5009 525 5082 παραλειπτέον
572 5009 643 5063 ’³.
678 5007 836 5062 Μετά
891 5007 1025 5077 γοῦν
1055 5008 1154 5078 τὴν
1200 5003 1556 5078 χειρουργίαν
1603 5003 1700 5058 τοῦ

1804 4829 1939 4874 tura:
1959 4820 2149 4875 ordine
2178 4828 2483 4875 nascuntur
2513 4827 2658 4874 recta
2691 4817 2940 4872 habetur.
2968 4815 3236 4874 Tumores
3261 4834 3399 4874 vero

1807 4908 2032 4973 ventris,
2094 4908 2187 4980 qui
2234 4911 2716 4980 praeter'naturam
2769 4907 3047 4969 eveniunt,
3092 4918 3390 4978 partusque

1806 4999 2151 5056 difﬁcultates
2182 5001 2381 5057 missas
2427 4999 2712 5055 faciemus.
2746 4997 2867 5053 Mox
2930 4998 3097 5070 igitur
3149 4999 3219 5054 ab
3268 5000 3390 5070 ipsa-

193 5169 241 5203 ”
263 5167 608 5238 διανενῆσθαι
643 5166 685 5220 Β
714 5166 755 5222 C
787 5166 844 5221 P.
940 5167 988 5200 ³⁵
1012 5165 1312 5288 τραχύτητι
1339 5165 1400 5220 Β.
1489 5163 1678 5252 "ﬁxe:
1709 5164 1768 5218 Β.
1853 5166 1900 5198 ³⁸
1927 5162 2259 5236 ἀρτυμάτων
2285 5159 2348 5250 Β,
2373 5159 2712 5244 άρτημάτευν
2737 5158 2798 5214 C.
2875 5161 2922 5242 Ἴ
2959 5161 2988 5214 ό
3017 5160 3222 5250 σπόρος
3238 5157 3294 5241 .B
3321 5157 3384 5214 P.

193 5238 577 5288 ἐξολισθαίνων
606 5236 668 5288 Β.
700 5237 1039 5288 ἐξολισθαίνη
1069 5236 1110 5288 C
1188 5275 1201 5288 .
1303 5238 1350 5269 θ’
1381 5234 1724 5288 πεοιόοευσις
1782 5233 1842 5288 Β.
1898 5233 2236 5288 παράδευσις
2294 5234 2356 5286 (ι.
2439 5233 2454 5262 ί
2481 5243 2538 5285 tt.
2595 5247 2696 5288 της
2742 5247 2952 5288 τροφῆς
2996 5231 3076 5283 ἀπ
3130 5247 3301 5288 αυτης
3325 5228 3384 5285 Β.

114 5240 162 5274 ⁸⁸
191 5236 577 5305 ἐξολισθαίνων
606 5236 675 5309 Β,
700 5236 1110 5309 ὲξολισθαίνῃίϐ

118 5380 382 5448 ελκτικὴν
415 5379 478 5434 Β.

1303 5228 1724 5308 Ϋθλπεριόδεῗυσις
1782 5233 1842 5308 Β,
1898 5228 2236 5308 παράδευσις
2294 5233 2359 5308 C_.
2418 5228 2538 5308 χες
2595 5230 2696 5300 τῆς
2742 5230 2952 5308 τροφῆς
2996 5228 3301 5308 any-53?};

116 5315 138 5343 ¹
167 5299 342 5364 ναίειν
373 5309 441 5372 Α,
468 5308 611 5363 νέειν
637 5299 702 5370 C,
733 5299 909 5362 δεύειν
937 5299 1040 5362 Ρ.”
1075 5309 1097 5339 ³
1127 5305 1244 5361 ἐστὶ
1268 5306 1330 5360 τὸ
1355 5305 1422 5361 Β.
1455 5299 1468 5308 ’
1493 5303 1515 5336 ⁸
1542 5305 1638 5358 καὶ
1668 5319 1776 5359 om.
1805 5305 1865 5358 B.
1942 5309 1962 5338 ⁸
1981 5299 2284 5372 όμόδελφυς
2324 5301 2385 5355 Β.
2461 5301 2482 5333 ⁸
2512 5299 2682 5372 ἤγουν
2706 5299 2805 5372 τὴν
2840 5299 3045 5355 ἑλκτ.(]
3075 5301 3136 5356 Ρ.

3213 5301 3234 5331 ⁷
3265 5300 3390 5352 καθ-

576 5379 604 5464 :
634 5367 1060 5464 βέεεροδουρτεῖξ
1088 5375 1603 5464 Ακιδηλονέτιηρηιι
1636 5372 1803 5464 σιηῐ
1830 5374 1966 5464 658.
1988 5367 2044 5464 (Ξ.
2063 5373 2126 5428 P-
2147 5367 2848 5464 ,ἕξειπτείμοὲξφνὲι
2899 5367 3390 5464 ὶὶὲέιξῖίεῖνηίὲἒο

117 5441 398 5529 [ίηλεπτξδν
419 5441 646 5529 ριη..Β.’
670 5441 683 5446 ’
707 5441 758 5480 ¹³’
779 5441 981 5529 χωρίον
1013 5447 1075 5500 Β.
1155 5441 1542 5529 ¹⁸ιπεριέχοντα
1567 5446 1658 5529 Αλ
1687 5445 1757 5529 λ’
1779 5445 1910 5529 ὄντα
1936 5445 1979 5498 Α
2004 5445 2072 5529 (3ἒ
2147 5444 2191 5477 ³⁸
2221 5441 2555 5529 κατξϐλκξτ.
2597 5443 2695 5529 τῆς
2737 5441 3390 5529 φυσλλαμϐάνὲςιὶῌκατα-

113 5521 299 5574 ϐόλιον
331 5520 390 5582 Β,
419 5518 691 5588 λαμϐάνει
721 5511 1031 5589 καταϐολὴν
1071 5535 1149 5572 πα
1192 5515 1226 5570 ἀ
1250 5511 1350 5581 τ”ς
1375 5511 1593 5588 φύσεως
1619 5512 1660 5570 C
1687 5513 1749 5570 P.
1829 5517 1871 5548 ¹⁷
1899 5514 2107 5587 παραλ.
2165 5531 2275 5570 om.
2316 5511 2377 5568 P.
2462 5511 2506 5543 ⁸⁸
2541 5529 2595 5565 κ.
2628 5511 2726 5585 τὴν
2756 5511 2908 5568 cavo.
2944 5511 3006 5566 (Σ.
3089 5511 3130 5543 ¹⁹
3159 5512 3390 5562 ἐκτετα-⁸

122 5591 300 5641 ιιένως
329 5589 390 5641 Β.
485 5588 532 5622 ⁸⁸
555 5588 648 5641 τὸν
675 5586 732 5641 δὲ
761 5588 1048 5641 ἄνθρωπον
1071 5535 1194 5641 σιξ.
1273 5535 1319 5620 ’11
1345 5589 1458 5641 ένει
1487 5587 1550 5641 C.
1614 5588 1659 5618 "
1695 5586 1965 5641 κινήσεως
2002 5586 2064 5641 C.
2139 5587 2184 5619 ”
2213 5587 2294 5641 είς
2322 5584 2382 5637 τὸ
2420 5580 2527 5641 ἔξω
2576 5581 2636 5641 Β.
2687 5584 2770 5641 είς
2817 5583 2887 5636 τὰ
2927 5582 3032 5641 ἔξω
3075 5579 3118 5636 C
3143 5579 3202 5634 Ρ.
3276 5577 3322 5610 ⁸⁸
3351 5579 3390 5641 ἠ

120 5589 390 5663 μένωςΒ.
477 5586 532 5663 ,⁸⁸
555 5588 648 5663 τὸν
675 5586 732 5641 δὲ
752 5586 1048 5663 alleged-nov

1345 5577 1458 5660 ἔχει
1487 5587 1550 5660 l3.
1614 5588 1659 5618 "
1695 5577 2064 5660 κινήσεως
2094 5587 2294 5660 _”_el;
2322 5584 2382 5660 τδ
2414 5580 2527 5660 ἔξω
2576 5581 2636 5646 Β,
2682 5577 2770 5660 εἰς
2817 5583 2906 5660 τεὶιΔ
2927 5579 3118 5660 έΞωΑ-(Ῑι
3276 5577 3390 5660 “ﬁ

121 5647 339 5731 ξιεφαλὴ
367 5658 718 5731 ἀπολυομένη
739 5657 811 5731 Β.
847 5647 955 5731 ς’ξ,
982 5658 1063 5731 τάξ
1099 5647 1512 5731 βαρύτερα”καὶ
1565 5647 1958 5731 ὀγκωδέστερα
1983 5656 2023 5710 Β
2049 5655 2126 5731 ΛΟ
2176 5657 2237 5712 Ρ.
2274 5647 2286 5650 ⁷
2411 5653 2809 5731 ὲτῖιςυρομένου
2867 5652 2930 5708 C.
3023 5651 3067 5682 ⁸⁷
3097 5650 3165 5731 τρι
3207 5647 3387 5731 mf?)

114 5723 270 5804 ὦμον
299 5723 355 5786 κ’.
388 5731 481 5786 τὸν
511 5723 646 5800 Harp.
681 5723 820 5801 μέρη
846 5728 888 5782 Β
917 5724 979 5797 Ρ,
1011 5729 1080 5786 τά
1099 5723 1215 5783 τῶν
1243 5723 1410 5801 ὤμων
1437 5747 1495 5801 μ.
1523 5744 1577 5780 κ.
1608 5723 1864 5800 θώρακος
1878 5723 1946 5781 ’(3.
2043 5727 2087 5760 ’⁸
2112 5731 2148 5804 η
2177 5731 2262 5787 ἐπ’
2294 5725 2409 5782 εύθ.
2461 5723 2543 5776 ὁδ.
2578 5723 2636 5776 Β.

2739 5725 2783 5757 ²⁹
2816 5720 3200 5794 παραληπτέον
3247 5718 3286 5773 Β
3323 5717 3388 5772 C.
