3842 6412
119 321 296 379 1089
1357 321 1446 376 DE
1485 321 1772 378 NATURA
1815 324 2129 382 llOMINIS.
3285 327 3427 386 1090

116 436 230 490 καὶ
297 433 568 506 θρεπτικὴ
619 433 850 503 δύναμις
900 433 1034 505 μόνη
1081 434 1160 464 ⁷⁸⁸
1211 434 1270 487 οὐ
1311 435 1420 503 γὰρ
1474 437 1645 506 χωρεῖ
1673 434 1733 486 τὸ

1845 435 1947 488 dita
1981 438 2155 505 ipsam
2185 437 2524 505 praeveniunt
2545 453 2559 501 ;
2581 452 2707 492 nam
2734 436 2866 492 illud
2892 436 3039 508 quod
3063 437 3282 509 accipit,
3312 456 3426 512 pra:

114 529 536 600 περισσότερον
555 529 587 598 ἡ
607 526 700 581 τοῦ
721 527 1013 598 δεχομένου
1046 526 1346 598 βραχύτης.
1372 523 1502 580 Εἶτα
1521 529 1733 596 προῖόν-

1845 527 1926 581 sui
1977 528 2273 596 exiguitate
2322 528 2548 596 majoris
2602 543 2774 599 capax
2824 543 2948 585 esse
2994 530 3424 602 haudquaquam

111 637 222 684 τος
242 623 334 684 εἰς
364 619 478 689 φῶς
499 619 596 673 τοῦ
619 619 814 688 φυτοῦ,
839 621 936 674 καὶ
963 619 1100 690 ἡλίῳ
1131 619 1230 690 τὴν
1261 618 1502 690 βλάστην
1529 619 1733 683 δείξαν-

1845 627 2033 686 potest.
2076 617 2285 673 Dehinc
2327 619 2494 687 stirpe
2534 619 2588 672 in
2640 622 2812 674 lucem
2844 620 3008 684 edita,
3060 636 3270 678 necnon
3297 637 3424 678 cum

115 724 253 770 τος,
297 708 332 778 ἡ
365 707 410 739 ⁷⁸
452 706 748 778 αἰσθητικὴ
774 708 936 777 χάρις
961 707 1302 777 ἐπήνθησεν.
1345 708 1733 778 Ἀνδρωθέντος

1845 709 1944 763 soli
1975 708 2075 778 ipsi
2103 725 2324 779 germen
2351 711 2671 774 ostenderit,
2701 712 2971 766 sensualis
2997 710 3272 768 facultatis
3301 730 3427 785 gra—

116 796 182 848 δὲ
225 797 341 868 ἤδη
394 797 489 850 καὶ
531 798 578 828 τ’
629 799 710 860 εἰς
737 796 1056 868 σύμμετρον
1091 799 1298 869 μῆκος),
1318 799 1733 869 ἀναδραμόντος

1845 800 1915 854 tia
1971 799 2140 855 subit.
2184 799 2321 854 Cum
2359 815 2489 854 vero
2531 802 2597 854 ad
2647 801 2856 855 virilem
2884 803 2996 871 jam
3051 814 3262 857 aetatem
3298 821 3426 860 eve-

118 889 405 959 καθάπερ
433 906 520 952 τις
546 889 781 959 καρπὸς,
811 891 844 959 ἡ
891 888 1088 960 λογικὴ
1139 889 1371 960 δύναμις
1406 889 1641 961 ἄρχεται
1670 890 1733 954 ⁷³,

1845 891 2008 954 hitur,
2067 892 2459 960 moderataque
2496 893 2872 963 magnitudine
2923 895 2980 947 lit
3030 895 3275 963 praedita,
3337 912 3426 950 ra-

117 980 189 1030 οὑ
227 983 392 1034 πᾶσα
417 980 631 1050 ἀθρόως
659 980 1033 1050 ὲκφαινομένη
1063 1021 1077 1043 ,
1115 980 1257 1034 ἀλλὰ
1278 984 1344 1051 τῇ
1374 981 1470 1033 τοῦ
1503 981 1733 1052 ὀργάνου

1845 981 2064 1036 tionalis
2111 977 2341 1038 facultas
2397 982 2606 1038 fructus
2651 983 2937 1052 cujusdam
2992 985 3108 1040 vice
3150 987 3423 1056 provenit,

119 1072 428 1126 τελειώσει
477 1072 546 1125 δι’
590 1071 912 1143 ἐπιμελείας
955 1071 1299 1136 συναύξουσα
1345 1070 1432 1102 ⁷⁸⁸
1480 1071 1733 1124 τοσοῦτον

1845 1090 1963 1142 qua:
1998 1073 2284 1128 confertim
2339 1074 2759 1143 haudquaquam
2786 1077 3114 1138 ostenditur,
3173 1078 3265 1131 sed
3314 1093 3423 1134 una

121 1165 224 1217 ἀεὶ
259 1163 695 1236 καρποφοροῦσα
719 1205 732 1228 ,
766 1164 892 1216 ὅσον
938 1166 1110 1234 χωρεῖ
1155 1163 1249 1216 τοῦ
1283 1162 1654 1232 ὑποκειμένου
1703 1164 1736 1232 ἠ

122 1255 402 1326 δύναμις.
460 1255 540 1326 Τῇ
606 1255 714 1326 γὰρ
756 1254 952 1325 πρώτῃ
1013 1257 1115 1324 τῆς
1162 1254 1477 1315 συστάσεως
1513 1256 1737 1324 ἀφορμῇ

126 1347 614 1417 συνεσπαρμένην
642 1347 741 1418 τὴν
764 1347 865 1416 τῆς
887 1345 1105 1414 φύσεως
1131 1344 1380 1416 ἔγνωμεν
1406 1345 1640 1413 δύναμιν
1666 1345 1733 1400 ⁷⁸.

141 1437 566 1504 Ἐξοιπλοῦσθαι
599 1437 656 1490 δὲ
685 1439 780 1492 καὶ
810 1436 1184 1509 φανεροῦσθαι
1209 1436 1297 1490 διά
1330 1454 1476 1499 τινος
1502 1438 1741 1507 φυσικῆς

126 1532 477 1595 ἀκολουθίας
504 1532 549 1563 ⁷⁸
582 1531 720 1602 πρὸς
744 1531 806 1584 τὸ
826 1531 1031 1585 τέλειον
1059 1528 1323 1584 ἀνιοῦσαν
1351 1530 1396 1561 ⁷⁷
1419 1546 1432 1560 ·
1467 1529 1528 1582 οὐ
1571 1545 1740 1599 προσ-

129 1623 542 1694 λαμϐάνουσάν
588 1641 641 1677 τι
686 1623 796 1677 τῶν
837 1621 1038 1688 ἔξωθεν
1094 1624 1176 1686 είς
1221 1622 1479 1692 ἀφορμὴν
1522 1621 1742 1674 τελειώο

133 1733 331 1781 σεως,
363 1715 481 1770 ἀλλ’
512 1715 711 1787 ἑαυτὴν
742 1716 823 1779 είς
865 1717 927 1769 τὺ
967 1715 1176 1768 τέλειον
1221 1714 1267 1747 ⁷⁸
1307 1715 1376 1766 δι’
1417 1713 1740 1777 ἀκολουθίας

1841 1183 1965 1220 cum
2013 1167 2361 1220 instrumenti
2413 1165 2770 1236 perfectione,
2817 1182 2927 1236 prce
2975 1183 3088 1222 suae
3132 1170 3424 1238 providen-

1842 1259 1928 1310 tlatt
1957 1267 2116 1325 captu
2155 1258 2553 1312 incrementum
2588 1259 2804 1327 adepta,
2839 1260 3177 1313 tantumdem
3212 1260 3421 1318 frurttts

1843 1358 2104 1418 perpetuo
2132 1348 2261 1414 edit,
2293 1360 2558 1419 quantum
2606 1350 2872 1420 capiendo
2908 1351 3137 1420 subjecti
3191 1351 3422 1409 facultas

1845 1436 2096 1491 sufﬁciet.
2141 1429 2445 1507 Siquidem,
2478 1449 2689 1494 natura:
2715 1440 3036 1508 potentiam,
3070 1441 3256 1510 primae
3287 1457 3422 1495 con-

1840 1529 2141 1585 stitutionis
2163 1528 2440 1584 occasioni
2466 1530 2756 1585 admistam
2780 1545 2901 1586 esse
2925 1541 3159 1586 constat.
3194 1531 3441 1603 Verum,

1841 1636 1966 1675 cum
2022 1622 2088 1676 ad
2137 1621 2525 1692 perfectionem
2571 1623 2937 1692 progreditur,
2991 1633 3199 1680 natura:
3245 1627 3424 1681 conti-

1841 1725 2010 1769 nuato
2041 1722 2249 1782 tenore,
2282 1715 2546 1770 dilatatur
2573 1730 2638 1770 ac
2680 1713 2971 1770 manifesta
3015 1715 3278 1771 redditur.
3317 1716 3426 1774 Ne-

131 1809 539 1880 προάγουσανο
597 1807 674 1870 ὡς
725 1808 863 1877 μήτε
911 1805 1090 1878 ψυχὴν
1147 1805 1256 1878 πρὸ
1307 1804 1404 1858 τοῦ
1460 1805 1733 1875 σώματος,

1845 1822 1944 1877 que
1979 1821 2110 1862 vero
2160 1807 2465 1877 quidpiam,
2506 1815 2576 1862 ut
2620 1805 2857 1874 perfecta
2904 1807 3188 1875 efficiatur,
3224 1824 3416 1864 eorum

135 1901 296 1971 μήτε
344 1897 514 1970 χωρὶς
551 1897 735 1968 ψυχῆς
778 1897 842 1951 τὸ
877 1898 1074 1969 σῶμα,
1129 1898 1330 1970 ἀληθὲς
1364 1894 1503 1951 εἶναι
1553 1897 1735 1967 λέγειν

135 1987 298 2041 κατά
347 1988 447 2060 τὴν
479 1989 590 2044 τῶν
627 1989 897 2059 Ἐλλήνων
936 1987 1258 2061 ἐρεσχελίαν
1309 1989 1378 2057 ⁷⁹,
1422 1989 1560 2044 ἀλλὰ
1606 1990 1735 2062 μίαν

136 2079 484 2152 ἀμφοτέρων
523 2079 569 2112 ⁸⁸
605 2081 783 2152 ἀρχήν
816 2080 884 2135 ⁸⁸.

1841 1914 1966 1968 quae
2009 1899 2354 1955 extrinsecus
2381 1907 2510 1954 sunt
2535 1899 2754 1969 accipit,
2787 1900 2881 1955 sed
2933 1900 3169 1970 seipsam
3201 1902 3424 1972 propria

1840 1990 1896 2046 vi
1929 1991 2146 2061 incepto
2204 1990 2409 2046 tenoris
2441 1990 2634 2044 ordine
2672 1989 2856 2045 debito
2898 1990 2992 2044 ﬁni
3023 1991 3335 2061 constituit,
3363 1997 3425 2046 ut

1843 2098 2020 2154 neque
2046 2083 2285 2138 animam
2308 2096 2506 2153 corpus
2534 2081 2860 2152 precedere,
2893 2098 3070 2153 neque
3095 2084 3272 2153 ipsum
3301 2100 3426 2138 cor-

137 2185 257 2242 pus
305 2171 551 2227 vicissim
577 2172 760 2226 anima
788 2181 1126 2244 separatum,
1154 2181 1214 2228 ut
1239 2173 1412 2231 Graeci
1440 2184 1736 2247 angantur,
1801 2177 1896 2233 sed
1936 2180 2226 2247 utriusque
2259 2175 2402 2231 idem
2437 2175 2766 2247 principium
2796 2190 2920 2230 esse
2980 2178 3272 2233 verissime
3297 2192 3422 2233 crc-

140 2263 396 2318 dcndutn
440 2264 531 2318 sit.

231 2376 458 2448 Ἐπειδὴ
489 2377 545 2431 δὲ
568 2379 613 2411 ⁸³
647 2380 712 2432 ἐκ
733 2379 988 2449 σώματός
1015 2380 1165 2435 ἐστιν
1203 2382 1230 2434 ό
1260 2380 1358 2435 ἀνθ
1369 2399 1553 2453 ρωπος
1576 2398 1589 2412 ⁸
1626 2382 1735 2435 πᾶν

141 2467 204 2520 δὲ
276 2470 437 2540 σῶμα
491 2472 554 2523 ὲκ
609 2470 657 2502 ⁸⁸
704 2471 989 2542 τεσσάρων
1046 2472 1327 2544 στοιχείων
1387 2474 1732 2526 συνίσταται’

143 2559 372 2629 ἀνάγκη
406 2561 616 2622 τούτοις
663 2564 775 2624 τοῖς
807 2562 1006 2616 πάθεσι
1051 2563 1407 2634 περιπίπτειν
1432 2564 1619 2627 αὑτὸν,
1654 2559 1736 2627 οἷς

137 2654 250 2706 καὶ
294 2653 366 2706 τὰ
419 2655 677 2724 στοιχεῖα.
733 2654 814 2706 Τὰ
852 2654 910 2707 δὲ
947 2658 1188 2725 στοιχεῖα
1224 2656 1290 2708 δι’
1335 2649 1410 2712 ὧν
1461 2657 1490 2708 ὁ
1530 2657 1737 2726 κόσμος

146 2743 331 2808 ἅπας,
362 2745 433 2814 γῆ
464 2747 601 2810 ἐστι,
629 2746 726 2798 καὶ
761 2744 904 2813 ὕδωρ
931 2746 1026 2800 καὶ
1062 2746 1173 2818 πῦρ
1203 2748 1296 2800 καὶ
1329 2748 1438 2818 ἀήρ
1465 2749 1533 2801 ⁸⁵.
1566 2747 1735 2818 Εῖρη-

146 2853 245 2889 ται
274 2837 323 2868 ⁸⁸
355 2836 413 2889 δὲ
444 2836 714 2905 στοιχεῖα
753 2838 906 2908 παρὰ
928 2839 991 2891 τὸ
1022 2841 1330 2909 συστοιχεῖν
1365 2838 1614 2908 ἀλλήλοις
1641 2839 1738 2891 καὶ

148 2928 498 2999 ἐφαρμόζειν
549 2929 648 2998 τῆς
700 2929 810 2981 τῶν
857 2929 904 2962 ⁸⁵
962 2929 1022 2996 ἐξ
1079 2929 1338 2983 ἁπάντων
1387 2929 1736 2999 εὐαρμόστου

149 3020 467 3091 ποιότητος.
515 3021 588 3074 Οὐ
639 3021 800 3091 μόνον
844 3021 954 3094 γάρ
1005 3022 1115 3076 τῶν
1170 3023 1451 3093 στοιχείων
1507 3023 1739 3076 ἕκαστον

1916 2380 2184 2448 Quoniam
2241 2395 2367 2434 vero
2405 2379 2572 2434 homo
2603 2395 2667 2433 ex
2729 2393 2956 2449 corpore
3005 2388 3120 2444 est,
3163 2381 3261 2450 ιι
3303 2395 3428 2436 cor—

1846 2489 1948 2544 pus
1977 2482 2156 2527 autetn
2216 2472 2494 2542 quodlibet
2551 2488 2616 2525 ex
2669 2471 2949 2526 elementis
3005 2481 3237 2540 quatuor
3293 2487 3428 2528 con-

1848 2566 2131 2629 stituitur,
2168 2564 2344 2634 ipsum
2415 2562 2604 2617 iisdem
2663 2561 3045 2616 alfectionibus
3106 2562 3305 2632 quibus
3373 2573 3429 2618 et

1850 2658 2085 2710 mundus
2139 2655 2335 2725 subjici
2395 2669 2617 2709 necesse
2677 2661 2760 2707 est
2809 2672 2822 2705 :
2887 2654 3086 2707 etenim
3157 2654 3426 2708 elementa

1848 2748 1992 2802 unde
2013 2746 2178 2800 totius
2195 2746 2341 2800 orbis
2363 2745 2695 2810 constitutio,
2716 2752 2882 2808 terra,
2907 2759 3068 2814 aqua,
3089 2759 3181 2799 aer
3202 2760 3266 2800 ac
3288 2746 3427 2814 ignis

1844 2850 1989 2893 sunt.
2040 2837 2172 2890 Nam
2216 2839 2329 2892 haec
2371 2835 2556 2891 Graece
2611 2839 2848 2907 στοιχεῖα
2896 2837 3235 2906 appellantur
3275 2837 3428 2901 παρὰ

1842 2930 1904 2983 τὺ
1939 2931 2239 3000 συστοιχείν
2288 2928 2557 2999 ἀλλήλοις,
2589 2930 2735 2998 quod
2776 2939 2965 2984 mutuo
2998 2930 3298 2984 adinvicem
3331 2945 3424 2984 or-

1845 3022 1971 3076 dine
2001 3030 2144 3076 recte
2175 3021 2492 3091 procedant,
2549 3036 2612 3074 ac
2643 3020 2938 3075 universim
2967 3022 3224 3078 omnibus
3257 3023 3309 3075 in
3341 3038 3426 3077 re-

153 3109 474 3175 ἰδιάζουσαν
502 3111 599 3164 καὶ
623 3111 1170 3185 ἀποκεκληρωμένην
1205 3113 1318 3183 ἔχει
1350 3115 1633 3182 ποιότητα,
1669 3113 1733 3166 δι’

1845 3114 1944 3168 bus
1994 3115 2197 3184 optime
2227 3122 2560 3184 congruente
2609 3113 2872 3182 qualitate
2922 3113 3026 3168 rite
3073 3115 3421 3169 conveniant.

148 3197 224 3274 ἧς
256 3203 368 3256 τῶν
395 3203 597 3256 λοιπῶν
622 3205 1003 3275 ἀποκρίνεται,
1034 3205 1130 3259 καὶ
1157 3207 1341 3259 ὁποῖόν
1379 3207 1526 3258 ἐστιν
1556 3209 1738 3274 ὲπιγι-

151 3294 508 3350 νώσκεται³’.
549 3296 712 3350 Ἀλλὰ
732 3298 828 3350 καὶ
853 3298 1296 3368 συνεζευγμένας
1321 3298 1436 3368 ἔχει
1458 3298 1556 3361 τὰς
1588 3299 1741 3352 ποιόο

151 3404 352 3459 τητας,
382 3390 478 3442 καὶ
501 3389 656 3443 οὐδὲν
675 3389 1094 3460 ἀπολελυμένως
1114 3391 1160 3423 ⁸⁸
1194 3392 1311 3443 ἐστὶ
1341 3391 1596 3461 μοναχὸν,
1621 3392 1742 3445 οὐδὲ

154 3479 370 3534 ἀπλοῦν
394 3481 491 3534 καὶ
522 3482 817 3553 εἰλικρινὲς
845 3482 954 3534 τῶν
983 3483 1028 3515 ⁸⁸
1067 3484 1348 3553 στοιχείων
1375 3499 1388 3513 ·
1424 3484 1542 3537 ἀλλ’
1575 3486 1606 3554 ἡ
1641 3485 1740 3554 μὲν

155 3569 230 3640 γῆ
261 3570 406 3642 ξηρδι
425 3571 521 3626 καὶ
545 3571 767 3644 ψυχρά·
790 3573 852 3626 τὸ
877 3573 934 3626 δὲ
959 3573 1103 3643 ὕδωρ
1133 3574 1298 3645 ὑγρὸν
1321 3575 1415 3628 καὶ
1438 3576 1644 3645 ψυχρόν
1673 3577 1738 3608 σοι

152 3661 184 3713 ὁ
215 3662 277 3715 δὲ
309 3661 418 3734 ἀὴρ
450 3663 652 3735 Θερμὸς
681 3664 776 3718 καὶ
808 3664 976 3736 ὑγρός
996 3682 1010 3696 ·
1065 3665 1126 3717 τὸ
1167 3665 1224 3718 δὲ
1254 3665 1366 3736 πῦρ
1397 3666 1602 3738 θερμὸν
1645 3667 1742 3720 καὶ

155 3750 364 3823 ξηρόν·
394 3752 538 3807 οὕτω
583 3755 693 3828 γὰρ
723 3755 812 3809 διὰ
849 3755 951 3824 τῆς
987 3755 1222 3823 συζύγου
1257 3756 1542 3825 ποιότητος
1575 3758 1608 3826 ἡ
1637 3756 1743 3808 δύ-

153 3861 327 3917 ναμις
355 3847 685 3918 προέρχεται
713 3847 810 3900 τοῦ
845 3846 1224 3917 ἀναμεμίχθαι
1267 3847 1501 3900 ἕκαστον
1530 3849 1573 3880 ⁹¹
1607 3847 1743 3917 πρὸς
1771 3874 1777 3881 ·

153 3937 423 3992 ἕκαστον
445 3933 561 3992 οἷον
586 3940 619 4008 ἠ
643 3939 713 4009 γῆ
739 3939 878 4009 ξηρὰ
898 3935 1034 3992 οὖσα
1064 3939 1158 3991 καὶ
1184 3937 1371 4008 ψυχρὰ
1395 3937 1608 3991 ἑνοῦται
1641 3938 1742 4007 μὲν

154 4029 308 4082 κατά
333 4029 434 4099 τὴν
466 4029 789 4097 συγγένειαν
819 4029 918 4099 τῆς
937 4029 1280 4098 ψυχρότητος
1304 4028 1455 4083 ὕδατι
1477 4030 1544 4082 9'.
1562 4028 1743 4081 Ἐνοῦο

154 4136 250 4173 ται
285 4120 344 4173 δὲ
372 4119 462 4173 διὰ
487 4120 582 4174 τοῦ
619 4121 811 4184 ῦδατος
837 4121 915 4191 τῷ
957 4121 1118 4192 ἀέρι·
1151 4123 1180 4175 ό
1210 4121 1267 4174 δὲ
1296 4121 1402 4192 ἀὴρ
1435 4121 1635 4192 θερμὸς
1667 4121 1742 4177 ὢν

155 4213 256 4268 καὶ
288 4213 486 4284 ὑγρὸς,
521 4215 589 4284 τῇ
625 4213 723 4281 μὲν
755 4213 1056 4285 θερμότητι
1090 4212 1308 4266 ἑνοῦται
1341 4214 1419 4282 τῷ
1461 4216 1631 4284 πυρὶ,
1674 4216 1740 4285 τῇ

158 4308 430 4380 ῦγρότητι
465 4308 524 4362 δὲ
554 4308 632 4378 τῷ
665 4307 820 4363 ὕδατι
841 4325 855 4340 ·
890 4308 950 4362 τὸ
988 4308 1043 4360 δὲ
1073 4307 1184 4377 πῦρ
1215 4308 1417 4378 θερμὸν
1448 4309 1544 4361 καὶ
1581 4307 1743 4379 ξηρὸν

159 4402 415 4473 ὑπάρχον
454 4402 521 4471 τῇ
569 4399 773 4469 φύσει,
808 4399 889 4470 τῷ
923 4400 1022 4469 μὲν
1062 4399 1253 4471 Θερμῷ
1294 4398 1432 4470 πρὸς
1469 4400 1562 4452 τὸν
1604 4400 1742 4468 ἀέρα

1839 3204 2023 3276 Neque
2087 3207 2230 3262 enim
2295 3207 2489 3260 horum
2537 3204 2816 3275 quodlibet
2863 3205 3191 3275 peculiarem
3233 3223 3426 3276 quani-

1841 3299 1964 3352 dam
1990 3339 2003 3360 ,
2039 3313 2103 3352 ac
2151 3313 2397 3354 seorsum
2426 3297 2676 3352 sortitam
2715 3297 3029 3366 qualitatem
3075 3312 3178 3365 qua
3205 3298 3274 3351 ab
3305 3297 3425 3353 aliis

1843 3401 2114 3448 secretum
2166 3401 2332 3456 esset,
2374 3399 2434 3445 ut
2487 3391 2647 3460 quale
2699 3390 2768 3444 sit
2818 3389 3200 3458 comprehendi
3239 3399 3422 3458 queat,

1841 3483 2069 3550 obtinet,
2132 3484 2224 3538 sed
2261 3483 2528 3538 consertis
2561 3481 2863 3536 adinvicem
2911 3480 3262 3535 facultatibus
3300 3496 3427 3536 con-

1841 3575 2061 3638 sistunt,
2096 3581 2154 3627 ut
2187 3573 2396 3627 nullum
2425 3587 2518 3642 per
2543 3587 2600 3626 se
2626 3571 2802 3624 solum
2828 3571 3078 3626 absolute
3101 3572 3422 3639 consistere,

1843 3681 2021 3736 neque
2061 3665 2287 3735 simplex
2342 3665 2726 3734 sincerumque
2783 3678 2905 3719 esse
2944 3665 3272 3720 credendum
3315 3664 3420 3724 sit:

1843 3759 1936 3814 sed
1997 3767 2196 3814 terram
2272 3758 2492 3829 quidem
2554 3758 2700 3814 sicca
2766 3757 3070 3828 frigidaque
3129 3759 3422 3828 qualitate;

1845 3865 2041 3920 aquam
2078 3865 2229 3912 vero,
2270 3850 2493 3904 humida
2521 3866 2584 3905 ac
2613 3848 2838 3920 frigida;
2872 3866 3050 3905 aerem
3077 3859 3253 3904 autem
3286 3851 3424 3906 cali-

1843 3942 1970 3996 dum
2001 3941 2425 4012 humidumque;
2462 3942 2640 4012 ignem
2680 3956 2829 4006 vero,
2874 3941 3104 3995 calidum
3132 3955 3195 3994 ac
3219 3941 3423 3996 siccum

1842 4048 1964 4088 esse
1991 4050 2004 4087 :
2049 4033 2129 4088 sic
2157 4033 2460 4102 conjunctae
2490 4033 2766 4103 qualitatis
2794 4034 2966 4102 gratia
2999 4047 3108 4101 quo
3146 4033 3426 4102 quodlibet

1841 4140 2029 4181 eorum
2047 4125 2277 4181 invicem
2296 4125 2735 4188 commisceatur,
2753 4125 2831 4179 vis
2849 4125 3119 4192 procedit:
3136 4124 3285 4177 verbi
3306 4139 3426 4193 gra-

1845 4217 1941 4281 tia,
1962 4232 2086 4271 cum
2117 4225 2259 4270 terra
2291 4218 2433 4272 sicca
2455 4216 2754 4286 frigidaque
2776 4217 2864 4277 sit,
2893 4215 3200 4284 frigiditatis
3225 4232 3427 4286 cegua-

1845 4309 1991 4362 tione
2024 4323 2148 4362 cum
2181 4324 2322 4378 aqua
2354 4308 2560 4360 unitur.
2591 4306 2694 4360 Sed
2741 4321 2905 4375 aqua,
2930 4309 2998 4361 ob
3024 4307 3422 4370 humiditatem,

1847 4399 1982 4452 aeri
2009 4408 2238 4468 cognata
2277 4399 2556 4463 redditur;
2586 4398 2700 4467 qui,
2750 4412 2874 4451 cum
2917 4398 3100 4453 calore
3132 4398 3426 4452 humidita-

158 4493 462 4556 συνδεῖται,
493 4492 571 4562 τῷ
589 4493 648 4545 δὲ
673 4491 826 4562 ξηρῷ
851 4492 898 4523 ⁸³
923 4491 1060 4562 πρὸς
1084 4491 1185 4560 τὴν
1209 4491 1498 4544 κοινωνίαν
1528 4491 1624 4560 τῆς
1642 4491 1733 4559 γῆς

1848 4499 2008 4560 teque
2037 4491 2296 4559 praeditus
2329 4490 2423 4552 sit,
2449 4505 2556 4559 qua
2588 4489 2800 4543 calidus
2822 4505 2946 4544 cum
2983 4489 3126 4560 igne,
3159 4505 3267 4559 qua
3297 4506 3425 4544 vero

157 4587 549 4659 ἐπανέρχεταιο
573 4588 634 4640 τὸ
653 4587 710 4640 δὲ
739 4585 888 4656 ὕδωρ
903 4584 1114 4655 ψυχρὸν
1140 4584 1198 4637 ὃν
1228 4586 1320 4638 καὶ
1342 4585 1529 4655 ὑγρὸν,
1553 4587 1618 4655 τῇ
1649 4587 1746 4655 μὲν

155 4680 464 4753 ψυχρότητι
481 4680 582 4750 τῆς
608 4683 732 4751 γῆς,
759 4681 826 4750 τῇ
867 4679 1130 4748 ὑγρότητι
1161 4677 1216 4731 δὲ
1240 4678 1333 4731 τοῦ
1365 4679 1532 4748 ἀέρος
1565 4678 1746 4747 ἐφάπ-

155 4787 348 4826 τεται·
389 4771 483 4826 καὶ
510 4770 684 4835 οὕτως
735 4771 947 4839 γίνεται
999 4769 1203 4833 κύκλος
1252 4771 1347 4822 καὶ
1388 4769 1548 4839 χορὸς
1585 4771 1748 4840 ὲναρ-

161 4863 380 4932 μόνιοςο
406 4865 501 4916 καὶ
523 4861 696 4916 ταῦτα
721 4861 820 4933 μὲν
842 4862 919 4925 ὡς
947 4861 1144 4932 πρῶτον⁵
1172 4863 1412 4930 στοιχεῖα
1436 4859 1482 4891 ⁸⁸
1500 4861 1580 4924 εἰς
1615 4860 1747 4924 ὔλας

157 4953 256 5008 καὶ
287 4953 403 5023 εἴδη
432 4952 777 5022 ἀναλυόμεθα
806 4953 874 5006 ⁸⁸.

1844 4583 2129 4647 humidus,
2174 4597 2296 4636 cum
2353 4597 2495 4652 aqua
2543 4582 2870 4636 conseritur.
2905 4581 3040 4637 Cum
3071 4592 3250 4637 autem
3284 4583 3426 4654 ignis

1845 4661 2065 4738 natura,
2121 4673 2298 4729 calida
2367 4675 2624 4745 siccaque
2693 4674 2978 4738 habeatur,
3027 4692 3132 4744 qua
3193 4677 3424 4744 calidus,

1845 4767 1959 4822 aeri
2017 4767 2322 4837 copulatur,
2368 4767 2515 4837 quod
2568 4783 2700 4822 vero
2734 4768 2788 4821 in
2822 4783 2888 4823 eo
2927 4769 3132 4822 siccum
3165 4779 3267 4836 est,
3299 4785 3423 4825 cum

1847 4867 1994 4914 terra
2042 4857 2314 4928 jungitur.
2379 4857 2451 4911 At
2501 4872 2664 4927 aqua,
2729 4857 2980 4926 frigidam
3039 4857 3426 4927 humidatnque

1845 4953 2165 5021 qualitatem
2199 4951 2471 5014 obtinens,
2505 4948 2803 5020 frigiditate
2859 4949 3077 5019 quidem
3107 4958 3282 5016 terrae,
3320 4949 3422 5005 hu-

157 5048 411 5103 miditate
440 5060 570 5099 vero
601 5047 713 5106 aeri
759 5046 1100 5116 applicatur;
1141 5053 1194 5100 et
1268 5043 1343 5099 ita
1376 5042 1661 5099 circularis
1715 5044 1939 5114 quidam
2015 5045 2174 5116 ordo,
2218 5046 2486 5115 locusque
2533 5057 2699 5114 quam
2742 5042 2980 5096 maxime
3020 5054 3271 5106 concors,
3325 5045 3428 5098 hoc

158 5151 324 5209 pacto
363 5137 615 5194 ellicitur.

230 5281 278 5314 "°
306 5279 399 5332 καὶ
428 5278 654 5345 αὔξεται
696 5279 802 5334 ὑπὸ
848 5278 948 5348 τῆς
985 5278 1287 5349 θρεπτικῆς
1339 5277 1624 5347 δυνάμεως
1687 5279 1854 5350 μόνης
1885 5278 1925 5332 C
1976 5278 2013 5332 P
2055 5280 2106 5333 in
2165 5287 2336 5334 textu.
2417 5278 2460 5311 '”
2491 5279 2588 5330 καὶ
2636 5279 2670 5350 ἡ
2717 5277 2759 5333 C
2811 5277 2872 5333 P.
2979 5279 3025 5310 ⁷¹
3061 5280 3156 5333 καὶ
3211 5293 3322 5334 om.
3360 5280 3424 5334 Α.

231 5350 523 5422 ἀνέρχεται
557 5351 734 5422 3,19.
767 5349 988 5415 αὔξεται
1177 5351 1230 5422 '7:
1252 5347 1571 5422 συναύξασα
1736 5350 1804 5422 if"
1841 5348 1956 5422 δύν.
1997 5349 2248 5422 -έγνωλμεν
2301 5348 2341 5400 Β
2385 5349 2425 5403 C
2460 5349 2541 5422 P._
2592 5350 2641 5422 7°
2685 5350 2781 5422 καὶ
2835 5349 3069 5422 πρρςλτὸ
3108 5351 3241 5422 κτελ.
3363 5348 3424 5404 Ρ.

158 5349 205 5429 Et
231 5350 523 5429 ἀνέρχεται
557 5351 615 5429 li,
635 5367 734 5429 χρ.
767 5347 988 5429 αὔξεται
1177 5347 1571 5429 τξσυναύξασα

2636 5277 2759 5350 ἡϐ
2811 5277 2923 5350 P.7
2979 5279 3025 5310 ⁷¹
3061 5280 3156 5333 καὶ
3211 5280 3424 5350 οῐηεᾼ.

158 5419 205 5492 τ’
235 5417 606 5492 πράῖδῡσανβ
633 5417 881 5492 P'iiitei'l.
913 5420 1162 5492 προϊέναι
1193 5419 1268 5492 οι
1332 5417 1376 5449 ⁷⁸
1411 5418 1658 5492 #1938-

1847 5419 2074 5492 λυαρίαν
2123 5417 2244 5492 (ΣΑΡ
2293 5429 2424 5492 lex}.
2500 5417 2950 5492 ⁸[ἀμφότεραξο
2977 5420 3037 5474 Ρ.
3101 5421 3149 5492 3f
3184 5420 3329 5491 ἁρχὴ
3360 5422 3423 5492 ᾼ,

160 5487 304 5561 ἔχειν
337 5491 515 5560 ἀρχήν
544 5489 602 5543 Ρ.
704 5491 751 5522 ⁸³
776 5490 832 5544 δὲ
863 5487 974 5561 oin;
1004 5491 1049 5542 A
1067 5490 1158 5561 (2.77
1195 5559 1208 5561 ξ
1226 5489 1274 5522 ⁸³
1294 5487 1490 5561 ὲκτῷν
1513 5488 1553 5540 Β
1579 5487 1640 5561 Ρ,

254 5560 336 5632 ἐξ.
361 5559 461 5614 ἀπ.
479 5561 824 5632 ίεὺαρμόστω
852 5560 1098 5632 ποιότητι
1123 5560 1164 5615 C
1191 5559 1250 5614 P.

1348 5488 1490 5541 ιτῶν
1513 5488 1553 5540 Β
1579 5488 1640 5545 Ρ.
1741 5490 1789 5521 ⁸⁸
1817 5507 1872 5542 κ.
1900 5488 1970 5557 ἀὴ

1348 5557 1393 5591 ⁸⁷
1433 5558 1860 5612 διαγινώσκεται
1891 5559 1932 5612 C
1971 5506 2012 5612 Ρ

1433 5558 1860 5626 διαγινώσκεται
1891 5559 1932 5614 C

2133 5489 2268 5560 πῦρ.
2298 5489 2338 5542 C
2365 5488 2425 5544 P.

2524 5489 2570 5522 ⁸³
2594 5491 2648 5541 εἴ

2649 5487 2838 5561 ρηντοὶι
2872 5490 2932 5546 Β.
3006 5491 3054 5523 ⁸⁸
3083 5491 3192 5545 τῶν
3216 5487 3327 5544 om;
3363 5487 3424 5561 β,

2138 5559 2184 5591 ⁸⁸
2215 5558 2620 5631 ἀπολελυμένον
2649 5558 2712 5612 ’Β
2735 5562 2774 5615 C
2803 5561 2864 5625 Ρ,
2892 5561 3008 5614 ἐστὶ
3075 5579 3195 5631 μον.
3226 5574 3335 5631 om.
3359 5558 3422 5613 C.

2044 5507 2097 5543 κ.

160 5599 686 5717 ⁸δ⁶είλ²ικρινέσταξόν
711 5631 752 5685 C
783 5611 868 5712 Ρ..⁹
904 5630 967 5717 ﬂ”:
995 5599 1124 5717 τι)υέ
1159 5631 1372 5717 κζὺγρ..
1523 5599 1944 5717 ,δχὲὶιάστωΒλ
1991 5630 2037 5661 ⁸³
2063 5629 2207 5717 θρυχέ
2224 5626 2360 5717 οξσα
2387 5599 2621 5717 ξβςηρ.
2671 5604 2957 5717 gratiis-ip;
2976 5599 3161 5717 μυξγ.
3200 5630 3297 5700 μὲν
3327 5631 3427 5716 τῆς

163 5698 534 5826 γερηστότὲτος
560 5699 776 5754 ἑνοῦται
800 5699 878 5770 τῷ
903 5699 984 5755 ῦδ.
1011 5698 1058 5756 C
1080 5700 1141 5765 P,
1175 5701 1254 5772 τῷ
1297 5698 1378 5754 ῦδ.
1415 5698 1477 5762 Β,
1507 5698 1568 5768 ψ.
1595 5700 1747 5753 ὕδατι
1771 5698 1862 5754 διὰ
1889 5701 1988 5771 μὲν
2002 5700 2103 5786 τοῦ
2145 5698 2225 5754 ὖδ.
2252 5701 2312 5756 Ρ.
2387 5701 2432 5734 ’³
2461 5698 2624 5788 "nini.
2666 5702 2743 5756 δέ.
2820 5701 2868 5734 θδ
2897 5698 3034 5772 πρὸς
3061 5698 3128 5756 τὰ
3155 5698 3324 5771 στοιχ.
3359 5701 3425 5757 t1.

235 5771 406 5826 ἀναλυ
444 5771 646 5826 ua0.A.
669 5771 1029 5826 ἀναλυόμενα.
1061 5771 1129 5826 τὰ
1153 5771 1330 5826 ἄτομα
1352 5770 1413 5826 Β.
1446 5770 1792 5826 ἀναλυόμενα
1815 5789 1826 5803 ·
1855 5773 1948 5826 καὶ
1970 5788 2145 5826 ουτως
2171 5771 2382 5826 έγοντα.
2426 5789 2490 5826 τα
2518 5773 2696 5826 ἄτομα
2723 5771 2764 5826 C
2795 5771 2856 5826 Ρ.

189 5771 210 5804 ³
235 5771 406 5827 ἁναλυ

444 5755 646 5834 αεῧώ,
669 5755 1330 5841 ἀναλυόμενα,ίτ3ι’ἄτομα
1352 5770 1413 5839 Β,
1446 5755 1792 5842 ἀνᾶλυόμενα
1815 5789 1826 5803 ·
1855 5755 1948 5827 καὶ
1970 5770 2145 5836 οὕτως
2171 5755 2382 5842 ἔχοντα,
2426 5773 2490 5826 τὰ
2512 5755 2696 5838 ἀτομα
2723 5771 2764 5827 C
2795 5771 2856 5827 Ρ.
