3856 6414
134 331 293 396 H05

1357 342 1445 400 DE
1487 343 1777 404 NATURA
1816 346 2124 406 HOMINIS.

3278 351 3414 409 HOC

125 455 208 510 δν
247 453 560 526 ἐκφέρομεν
605 454 694 510 διά
733 455 986 529 γλώσσης
1040 458 1137 512 καὶ
1189 459 1437 530 χειλέων,
1487 463 1729 536 γέννημά

1841 473 2002 536 utque
2047 463 2274 520 hominis
2329 480 2448 519 cum
2501 481 2646 520 mens
2705 464 2913 535 rapitur
2935 504 2952 530 ,
3003 471 3059 520 et
3104 462 3235 520 alibi
3272 463 3415 519 ὥστε

130 551 267 603 ἔστι
293 545 394 602 τοῦ
418 545 513 601 νοῦ
536 564 551 579 ο
587 551 848 617 γεννᾶται
888 548 947 604 δὲ
977 550 1078 605 οὐκ
1109 550 1260 622 ὕψει,
1295 553 1359 607 ού
1387 553 1553 609 πάθει
1572 556 1639 622 ίθ,
1670 558 1732 612 ού

129 642 322 714 ττόνῳ,
356 641 419 694 ού
449 641 753 714 διαιρέσειο
787 642 906 698 ἔστι
940 645 1052 718 γὰρ
1074 647 1115 678 ¹⁸
1160 645 1474 718 ἀσώματος,
1503 649 1735 720 ἀόρατος

130 732 246 786 καὶ
276 733 322 764 ⁸⁸
369 732 714 803 άκράτητος,
769 734 908 806 ἀκοῇ
973 736 1137 806 μόνον
1169 737 1211 768 ³³
1257 738 1730 812 παραδεχόμενοςο

131 823 330 888 οὐδεὶς
375 819 518 878 εἶδεν
552 825 594 858 ιδ
637 825 761 896 ὄψει
809 825 1002 896 λόγον’
1052 829 1233 895 οὐδεὶς
1281 831 1504 904 κατέχει
1553 833 1731 906 χειρί⁴

133 916 267 971 ἀλλ’
320 917 472 973 ἔστιν
509 917 803 990 ἀσώματος
833 921 930 975 καὶ
965 921 1274 995 άκράτητος
1303 923 1468 995 φύσις
1492 925 1583 994 ,¹³,
1623 926 1736 982 ὑπὸ

140 1010 286 1080 μιᾶς
315 1010 647 1082 αἰσθήσεως,
698 1012 1077 1084 κρατούμενος
1110 1015 1216 1088 τῆς
1262 1017 1470 1090 άκοῆς·
1509 1021 1605 1075 καὶ
1633 1020 1737 1076 οὐκ

136 1101 447 1158 ἐκτείνασα
467 1105 512 1135 ¹⁶
543 1106 734 1178 χεῖρας
756 1107 791 1177 ἠ
823 1106 962 1178 ἀκοὴ
991 1107 1218 1180 κατέχει
1251 1111 1418 1166 αὐτόν
1436 1126 1453 1142 ο
1481 1112 1600 1166 ἀλλ’
1637 1113 1737 1169 αύ-

136 1194 243 1258 τδς
267 1197 298 1250 ό
325 1195 485 1266 λόγος
513 1198 556 1229 ⁸⁷
583 1197 844 1253 εἰσελθὼν
869 1204 1179 1272 κρατεῖται,
1211 1204 1308 1259 καὶ
1330 1205 1394 1259 ού
1429 1205 1736 1278 μερίζεται,

141 1289 249 1344 καὶ
265 1288 312 1322 ¹⁸
342 1289 438 1343 τοῦ
463 1289 558 1344 νοῦ
583 1291 947 1362 γεννήσαντος
967 1293 1133 1348 αὐτὸν
1161 1295 1264 1350 ούκ
1284 1296 1642 1370 άποσχίζεται
1669 1302 1735 1366 ⁸⁸,

139 1381 293 1435 ἀλλὰ
322 1382 421 1436 καὶ
467 1382 680 1448 πάντας
715 1383 921 1456 πληροῖ
961 1387 1090 1451 τοὺς
1125 1388 1428 1456 ἀκούοντας
1474 1392 1641 1448 αὑτοῦ
1668 1394 1737 1459 ⁸ο,

142 1473 248 1528 καὶ
271 1473 367 1528 τοῦ
399 1475 763 1547 γεννήσαντος
785 1475 947 1531 αὐτὸν
989 1478 1089 1533 οὐκ
1111 1509 1118 1514 -
1139 1479 1430 1549 ἀφίσταται
1457 1482 1548 1537 νοῦ
1570 1500 1585 1515 ο
1631 1483 1742 1538 άπὸ

141 1565 334 1621 ἢτοῦ
366 1566 528 1637 λόγου
555 1568 1043 1640 καταλαμϐάνεται
1077 1572 1112 1644 ἡ
1144 1571 1354 1628 διάνοια
1387 1577 1486 1631 καὶ
1513 1576 1737 1650 ήβουλὴ

139 1657 253 1730 τῆς
280 1659 482 1732 ψυχῆς.
505 1660 598 1714 Διό
616 1677 784 1732 φησιν
811 1664 840 1716 6
861 1661 1037 1734 μέγας
1061 1663 1342 1732 Βασίλειος
1363 1669 1406 1700 ¹¹
1430 1685 1444 1700 ο
1472 1670 1617 1739 «λΤοῦ
1650 1651 1741 1725 λόέ

140 1767 248 1820 γου
277 1752 378 1824 τὴν
405 1755 604 1825 χρῆσιν
631 1754 865 1810 δέδωκεν
885 1758 1017 1827 ἡμῖν
1037 1757 1066 1810 ό
1095 1758 1292 1826 κτίσας
1321 1762 1472 1833 ἡμᾶς
1506 1764 1552 1796 ²²
1583 1763 1737 1830 Θεὸς,

1838 556 2042 630 πτερὸν
2085 555 2152 627 ἠὲ
2203 556 2420 629 νόημα,
2476 566 2535 610 ιιι
2582 572 2768 626 penne
2819 573 2911 612 seu
2950 572 3114 612 ment.
3175 556 3340 628 Atqui
3382 573 3415 612 ιι

1837 659 2020 704 mente
2045 648 2162 718 ipsa
2186 657 2242 704 et
2283 648 2552 704 orationis
2592 656 2746 703 ortus
2799 657 2884 704 est
2917 689 2932 716 ,
2959 663 3082 719 qua:
3111 657 3164 703 et
3192 648 3416 706 vocibus

1836 738 2126 805 formatur,
2173 747 2228 794 et
2255 738 2447 794 litteris
2479 739 2636 810 quasi
2665 753 2929 809 corporea
2969 737 3232 795 redditur.
3278 739 3413 797 Nam
3443 735 3452 816 ί

1838 831 2038 896 oratio,
2069 845 2192 902 qua:
2236 830 2436 903 lingua:
2462 831 2842 901 labiorumque
2887 830 3194 887 ministerio
3225 847 3416 902 proce-

1836 926 1955 993 dit,
1991 939 2022 980 a
2053 932 2236 981 mente
2262 924 2379 995 ipsa
2403 933 2794 995 progeneratur
2828 943 2842 978 :
2877 923 2972 979 sed
2995 924 3068 978 ita
3099 924 3220 992 eius
3253 942 3418 997 gene-

1837 1019 1980 1076 ratio
2028 1016 2108 1086 lit,
2139 1025 2198 1074 ut
2229 1017 2382 1074 cerni
2423 1027 2659 1088 nequeat
2691 1032 2704 1068 :
2736 1032 2915 1088 neque
2947 1017 3213 1088 passioni,
3244 1019 3416 1074 labori

1839 1114 1926 1170 vel
1953 1111 2209 1169 divisioni
2257 1110 2494 1167 obnoxia
2530 1109 2814 1166 redditur:
2845 1109 2964 1180 ipsa
2993 1110 3139 1164 enim
3187 1127 3417 1181 corpore

1840 1221 2064 1269 vacans,
2095 1204 2496 1275 invisibilisque
2523 1210 2628 1268 est,
2653 1210 2708 1258 et
2731 1217 2854 1273 quae
2878 1203 3265 1272 comprehendi
3319 1221 3415 1260 ue-

1841 1299 1980 1371 quit,
2037 1299 2106 1354 ab
2159 1297 2384 1354 audibili
2419 1295 2800 1352 tantummodo
2853 1310 3020 1352 sensu
3079 1297 3415 1367 percipitur;

1841 1391 2024 1446 nullus
2045 1389 2265 1461 quidem
2287 1398 2391 1455 est,
2435 1389 2532 1460 qui
2570 1388 2744 1444 oculis
2788 1402 2886 1445 seu
2917 1402 3077 1442 manu
3115 1387 3416 1442 orationem

1843 1482 2259 1551 deprehenderit
2304 1481 2448 1550 ;sed
2479 1489 2672 1536 natura
2725 1480 2972 1551 corporis
3020 1494 3215 1548 expers
3255 1479 3420 1534 babe-

1843 1583 1954 1641 tur,
1984 1585 2146 1645 atque
2177 1575 2402 1630 omnino
2432 1571 2763 1644 deprehendi
2796 1571 3008 1642 nequit.
3027 1571 3108 1627 Ab
3142 1587 3251 1627 uno
3299 1581 3418 1626 tan-

1844 1675 1956 1722 tum
1989 1666 2216 1722 audibili
2285 1682 2449 1723 sensu
2484 1666 2813 1722 continetur.
2862 1667 2932 1721 At
2975 1679 3158 1736 neque
3197 1664 3421 1722 auditus

1846 1759 2018 1830 ipsam
2048 1759 2288 1814 extensis
2326 1756 2579 1813 manibus
2639 1755 2864 1822 detinet,
2896 1755 2988 1812 sed
3023 1757 3140 1826 ipsa
3175 1763 3284 1810 tota
3315 1770 3417 1810 sua

142 1845 240 1899 ἵνα
276 1845 378 1910 τὰς
415 1845 610 1916 βουλὰς
639 1847 750 1902 τῶν
782 1849 1026 1920 καρδιῶν
1052 1850 1308 1923 ἀλλήλοις
1333 1856 1729 1912 ἀποκαλύπτω-

1845 1860 2038 1921 sponte
2081 1849 2392 1922 ingrediens
2427 1849 2722 1914 detinetur,
2754 1864 2932 1920 neque
2972 1865 3005 1905 a
3067 1857 3248 1904 mente
3293 1863 3418 1918 qua

143 1951 290 2007 μεν⁶
327 1938 424 1991 καὶ
448 1938 538 1993 διὰ
571 1939 631 1992 τὸ
663 1940 984 1995 κοινωνικὸν
1018 1943 1118 2012 τῆς
1154 1943 1373 2014 φύσεως
1402 1947 1636 2012 ἕκαστος
1661 1950 1738 2021 τῷ

140 2027 386 2098 πλησίον
416 2027 885 2102 μεταδίδωμεν²⁸·
935 2031 1129 2104 ὥσπερ
1173 2032 1238 2089 ἐκ
1283 2052 1446 2092 τινων
1494 2038 1738 2111 ταμείων

139 2119 262 2173 τῶν
313 2120 417 2191 τῆς
459 2121 691 2194 καρδίας
732 2123 994 2196 κρυπτῶν
1040 2126 1472 2199 προφέροντες¹δ
1498 2130 1569 2186 τὰ
1608 2132 1736 2203 βου-

139 2210 424 2284 λεύματα.
469 2215 533 2268 Εἰ
581 2215 682 2287 μὲν
714 2215 826 2289 γάρ
862 2217 908 2250 ³³
937 2221 1118 2293 γυμνῇ
1161 2222 1228 2293 τῇ
1259 2221 1405 2295 ψυχῇ
1442 2224 1734 2297 διεζῶμεν,

140 2305 316 2370 εὐθὺς
374 2305 441 2360 ἂν
490 2307 603 2362 ἀπὸ
646 2305 760 2364 τῶν
803 2309 1095 2380 νοημάτων
1143 2311 1398 2384 ἀλλήλοις
1459 2317 1737 2384 συνεγινό-

143 2397 409 2468 μεθα.¹⁴.
454 2399 610 2454 Ἐπεὶ
673 2400 733 2455 δὲ
775 2401 882 2455 ὑπὸ
923 2405 1400 2476 παραπετάσματι
1446 2411 1514 2480 τῇ
1569 2409 1736 2482 σαρκὶ

138 2493 180 2562 ἠ
190 2491 311 2562 μῶν
341 2492 730 2566 καλυπτομένη
750 2493 796 2526 ’⁷
822 2496 855 2567 ἡ
879 2494 1027 2567 ψυχὴ
1051 2497 1149 2562 τάς
1174 2497 1388 2561 ἑννοίας
1414 2500 1730 2572 ἐργάζεται,

143 2585 418 2655 ῥημάτων
458 2584 630 2640 δεῖται
658 2585 756 2640 καὶ
783 2585 1067 2658 ὀνομάτων
1111 2587 1248 2659 πρὸς
1297 2589 1361 2642 τὸ
1387 2589 1734 2660 δημοσιεύειν

139 2677 222 2731 τά
259 2678 319 2731 ἐν
371 2676 450 2748 τῷ
482 2676 637 2749 βάθει
687 2678 918 2751 κείμενα
939 2679 985 2714 ³⁸
1006 2696 1021 2712 ⁸
1064 2698 1084 2734 ι
1141 2681 1281 2752 πλὴν
1311 2682 1582 2756 πρότερον
1635 2687 1664 2738 6
1687 2685 1734 2717 "

139 2770 265 2825 ἀπὸ
291 2771 400 2825 τῶν
428 2771 776 2844 γραμμάτων
801 2773 847 2805 ⁸⁸
875 2772 1048 2838 τύπος
1094 2774 1375 2843 ἐγγίνεται
1417 2779 1483 2848 τῇ
1515 2777 1730 2850 νοήσειο

141 2864 345 2918 ἒπειτα
377 2867 518 2935 μετὰ
562 2866 623 2920 τὸ
670 2865 1136 2936 φαντασιωθῆναι,
1209 2867 1318 2922 ἀπὸ
1360 2867 1470 2922 τῶν
1505 2869 1733 2924 ὑποκει-

147 2958 334 3027 μένων
381 2960 482 3023 ea;
514 2958 723 3024 οίκείας
767 2961 865 3014 καὶ
917 2963 1220 3033 προσφυεῖς
1277 2961 1512 3016 ἑκάστου
1545 2979 1732 3034 σημα-

142 3051 273 3115 σίας
315 3051 678 3124 ἐκλεγόμενος
715 3051 1034 3124 ἐξαγγέλλει
1071 3055 1138 3108 ⁸¹.
1170 3049 1306 3108 Εἶτα
1354 3057 1422 3126 τῇ
1457 3055 1734 3130 ὑπηρεσία

137 3145 262 3199 τῶν
307 3147 633 3218 φωνητικιῖω
673 3147 926 3221 ὀργάνων
946 3147 1212 3212 διαδιδοὺς
1240 3149 1284 3180 ³¹
1314 3147 1386 3202 τά
1436 3149 1731 3222 νοηθέντα,

139 3235 324 3302 οὕτως
347 3237 392 3270 ³³
447 3238 538 3293 διά
593 3238 693 3310 τῆς
728 3237 824 3294 τοῦ
878 3238 1043 3311 άέρος
1085 3238 1392 3304 τυπώσεως
1439 3241 1584 3295 κατὰ
1636 3243 1736 3314 τὴν

141 3326 417 3398 ἔναρθρον
443 3329 543 3400 τῆς
588 3329 774 3400 φωνῆς
822 3328 1037 3402 κίνησιν
1092 3330 1154 3384 τὸ
1209 3331 1268 3386 ἐν
1316 3330 1394 3402 τῷ
1409 3330 1455 3364 ³⁵
1504 3331 1736 3406 κρυπτῷ

141 3413 334 3483 νόημα
359 3415 403 3447 ³⁸
435 3416 751 3486 σαφηνίζει.

1847 1943 2018 2015 ipsam
2038 1943 2586 2015 procreatdividitur,
2609 1952 2704 1999 aut
2727 1942 2993 2000 scinditur
3019 1939 3415 2013 sejungiturve,

1845 2037 1938 2092 sed
1963 2051 2155 2093 omnes
2180 2036 2352 2107 ipsam
2408 2036 2690 2093 audientes
2723 2035 2926 2107 replet;
2958 2035 3062 2106 21
3094 2049 3220 2091 cum
3253 2048 3354 2090 nec
3382 2049 3418 2090 ι

1844 2138 2024 2185 mente
2047 2128 2165 2198 ipsa
2207 2127 2352 2184 unde
2389 2128 2658 2200 originem
2692 2128 2923 2185 duxerat
2943 2126 3130 2198 procul
3163 2125 3413 2182 exsistat.

1843 2217 2109 2290 Cogitatio
2131 2227 2310 2274 autem
2342 2226 2397 2283 et
2417 2220 2612 2274 animae
2637 2217 2922 2274 consilium
2938 2216 3007 2274 ab
3027 2215 3277 2273 oratione
3303 2217 3418 2286 ipsa

1841 2311 2336 2382 deprehenduntur.
2395 2310 2764 2379 Quamobrem
2797 2325 3028 2380 magnus
3067 2309 3302 2366 Basilius
3341 2309 3419 2366 ill-

1841 2413 1962 2485 quit
1991 2431 2004 2468 :
2043 2411 2187 2470 Deus
2220 2413 2315 2484 qui
2371 2427 2473 2468 nos
2509 2411 2734 2477 creavit,
2769 2414 3037 2467 orationis
3063 2410 3230 2466 nobis
3255 2426 3415 2466 usum

1839 2505 2071 2578 largitus
2101 2514 2207 2572 est,
2225 2515 2288 2561 ut
2315 2505 2560 2561 cordium
2589 2504 2820 2561 consilia
2844 2504 3081 2561 invicem
3131 2503 3414 2575 detegendi

1840 2597 2076 2656 facultas
2097 2597 2265 2667 sit,ac
2289 2596 2762 2657 communicabilis
2793 2605 3002 2652 natum
3016 2595 3190 2666 gratia
3222 2610 3416 2651 omnes

1841 2706 1964 2762 qua:
2013 2692 2211 2761 cuique
2268 2688 2456 2745 insunt
2502 2688 2732 2744 invicem
2776 2687 3128 2758 partiremur,
3161 2684 3290 2740 dum
3344 2699 3415 2740 ex

1841 2779 2024 2846 corde,
2048 2795 2149 2836 ceu
2193 2795 2261 2836 ex
2303 2793 2504 2834 arcano
2535 2778 2770 2850 quodam
2791 2778 3166 2848 promptuario
3186 2777 3414 2835 consilia

1840 2872 2305 2943 depromeremus.
2336 2869 2393 2927 Si
2423 2870 2566 2927 enim
2589 2871 2748 2929 nuda.
2767 2878 2989 2926 tantum
3026 2871 3411 2924 animawitam

1841 2965 2290 3035 produceremus.
2322 2965 2390 3019 ab
2419 2964 2537 3034 ipso
2579 2963 2854 3018 intellectu
2887 2963 3138 3033 protinus
3181 2961 3410 3015 invicem

1840 3058 2276 3114 conveniremus.
2342 3054 2446 3111 Sed
2508 3055 2770 3127 quoniam
2819 3056 3002 3109 anima
3070 3062 3256 3109 nostra
3311 3052 3414 3108 sub

1841 3162 2026 3215 carne,
2065 3162 2163 3202 ceu
2203 3145 2469 3202 velamine
2512 3145 2748 3217 quodam
2787 3147 3023 3209 detenta,
3061 3142 3415 3215 cegitationi~

1841 3241 1945 3297 bus
1978 3242 2186 3306 utitur,
2233 3241 2416 3296 verbis
2466 3254 2761 3309 rerumque
2816 3237 3135 3294 nominibus
3184 3235 3411 3306 indiget,

1841 3349 1952 3404 quo
1972 3349 2094 3404 quae
2128 3334 2182 3388 in
2216 3332 2424 3389 intimis
2441 3332 2787 3389 continentur
2813 3331 2866 3386 in
2896 3331 3173 3402 publicum
3195 3330 3411 3393 ederet;

1841 3434 2066 3495 excepto
2097 3427 2240 3496 quod
2275 3425 2427 3496 prius
2467 3440 2500 3480 a
2550 3424 2714 3480 rebus
2739 3423 2874 3494 ipsis
2897 3421 3132 3478 formula
3162 3421 3411 3492 quaedam

143 3507 207 3561 in
255 3507 535 3566 intellectu
584 3516 794 3580 oritur;
857 3513 1054 3570 dehinc
1120 3529 1247 3570 cum
1291 3531 1450 3573 mens
1514 3517 1634 3589 ipsa
1669 3519 2060 3593 imaginatione
2114 3536 2211 3576 usa
2253 3519 2437 3584 fuerit,
2477 3533 2575 3574 ceu
2609 3517 2822 3572 delectu
2883 3515 3191 3587 quodama
3223 3514 3414 3584 subjew

139 3599 257 3656 ctis
286 3602 450 3660 rebus
476 3603 683 3672 habito,
726 3605 1032 3676 peculiares
1091 3607 1646 3680 accommodatasque
1679 3611 1974 3681 cujuslibet
2024 3611 2104 3667 rei
2149 3609 2574 3682 signiﬁcationes
2605 3604 2910 3663 denuntiat.
2978 3603 3177 3660 Postea
3239 3619 3409 3669 vero,

142 3711 278 3751 cum
324 3714 449 3768 quae
504 3699 815 3756 intellectus
887 3700 1342 3772 deprehenderat,
1397 3704 1666 3760 vocalium
1713 3705 2201 3761 instrumentorum
2272 3702 2458 3759 ofﬁcio
2509 3699 2822 3764 tradiderit,
2885 3700 2989 3756 hoc
3041 3709 3220 3768 pacto.
3250 3698 3400 3754 aeris

142 3790 482 3850 formatione
521 3790 860 3848 intellectum
902 3793 1082 3864 ipsum
1128 3793 1224 3866 qui
1271 3794 1324 3850 in
1365 3811 1568 3852 arcano
1607 3799 1947 3862 constiterat,
1977 3796 2278 3854 articulata:
2311 3795 2463 3851 vocis
2512 3803 2661 3849 motu
2705 3793 2884 3864 palam
2927 3791 3190 3848 ostendit.

222 3883 334 3937 Καὶ
361 3882 520 3937 τοῦτο
549 3885 607 3938 ὲν
643 3887 712 3959 τῇ
755 3885 918 3956 φύσει
965 3887 1063 3942 τοῦ
1107 3887 1337 3958 λογικοῦ
1389 3889 1563 3956 (dion,
1597 3891 1660 3943 τὸ
1685 3891 1730 3924 ³⁸

140 3975 240 4030 διά
267 3975 429 4045 λόγου
476 3978 848 4034 ἐκκαλύπτειν
894 3981 1234 4054 προφορικοῦ
1284 3984 1354 4037 τὰ
1409 3983 1511 4055 τῆς
1551 3982 1733 4054 ψυχῆς

143 4070 482 4142 ἀπόκρυφα·
519 4073 686 4146 ῆγάρ
712 4073 880 4146 νοερὰ
910 4075 1022 4130 τῶν
1051 4075 1300 4146 ἀγγέλων
1328 4076 1507 4142 οὐσία,
1538 4077 1600 4143 ἐξ
1630 4078 1730 4131 αὐ-

139 4165 261 4216 τῶν
321 4164 430 4218 τῶν
479 4166 770 4238 νοημάτων
819 4165 1076 4239 ἀλλήλοις
1131 4167 1481 4239 συγγίνονται
1497 4169 1569 4226 ⁸⁷.
1626 4169 1730 4224 Τδν

140 4256 308 4326 λόγον
357 4257 414 4312 δὲ
441 4259 546 4312 ’τὸν
588 4251 937 4332 ἂνθρώπινόν
979 4279 1128 4327 τινες
1170 4262 1406 4331 ἄγγελον
1457 4263 1730 4336 ὡρίσαντο

140 4353 446 4423 νοήματος.
491 4353 726 4422 Λέγεται
768 4353 858 4421 δὲ,
889 4357 919 4408 ό
953 4354 1055 4426 μὲν
1086 4357 1422 4421 ἐνδιάθετος,
1451 4360 1481 4412 6
1505 4356 1561 4411 δὲ
1589 4375 1727 4430 προ-

1893 3891 1958 3948 Ει
1971 3892 2075 3947 hoc
2091 3891 2146 3946 in
2163 3899 2359 3946 natura
2376 3887 2631 3945 animalis
2649 3888 2859 3943 ratione
2874 3884 3196 3958 praediti,uti
3213 3885 3414 3940 anima:

1836 4000 2035 4041 arcana
2063 3982 2488 4056 pronuntiativa
2511 3981 2778 4038 orationis
2813 3993 3042 4036 munere
3069 3979 3411 4048 detegantur,

1836 4079 2108 4148 peculiare
2152 4076 2405 4133 habetur.
2453 4071 2590 4130 Nam
2638 4073 2955 4145 angelorum
3016 4070 3412 4127 intellectuales

1837 4169 2160 4227 substantia;
2222 4169 2346 4240 ipso
2398 4167 2676 4224 intellectu
2745 4165 2996 4221 invicem.
3040 4163 3408 4230 conveniunt;

1836 4263 2133 4318 humanam
2163 4276 2294 4318 vero
2337 4259 2638 4317 orationem
2671 4258 2980 4316 intellectus
3013 4256 3263 4328 angelum
3288 4271 3414 4312 esse

1834 4354 2085 4410 nonnulli
2138 4362 2461 4410 statuerunt.
2520 4352 2627 4409 Sed
2680 4352 2872 4406 altera
2894 4348 3115 4420 quidem
3169 4347 3408 4411 interna,

139 4445 396 4518 φορικός.
431 4445 544 4500 Καὶ
570 4445 877 4512 ἐνδιάθετος
913 4447 1014 4520 μέν
1044 4449 1215 4516 ἔστιν,
1247 4451 1276 4504 6
1304 4450 1363 4504 ὲν
1393 4450 1593 4523 καρδίᾳ
1628 4449 1725 4505 λα-

1841 4447 2005 4502 altera
2044 4462 2174 4502 vero
2199 4446 2610 4518 pronuntiativa
2642 4444 2821 4501 oratio
2846 4441 3068 4498 dicitur.
3098 4440 3166 4496 Et
3193 4441 3408 4497 interna

139 4537 409 4609 λούμενος
429 4554 444 4569 ⁸
472 4539 500 4593 ό
529 4538 585 4594 δὲ
607 4539 746 4612 ἐντῇ
776 4542 1029 4613 προφορᾷ
1054 4542 1152 4596 καὶ
1183 4541 1380 4614 χρήσει
1405 4541 1471 4608 ³⁸,
1504 4542 1659 4615 ῥῆμα
1678 4542 1723 4574 ³⁸

140 4631 259 4686 ἀπὸ
299 4630 539 4697 διανοίας
584 4633 1008 4705 ἐκπεμπόμενον
1029 4635 1074 4669 ⁸⁸
1128 4636 1267 4707 μετά
1317 4636 1524 4706 φωνῆς.
1566 4635 1724 4707 Φωνὴ

137 4723 205 4778 δὲ
235 4723 298 4777 ού
354 4725 462 4789 πᾶς
478 4724 522 4758 ⁸³
558 4723 719 4794 λόγος
766 4725 1016 4796 λέγεται,
1063 4725 1199 4781 ἀλλὰ
1250 4727 1360 4781 πᾶν
1393 4727 1422 4780 δ
1455 4726 1626 4797 ψόφον
1653 4727 1724 4781 δι’

139 4813 318 4882 ἀκοῆς
339 4815 573 4884 ἐμποιεῖ.
619 4815 744 4870 Ἐπὶ
771 4816 873 4886 μὲν
895 4815 1006 4887 γὰρ
1026 4815 1073 4849 ⁸³
1101 4815 1208 4886 τῆς
1235 4815 1514 4887 ἡμετέρας
1543 4814 1724 4887 ψυχῆς

137 4907 320 4962 διτταί
353 4909 493 4963 εἰσιν
545 4909 604 4963 αἱ
648 4909 950 4982 ἐνέργειαν
987 4911 1045 4962 αἱ
1093 4909 1193 4981 μὲν
1229 4909 1568 4978 γνωστικαὶ,
1612 4904 1726 4963 οἷον

139 4998 299 5063 νοῦς,
330 4999 460 5066 δόξα
480 5042 493 5067 ,
528 5002 838 5072 φαντασία,
867 5001 1124 5073 αἴσθησις
1154 5003 1250 5057 καὶ
1270 5001 1500 5070 διάνοια,
1541 5000 1724 5067 καθὼς

140 5094 483 5166 προείπομεν
501 5112 516 5127 ο
545 5097 604 5151 αἱ
629 5096 688 5150 δὲ
719 5096 951 5162 ζωτικαὶ
972 5096 1068 5151 καὶ
1092 5097 1397 5168 όρεκτικαὶ,
1426 5090 1560 5162 οἷον,
1594 5095 1720 5169 βού-

417 5332 661 5408 πλοηιε.
679 5319 739 5408 Β,
783 5320 936 5408 πόθω
982 5321 1092 5408 (2.⁸
1141 5323 1318 5408 “ﬁt”
1336 5321 1402 5386 Β,
1439 5321 1587 5408 taliet
1821 5319 2017 5408 ὰσ.ηΡ.
2056 5320 2115 5406 ιη
2159 5319 2254 5373 καὶ
2422 5317 2464 5370 Β
2511 5318 2573 5408 13..
2650 5317 2694 5406 ξ⁸

618 5390 662 5423 ¹⁶
689 5393 1008 5447 ἐκτείνουσα
1051 5393 1114 5451 C.
1192 5395 1234 5425 "
1277 5394 1397 5456 ὅλος
1437 5392 1480 5448 Β
1524 5391 1585 5454 Ρ,
1635 5391 1815 5445 iuterl.
1913 5391 1955 5422 ⁸⁸
1985 5391 2080 5443 καὶ
2123 5407 2236 5447 om.
2279 5390 2319 5442 Β
2351 5390 2412 5444 Ρ.
2527 5390 2570 5420 η
2609 5390 2672 5441 ού
2719 5390 3012 5457 χωρίζεται
3052 5390 3173 5438 add.
3200 5390 3238 5437 Β
3267 5390 3308 5438 υ
3339 5390 3402 5437 Ρ.

629 5460 1023 5536 εύαγγελιστὴς
1045 5465 1111 5520 C.
1188 5467 1232 5497 “
1253 5466 1402 5536 ἡμᾶς
1440 5480 1549 5516 mn.
1583 5463 1646 5517 Α.
1749 5462 1794 5492 ’³
1817 5459 2140 5514 ἀποδίδωσιν
2192 5460 2254 5524 C,
2297 5459 2637 5528 ἀποδίδωμεν
2669 5457 2728 5514 Ρ.
2825 5457 2872 5488 ⁸⁸
2905 5453 3307 5527 προσφέροντες
3339 5454 3402 5508 C.

645 5534 690 5566 ¹⁶
721 5534 1130 5584 συνεγινώιιεθα
1160 5535 1219 5584 Β.
1302 5536 1345 5568 ³⁷
1375 5534 1496 5584 καλ.
1526 5531 1683 5584 ἡμῶν
1710 5531 1750 5584 Β
1779 5532 1818 5583 C
1852 5529 1914 5584 Ρ.
2014 5533 2060 5563 ’⁸
2094 5532 2187 5584 καὶ
2213 5529 2385 5584 ταῦτα
2411 5530 2508 5584 μὲν
2531 5531 2560 5582 ὁ
2586 5529 2729 5584 Θεῖος
2771 5527 2910 5584 ἀνὴρ
2941 5525 3066 5580 add.
3100 5525 3141 5577 C
3174 5525 3232 5579 Ρ.
3309 5523 3354 5554 ⁸⁸
3376 5525 3402 5576 ὁ

1568 5547 1683 5603 μων
1713 5547 1750 5584 u
1779 5547 1834 5603 ι.
1856 5547 1914 5603 ιζ.

140 5391 186 5422 ΙΙ
216 5385 284 5422 Mi'.

137 5391 186 5489 ξε
216 5387 376 5476 φύσει
414 5389 457 5444 C
485 5387 547 5445 P.
618 5390 662 5423 “
689 5393 1008 5447 ἐκτείνουσα
1051 5393 1114 5451 C.
1192 5395 1234 5425 "
1277 5394 1397 5456 ὅλος
1437 5392 1480 5448 Β
1524 5391 1585 5454 Ρ,
1635 5395 1646 5445 i

137 5530 185 5536 ﬂ
219 5458 383 5536 αυτὸν
426 5460 602 5536 C._"
629 5460 1023 5536 εύαγγελιστῂς
1045 5465 1111 5520 C.
1164 5467 1232 5536 7“
1253 5466 1402 5536 ἡμᾶς
1440 5480 1549 5536 out.
1583 5463 1646 5536 A_.

135 5530 187 5562 ’⁸
221 5530 331 5607 γάρ
358 5544 470 5607 on}.
508 5530 567 5586 Β.
645 5534 696 5607 ’⁵,
721 5530 1130 5607 συνεγινιΐὶμεθα
1159 5535 1219 5590 Β.
1274 5530 1345 5568 ⁷⁵⁷
1375 5534 1496 5607 καλ.
1523 5535 1559 5607 j

134 5599 328 5673 om._B.
401 5600 447 5632 ⁸ο
470 5619 621 5673 πραγ

134 5671 187 5702 ³⁵
203 5669 283 5739 τῷ
341 5686 451 5727 om.

678 5676 731 5750 λη
755 5675 816 5730 τὸ
874 5678 932 5730 ἐν
969 5675 1107 5750 αὐτῇ
1163 5670 1336 5749 {ausi}:
1387 5675 1474 5750 P_.]
1525 5675 1729 5750 κρυπεὰ

1841 5690 1898 5726 ον
1952 5674 2146 5750 ,νόημα
2183 5673 2260 5750 (2..
2287 5671 2399 5750 ιζ.-
2439 5670 2612 5750 “freti
2669 5671 2731 5726 C.

1831 4541 2052 4612 quidem
2081 4549 2184 4609 est,
2217 4556 2341 4612 quae.
2373 4541 2426 4596 in
2458 4538 2622 4596 corde
2649 4538 2892 4608 loquitur
2924 4555 2938 4591 :
2987 4550 3110 4606 qua
3154 4551 3284 4591 vero
3337 4535 3408 4590 ad

1831 4632 2111 4704 eloquium
2158 4647 2430 4703 usumque
2493 4630 2675 4695 venit,
2744 4628 2927 4686 ﬂuxus
2987 4636 3069 4685 est
3130 4629 3223 4699 qui
3277 4642 3404 4684 cum

1831 4741 1963 4781 voce
1995 4741 2026 4780 a
2061 4725 2392 4792 cogitatione
2420 4725 2705 4779 emittitur.
2733 4720 2852 4776 Non
2875 4729 3059 4776 autem
3090 4721 3272 4775 omnis
3301 4734 3406 4774 vox

1832 4816 2009 4873 oratio
2046 4815 2265 4879 dicitur,
2318 4815 2413 4870 sed
2463 4830 2694 4884 quaeque
2741 4829 2828 4869 res
2855 4827 2978 4884 qua:
3011 4811 3298 4882 strepitum
3337 4812 3406 4867 ad

1833 4910 2078 4968 auditum
2123 4909 2332 4970 defert.
2375 4924 2480 4964 vox
2527 4914 2896 4976 nuncupatur.
2950 4904 3222 4971 Quoniam
3274 4919 3405 4959 vero

1829 5003 2026 5059 animae
2073 5011 2276 5059 nostrae
2313 5001 2562 5072 duplices
2605 5000 2850 5056 actiones
2887 4998 3180 5065 habentur,
3219 4998 3407 5054 alterae

1827 5097 2041 5167 quidem
2069 5112 2190 5167 qua:
2213 5094 2278 5152 ad
2313 5094 2718 5167 cognitionem,
2752 5101 2812 5146 ut
2841 5106 3015 5162 nuper
3042 5092 3408 5170 asseruimus,

2723 5317 2859 5436 μόνη
2886 5313 2928 5368 Β
2954 5313 3015 5369 Ρ.
3094 5315 3138 5346 ’⁸
3167 5310 3310 5366 οἶδεν
3340 5311 3402 5367 Β.

2723 5404 2834 5436 vum
2860 5385 3012 5436 ξεται
3052 5385 3173 5436 add.
3199 5384 3238 5436 Β
3267 5383 3308 5436 C
3339 5382 3402 5436 Ρ.

2719 5404 2834 5456 Χωρ

1913 5391 1955 5422 ⁸⁸
1985 5391 2080 5443 καὶ
2123 5407 2236 5447 om.
2279 5388 2319 5442 Β
2351 5390 2412 5444 Ρ.
2527 5389 2570 5420 ⁸*
2609 5388 2672 5441 ού
2719 5382 3012 5450 χωρίζεται
3052 5385 3173 5438 add.
3199 5384 3238 5437 Β
3267 5383 3308 5438 C
3339 5382 3402 5437 Ρ.

2014 5533 2060 5563 ’⁸
2094 5532 2187 5586 καὶ
2213 5529 2385 5584 ταῦτα
2411 5530 2508 5600 μὲν
2531 5523 2560 5582 6
2586 5529 2729 5593 θεῖος
2771 5527 2910 5600 ἀνὴρ
2941 5523 3141 5600 ιω.-
3161 5525 3232 5600 _P.

627 5603 812 5674 μάτων
829 5591 920 5660 ΒΟ
941 5591 1023 5676 ΡΣ,
1078 5607 1124 5639 ³⁸
1147 5607 1429 5676 ὲεαγγέλει
1457 5603 1496 5658 B
1523 5591 1583 5660 li:
1606 5604 1650 5636 ”
1667 5620 1729 5655 πο

1841 5601 1992 5665 ῑιδοὺς
2081 5603 2140 5666 C,
2165 5601 2223 5676 Ρ,
2247 5601 2336 5676 qui
2356 5591 2512 5676 luihet
2535 5600 2608 5676 sit
2620 5591 2988 5676 διανοηθέντα.
3070 5595 3116 5676 ξ’
3128 5591 3323 5676 οῦτωΒ

2845 5670 2890 5702 ³⁷
2921 5667 3233 5748 συγγίνεται
3256 5666 3314 5748 vi;

138 5741 188 5821 ξξ
214 5733 550 5821 π’ροφορικξς
573 5743 631 5821 δὲ
666 5748 694 5801 6
720 5749 774 5802 ἐν
800 5751 861 5820 τῇ
895 5767 951 5802 π.
988 5733 1389 5821 καὶ”χρήσιμος
1421 5733 1634 5821 [χρήᾶει
1670 5733 1756 5817 Ρ,]
1789 5743 1852 5799 C.
1950 5742 1994 5776 ”
2024 5733 2199 5816 ῥ’ἐῦμα
2227 5742 2265 5796 Β
2296 5742 2337 5798 C
2363 5741 2422 5797 Ρ.
2501 5743 2545 5775 ⁸ο
2577 5733 3080 5819 ὲκπεμπόμενοςξίῗ,
3124 5735 3311 5790 ⁸¹-πᾶν
3337 5733 3398 5799 (λι

136 5811 183 5843 ⁵⁸
211 5813 331 5864 ἐπεὶ
361 5814 470 5884 γάρ
497 5814 536 5869 Β
571 5814 629 5870 Ρ.
