3856 6400
168 384 320 448 {H3

1390 397 1478 454 DE
1517 397 1805 456 ΝΑΤυιιΑ
1845 399 2147 459 HOMINIS.

3310 401 3448 459 ιιιι

161 507 272 562 καὶ
297 506 400 577 τῆς
431 506 611 580 ψυχῆς
641 509 922 582 γινόμεναι
944 527 957 542 ·
988 510 1152 576 ωςάί
1175 514 1219 551 ³¹
1248 515 1377 586 περὶ
1415 515 1518 582 τὰς
1546 515 1756 587 τροφὰς

1868 533 1927 571 ex
1989 517 2187 572 animae
2218 527 2272 572 et
2321 517 2568 588 corporis
2589 517 3092 574 communicatione
3137 517 3295 585 ﬁunt,
3324 519 3445 582 has.

163 601 268 653 καὶ
303 602 404 664 τὰς
431 602 722 668 συνουσίας
747 620 761 634 ·
799 605 965 676 μόνου
995 606 1052 660 δὲ
1102 605 1197 660 τοῦ
1252 605 1508 680 σώματος
1558 611 1661 663 οὐκ
1692 609 1760 664 ἂν

162 691 324 764 εὖροι
351 712 435 758 τις
477 695 696 762 ἡδονάς.
732 697 855 751 Ἔτι
883 696 996 752 τῶν
1021 685 1250 769 ἡδονῶν,
1280 701 1339 755 al
1368 700 1469 772 μέν
1493 702 1603 756 είσι
1628 701 1762 773 ψευ-

161 786 283 849 δεῖς
305 785 368 849 ³³,
412 787 469 839 αἱ
498 785 556 840 δὲ
592 786 838 857 ἀληθείς,
867 787 1012 844 κατά
1033 789 1318 845 Πλάτωνα.
1367 791 1600 856 Ψευδεῖς
1633 792 1758 864 μὲν,

162 879 300 931 ὅσαι
346 876 486 949 μετά
528 878 844 950 αἰσθήσεως
871 881 1116 950 γίνονται
1144 883 1241 937 καὶ
1278 882 1440 955 δόξης
1492 885 1594 938 οὐκ
1623 885 1752 954 ἀλη-

165 967 303 1032 θοῦς
331 985 346 1000 ο
411 971 512 1024 κα)⁵
558 969 739 1035 λύπας
794 971 980 1044 ἔχουσι
1033 974 1574 1047 συμπετιλεγμὲνας⁶
1623 975 1759 1047 ἀλη-

165 1060 290 1125 θεῖς
316 1060 383 1127 ³⁸,
405 1062 531 1116 ὅσαι
568 1064 669 1134 τῆς
701 1064 884 1138 ψυχῆς
907 1067 1016 1120 εἰσι
1047 1065 1242 1138 μόνης,
1298 1068 1417 1139 μετ’
1444 1069 1760 1142 ἐπιστήμης

166 1155 270 1208 καὶ
307 1154 400 1209 νοῦ
428 1151 474 1188 ⁸³
506 1155 604 1210 καὶ
626 1157 962 1230 φρονήσεως,
994 1159 1239 1231 καθαραὶ
1267 1160 1362 1216 καὶ
1394 1160 1758 1233 ἀνεπίμικτοι

165 1246 394 1320 λύπηςο
425 1248 536 1304 τῶν
590 1249 649 1303 δὲ
699 1249 1032 1322 σωματικῶν
1083 1251 1311 1323 ἡδονῶν,
1361 1255 1418 1308 αί
1479 1255 1582 1326 μέν
1617 1256 1760 1310 είσιν

162 1343 473 1411 ἀναγκαῖαι
531 1341 649 1413 ἃμα
680 1341 778 1396 καὶ
813 1343 1062 1413 φυσικαὶ,
1107 1337 1185 1399 ὧν
1215 1345 1390 1416 χωρὶς
1427 1344 1527 1418 ζῇν
1561 1346 1762 1401 ἀδύνα-

163 1451 262 1488 τον
284 1434 361 1466 ³⁶ο
389 1432 467 1498 ὡς
496 1434 554 1488 al
582 1435 784 1507 τροφαὶ
814 1436 909 1489 καὶ
929 1436 998 1492 τά
1021 1437 1299 1509 ἐνδύματα
1317 1455 1333 1471 ·
1365 1439 1422 1491 al
1449 1438 1508 1492 δὲ
1530 1439 1760 1509 φυσικαὶ

167 1527 301 1598 μὲν,
327 1527 430 1581 ούκ
459 1527 758 1597 ἀναγκαῖαι
782 1527 862 1593 δὲ,
881 1529 960 1594 ὡς
986 1530 1044 1584 αἱ
1069 1531 1113 1563 ³⁷
1134 1530 1278 1585 κατά
1308 1529 1472 1601 φύσιν
1501 1532 1759 1588 καὶκατὰ

161 1619 336 1689 νόμον
375 1618 588 1690 μίξειςο
630 1619 860 1675 δυνατὸν
907 1620 1019 1691 γὰρ
1056 1621 1155 1676 κοιλ⁵
1196 1624 1368 1693 χωρὶς
1399 1622 1580 1677 αὐτῶν
1621 1624 1754 1696 ζῇν·

162 1713 222 1766 αἱ
253 1712 311 1766 δὲ
343 1712 472 1766 οὔτε
498 1713 749 1783 φυσικαὶ,
785 1711 910 1768 οὕτε
935 1715 1254 1783 ἀναγκαῖαι,
1277 1715 1414 1769 ἀλλά
1444 1717 1540 1770 καὶ
1570 1732 1761 1788 περιτ-

162 1802 257 1856 ταί
280 1819 294 1833 ο
327 1803 405 1867 ὼς
437 1805 470 1874 ἡ
509 1803 673 1874 μέθη,
701 1803 798 1859 καὶ
835 1805 870 1876 ἡ
897 1803 1146 1874 λαγνεία,
1172 1806 1270 1860 καὶ
1303 1809 1336 1880 ἡ
1374 1809 1718 1881 φιλαργυρία
1739 1827 1754 1842 ο

1867 624 1989 679 quae
2054 610 2198 666 circa
2250 610 2506 666 alimenta
2546 627 2610 667 ac
2643 627 2870 666 venerea
2930 619 3058 666 sunt
3111 625 3232 666 esse
3296 611 3450 666 dixe-

1868 702 1946 756 ris
1990 721 2004 757 :
2047 704 2226 758 nullas
2291 694 2437 758 enim
2500 704 2750 774 corporis
2804 704 3110 773 voluptates
3196 719 3447 758 seorsum

1866 794 2048 850 dicere
2112 811 2301 865 queas.
2367 796 2430 852 Et
2485 797 2742 866 quidem,
2803 804 2864 851 ut
2914 795 3071 851 Plato
3144 803 3447 857 asseverat,

1867 885 1987 939 aliae
2030 886 2368 956 voluptatum
2423 903 2582 953 verna,
2629 887 2748 941 alia:
2801 886 2952 943 falsae
2986 887 3274 942 habentur.
3315 884 3449 952 Quae

1865 981 2011 1035 enim
2057 996 2182 1035 cum
2241 995 2430 1045 sensu,
2472 995 2573 1034 nec
2621 995 2729 1033 nou
2784 979 2962 1034 fallaci
3012 979 3270 1049 Opinione
3323 991 3450 1047 pro-

1864 1073 2111 1136 veniunt,
2140 1074 2483 1143 tristitiaeque
2536 1073 2875 1143 eomplicatae
2927 1081 3078 1136 sunt,
3111 1071 3260 1126 falsae
3308 1087 3448 1124 nuu-

1865 1165 2314 1232 cupantur.Ver:e
2332 1175 2535 1232 autem,
2555 1181 2674 1236 quae
2698 1166 2896 1220 anima:
2919 1173 3128 1219 tantum
3149 1171 3296 1223 sunt,
3327 1177 3449 1231 quae

1867 1275 2018 1330 purae
2061 1260 2352 1329 omnisque
2380 1259 2617 1314 tristitiae
2650 1266 2900 1328 expertes
2937 1263 3094 1322 sunt;
3150 1255 3205 1308 in
3265 1253 3445 1308 seio-n.-

1865 1352 1940 1405 tia
1971 1360 2278 1420 menteque,
2334 1365 2400 1405 ac
2455 1349 2748 1418 prudentia
2779 1356 3093 1403 versantur.
3132 1343 3447 1414 Voluptates

1865 1459 2016 1510 vero,
2040 1443 2288 1514 quaedam
2337 1442 2609 1513 corporis,
2643 1440 2971 1498 necessaria:
3000 1438 3167 1495 simul
3199 1446 3254 1494 et
3283 1431 3451 1492 natu?

1866 1537 2007 1592 rales
2034 1546 2197 1601 sunt,
2227 1545 2286 1592 ut
2317 1552 2440 1608 qua:
2465 1534 2534 1592 ad
2587 1535 2794 1591 victum
2847 1534 3272 1602 indumentaque
3321 1545 3448 1600 per-

1868 1629 2071 1696 tinent;
2099 1629 2220 1685 sine
2249 1629 2453 1700 quibus
2482 1626 2839 1699 superessein
2862 1626 2972 1682 vita
3017 1625 3446 1694 haudquaquam

1864 1721 2049 1776 datur.
2069 1720 2330 1788 Quaedam
2351 1736 2479 1776 vero
2505 1720 2782 1776 naturales
2805 1737 2820 1787 ;
2845 1736 2954 1774 non
2977 1727 3160 1774 autem
3193 1730 3450 1770 necessa-

1866 1813 1994 1879 rite,
2023 1821 2083 1868 ut
2102 1814 2302 1878 coitus,
2337 1815 2432 1884 qui
2477 1813 2702 1884 legitimi
2733 1821 3051 1881 naturaeque
3102 1808 3212 1880 26
3255 1806 3448 1861 ordine

162 1887 332 1950 αὗται
353 1896 459 1968 γὰρ
499 1896 599 1951 καὶ
645 1896 1119 1970 προσόλάπτουσι,
1149 1899 1246 1954 καὶ
1283 1898 1376 1956 διὰ
1402 1901 1567 1958 τοῦτο
1595 1904 1690 1958 καὶ
1713 1905 1755 1937 ³⁸

1868 1906 2158 1963 habentur.
2187 1904 2321 1962 Nam
2343 1915 2400 1961 et
2427 1907 2546 1962 sine
2565 1905 2671 1970 his,
2699 1905 2808 1958 vita
2840 1903 2958 1974 ipsa
2984 1901 3211 1974 produci
3244 1908 3442 1970 potest.
3467 1979 3470 1982 ῃ

166 1989 450 2060 περιτταί.

1859 1997 2120 2064 Quasdam
2145 2013 2298 2065 vero,
2330 2013 2510 2069 neque
2556 1996 2858 2076 naturales,
2889 2009 3066 2065 neque
3094 1991 3444 2055 necessariae,

161 2081 262 2135 sed
323 2095 673 2150 supervacuae
724 2091 875 2150 sunt,
944 2090 1006 2138 ut
1055 2082 1317 2156 ebrietas,
1371 2084 1624 2156 lascivia,
1690 2100 1745 2144 et
1783 2092 2049 2159 avaritia;
2079 2092 2178 2149 has
2198 2091 2370 2158 enim,
2415 2106 2541 2149 cum
2600 2089 2928 2147 detrimenta
2971 2087 3218 2150 afferant,
3250 2100 3448 2156 super-

162 2187 372 2227 vacuas
404 2171 636 2228 dixeris.

241 2261 506 2333 .Ἥδονή⁸⁹
544 2263 663 2315 ὲστι
693 2262 791 2316 καὶ
823 2263 857 2335 ή
889 2264 1170 2337 κακοήθης
1201 2264 1445 2332 διάθεσις
1491 2268 1757 2341 πολυτρο-

166 2355 398 2428 πωτάτη
427 2355 650 2410 πάντων
706 2351 843 2411 οὖσα
892 2356 1003 2412 τῶν
1032 2357 1242 2413 παθῶν.
1292 2359 1455 2415 Κατά
1510 2360 1612 2432 μὲν
1651 2361 1757 2432 ψυ-

167 2448 275 2518 χὴν
297 2447 369 2515 ⁸⁸,
401 2446 716 2514 ἀλαζονεία,
735 2448 1096 2522 φιλαργυρία,
1141 2450 1438 2520 φιλοδοξία,
1471 2452 1756 2524 φιλαρχία,

168 2537 498 2607 φιλονεικία,
533 2539 630 2592 καὶ
661 2538 930 2610 βασκανία
954 2555 970 2571 ⁸
999 2540 1142 2596 κατά
1173 2541 1232 2596 δὲ
1262 2541 1422 2614 σῶμα
1438 2543 1480 2575 ⁸⁸
1511 2583 1527 2612 ,
1555 2561 1756 2598 παντο·
1793 2548 1796 2550 ⁷

168 2631 370 2701 φαγία,
410 2620 810 2704 λαιμαργίαδί,
869 2632 1212 2704 μονοφαγία·
1276 2636 1374 2690 καὶ
1399 2634 1594 2709 ὥσπερ
1649 2637 1758 2692 τῶν

69 2741 84 2755 ι
169 2723 563 2791 γενικωτάτων
611 2721 851 2795 ἀρετῶν,
898 2725 1218 2796 φρονήσεως
1262 2727 1358 2780 καὶ
1384 2726 1754 2800 δικαιοσύνης,

168 2815 428 2888 ἀνδρείας
457 2815 555 2869 καὶ
578 2816 959 2888 σωφροσύνης,
994 2817 1192 2872 πολλαί
1224 2820 1363 2875 εἰσιν
1383 2820 1440 2873 αἱ
1469 2823 1756 2893 παραφυάο

167 2910 286 2974 δες,
318 2909 374 2963 αί
406 2909 800 2982 ἐπαινούμεναι
823 2910 868 2944 ’⁵³
889 2926 902 2941 ⁸
933 2910 969 2982 ἦ
1005 2928 1066 2965 τε
1108 2912 1220 2984 γὰρ
1254 2913 1507 2967 εὐσέϐεια
1536 2914 1633 2967 καὶ
1665 2912 1754 2966 εύ-

169 3001 366 3056 σουλία
381 3001 449 3062 ⁸⁵.
477 2999 575 3055 καὶ
602 3001 891 3073 καρτερία,
932 3003 1286 3075 μακροθυμία
1313 3020 1374 3059 τε
1405 2998 1500 3058 καὶ
1535 3021 1756 3079 μετριο-

169 3094 420 3168 φροσύνη
449 3095 518 3160 ⁸⁸,
552 3096 800 3167 πραότης
837 3097 934 3150 καὶ
955 3097 1271 3173 εὐεργεσία,
1304 3097 1617 3169 φιλοκαλία,
1659 3099 1754 3151 εύ-

166 3187 354 3254 ταξία,
387 3187 711 3259 κοσμιότης,
737 3190 1036 3261 ἐγκράτεια
1063 3193 1160 3244 καὶ
1182 3191 1228 3223 ⁵⁸
1260 3189 1447 3257 αἰδὼς,
1485 3195 1579 3245 καὶ
1596 3191 1756 3246 ἄλλαι

173 3281 373 3353 μυρίαι
404 3282 540 3354 πρὸς
567 3282 800 3348 ταύταις
821 3300 836 3316 ο
865 3282 1040 3349 οὕτως
1066 3285 1162 3338 καὶ
1188 3285 1295 3339 τῶν
1313 3287 1358 3316 ⁵⁷
1380 3286 1754 3358 περιεκτικῶν

171 3372 389 3438 παθῶν,
422 3374 618 3447 ἡδονῆς
649 3393 712 3429 τε
745 3376 841 3430 καὶ
879 3377 1068 3443 πόνου,
1100 3378 1135 3449 ἦ
1166 3394 1227 3431 τε
1251 3377 1390 3450 ὀργὴ
1415 3378 1510 3432 καὶ
1540 3378 1569 3430 ὁ
1595 3378 1757 3450 θόρυ-

171 3466 292 3528 ϐος,
333 3466 483 3538 καὶη
533 3466 720 3539 μῆνις,
774 3469 937 3540 καὶή
984 3468 1288 3540 ἀφροσύνη,
1337 3471 1372 3541 η
1405 3469 1758 3543 ἀκολασία,ἠ

170 3556 429 3622 ἀϐουλία,
481 3560 515 3626 ἡ
553 3558 989 3632 ύπερηφανίαδδ,
1037 3559 1348 3625 ἀλαζονεία,
1399 3559 1538 3633 ἔρις,
1579 3565 1756 3632 μῖσος,

175 3649 367 3721 ζῆλος,
395 3651 566 3724 λύπη,
597 3651 841 3724 λοιδορία
871 3653 973 3707 καὶ¹
1002 3653 1341 3724 μικροψυχία
1374 3668 1391 3686 ο
1414 3651 1476 3719 ἐξ
1499 3645 1576 3708 ὧν
1605 3653 1764 3709 ἄλλαι

177 3741 428 3807 πλείονες
458 3742 920 3815 ὲπικλονούμεναι
968 3745 1064 3800 καὶ
1084 3747 1130 3777 δ’
1165 3742 1610 3818 ὲπισχιζόμεναι,
1645 3749 1762 3800 στῖ-

177 3852 276 3905 φος
319 3835 510 3892 παθῶν
560 3837 888 3891 συνιστῶσιν
916 3851 932 3867 ⁸
965 3831 1042 3892 ὧν
1088 3837 1330 3911 ἑκάστην
1351 3839 1399 3873 ⁸⁸
1444 3839 1770 3910 περικαθαί-

1942 2271 2203 2343 Voluptas
2275 2284 2457 2328 autem
2509 2279 2614 2340 est,
2683 2285 2807 2342 qua:
2864 2277 2920 2324 et
2984 2268 3254 2322 malorum
3319 2281 3445 2321 mo-

1863 2381 1986 2418 rum
2041 2363 2352 2434 dispositio,
2411 2365 2767 2432 omniumque
2830 2362 3148 2430 passionum
3209 2356 3447 2411 maxime

1863 2457 2184 2514 multimoda
2213 2467 2316 2514 est.
2353 2456 2419 2512 Et
2448 2455 2668 2528 quidem
2709 2455 2907 2509 anima:
2957 2453 3243 2523 passiones
3293 2459 3446 2512 sunt,

1863 2552 2196 2623 arrogantia,
2264 2551 2512 2616 avaritia,
2569 2549 2654 2606 sui
2699 2547 3056 2607 existimatio,
3087 2543 3446 2614 principatus,

1860 2653 1914 2698 et
1962 2643 2278 2698 ambitionis
2343 2643 2636 2707 affectatio,
2685 2640 3003 2710 pertinacia,
3051 2635 3272 2691 invidia.
3317 2633 3450 2689 Cor-

1861 2737 2010 2806 poris
2047 2750 2199 2800 vero,
2256 2734 2576 2796 beluositas,
2636 2731 2924 2802 ingluvies,
2983 2727 3334 2798 singularitas
3393 2725 3446 2778 in

1863 2827 2094 2895 edendo,
2125 2844 2286 2899 quam
2322 2826 2493 2882 Graeci
2551 2823 2884 2897 μονοφαγίαν
2913 2823 3124 2878 dicunt.
3165 2819 3231 2874 Et
3258 2834 3450 2890 quem-

1864 2918 2157 2974 admodum
2228 2919 2559 2990 generalium
2619 2924 2878 2972 virtutum
2907 2955 2923 2980 ,
2975 2913 3274 2985 prudentiae
3304 2950 3321 2976 ,
3361 2911 3454 2979 ju-

1865 3011 2045 3073 stitiaz,
2096 3009 2432 3065 fortitudinis
2482 3008 2960 3080 temperantiaeque
3014 3006 3200 3078 plures
3242 3012 3453 3076 agnata

1865 3111 2014 3165 sunt,
2038 3117 2160 3171 qua:
2192 3117 2314 3157 eum
2343 3100 2503 3156 laude
2533 3099 2900 3172 appellantur,
2931 3106 2990 3154 ut
3022 3097 3449 3169 pietas,rectum

1865 3196 2200 3261 consilium,
2259 3194 2577 3262 tolerantia,
2643 3194 2839 3249 lenitas
2913 3191 3107 3256 animi,
3156 3189 3452 3247 sobrietas.

1865 3286 2489 3352 mentismansuetudo,
2552 3285 2931 3350 beneﬁcentia,
2987 3281 3204 3338 honesti
3271 3294 3449 3342 amor,

1867 3380 2155 3445 nmdestia,
2237 3388 2499 3436 venustas
2563 3378 2776 3444 animi,
2845 3375 3207 3442 continentia,
3275 3371 3454 3444 pudor

1866 3471 2166 3541 ingenuus;
2221 3471 2295 3526 ita
2336 3480 2390 3526 et
2444 3469 2795 3526 aﬂectionum
2847 3483 2988 3539 quas
3024 3467 3261 3522 maxime
3294 3479 3450 3532 com-

1868 3564 2219 3634 prehensivas
2285 3564 2544 3630 diximus,
2593 3561 2910 3632 voluptatis,
2972 3561 3218 3632 inquam,
3287 3567 3453 3628 atque

1867 3655 2120 3710 dolentia
2144 3666 2307 3723 sunt;
2342 3650 2630 3712 iracundia
2656 3655 2929 3721 videlicet,
2955 3650 3332 3718 tumultuatio,
3367 3650 3451 3706 ira

1870 3763 2215 3819 permanens,
2257 3748 2594 3820 insipientia,
2651 3747 2999 3820 protervitas,
3058 3743 3451 3816 imprudentia.

1873 3840 2183 3907 insolentia,
2225 3842 2560 3914 arrogantia,
2602 3824 2905 3905 contentio,
2935 3837 3144 3902 odium,
3179 3838 3454 3893 obtrecta-

183 3945 292 4000 ρων
321 3930 350 3982 ὁ
380 3927 748 4001 παγγέωργος
797 3929 1062 4002 λογισμὸς
1107 3930 1205 3987 καὶ
1236 3930 1625 4000 ἀποκνίζων⁸¹,
1673 3936 1760 3987 καὶ

1871 3936 1968 4001 tio,
2008 3934 2252 4001 tristitia,
2279 3935 2608 4007 objurgatio,
2636 3933 3105 4007 pusillanimitas:
3139 3946 3207 3986 ex
3245 3930 3450 4001 quibus

163 4020 532 4092 ’περιπλέκων
567 4023 662 4076 καὶ
690 4023 970 4095 ἐπάρδων,
1007 4023 1106 4078 καὶ
1168 4023 1352 4078 πάντα
1390 4024 1593 4096 τρόπον
1631 4043 1760 4096 μετ-

1868 4045 1990 4082 cum
2029 4037 2084 4084 et
2139 4029 2258 4086 aliae
2309 4038 2674 4102 propagantcs
2733 4028 3031 4094 ﬁndantur,
3097 4025 3450 4081 affectionum

177 4112 474 4185 οχετεύων,
495 4114 757 4187 ἐξημεροῖ
784 4115 884 4179 τὰς
901 4116 1012 4170 τῶν
1036 4115 1185 4187 ἠθῶν
1205 4116 1302 4173 καὶ
1328 4117 1517 4172 παθῶν
1539 4119 1583 4150 ⁸²
1605 4117 1758 4181 ὔλας.

1868 4129 2142 4177 catervam
2168 4123 2533 4187 constituunt,
2565 4123 2619 4177 in
2643 4122 2844 4192 quibus
2863 4119 3120 4189 singulis,
3138 4117 3457 4173 considera.

181 4207 411 4278 tio,ipsa
434 4209 893 4280 optimiagricolze
945 4210 1063 4264 vice
1083 4209 1300 4272 functa,
1346 4210 1582 4280 plurima
1625 4212 2028 4281 perpurgaudo,
2062 4211 2523 4284 detergendoque,
2557 4228 2621 4268 ac
2689 4209 3090 4280 complicando,
3132 4219 3185 4264 et
3218 4207 3454 4278 irrigan~

178 4304 272 4368 do,
309 4316 538 4356 necnon
570 4301 705 4372 ipsis
736 4315 835 4357 ceu
869 4315 965 4373 per
994 4301 1351 4373 aqumductus
1401 4317 1524 4360 sese
1577 4302 1928 4360 omnifariam
2002 4304 2381 4373 diﬁ‘undendo,
2435 4321 2650 4361 morum
2706 4304 3138 4376 passionumque
3184 4302 3454 4358 materias

181 4397 397 4455 cicures
458 4394 655 4449 reddit.

272 4489 332 4543 Ὀ
367 4488 477 4560 γὰρ
500 4487 787 4560 λογισμὸς,
817 4485 1005 4552 καθὼς
1032 4487 1270 4560 εἴρηται,
1300 4487 1409 4543 τῶν
1437 4489 1538 4562 μὲν
1564 4489 1760 4562 ἀρετῶη

1934 4488 2069 4545 Nam
2112 4490 2503 4557 consideratio,
2540 4498 2602 4544 ut
2647 4505 2817 4562 supra
2877 4487 3455 4553 commemoravimus,

185 4588 338 4640 ἐστιν
380 4583 630 4656 ἡγεμὼν,
661 4584 770 4637 τῶν
819 4583 877 4637 δὲ
917 4582 1108 4636 παθῶν
1137 4583 1502 4656 αὐτοκράτωρ
1526 4601 1540 4616 ⁸
1597 4585 1760 4658 λήθης

1882 4583 2177 4640 virtutibus
2224 4599 2326 4656 pro
2361 4585 2519 4650 duce,
2550 4581 2931 4639 affectionibus
2984 4595 3084 4652 pro
3133 4581 3460 4651 imperatore

181 4681 242 4735 δὲ
271 4680 367 4734 καὶ
392 4680 620 4749 ἀγνοίας
641 4678 796 4732 οὔπω
823 4677 1098 4742 δεσπόζει.
1127 4677 1202 4732 Ού
1250 4677 1361 4750 γὰρ
1391 4678 1502 4732 τῶν
1518 4679 1702 4733 αὐτῶν
1726 4681 1760 4712 ⁸³

1877 4677 2125 4744 habetur,
2153 4675 2416 4733 oblivioni
2459 4691 2591 4732 vero
2653 4675 2988 4748 inscitiaeque
3032 4674 3456 4745 haudquaquam

184 4773 378 4828 παθῶν
409 4773 439 4826 δ
466 4771 729 4844 λογισμὸς
761 4773 1055 4844 ἐπικρατεῖ
1078 4814 1094 4836 ,
1133 4770 1272 4824 ἀλλὰ
1303 4768 1410 4826 τῶν
1437 4771 1536 4843 τῆς
1569 4772 1775 4826 δικαιο-

185 4867 378 4939 σύνης,
407 4866 502 4921 καὶ
531 4864 886 4939 σωφροσύνης
910 4865 986 4931 ⁸⁸,
1004 4865 1095 4920 καὶ
1133 4865 1391 4936 ἀνδρείας
1415 4865 1483 4931 ³³,
1522 4865 1619 4920 καὶ
1641 4882 1774 4936 φρο-

183 4963 398 5033 νήσεως
423 4959 686 5014 ἐναντίων
709 4973 724 4987 ·
751 4951 857 5029 οὐχ
874 4957 1016 5012 ὥστε
1043 4957 1183 5011 αύτά
1199 4957 1246 4990 ⁸⁸
1295 4956 1538 5012 κωλύσαι
1561 4957 1654 5013 τοῦ
1692 4958 1769 5030 μὴ

182 5053 464 5124 γενέσθαι,
502 5050 620 5107 ἀλλ’
672 5051 815 5107 ὥστε
843 5051 1029 5116 αὑτοῖς
1062 5051 1138 5122 μὴ
1194 5051 1557 5122 ὑποταγῆναι.
1614 5052 1769 5123 Λήθη

181 5149 242 5203 δὲ
277 5149 374 5202 καὶ
412 5147 630 5216 ἄγνοια,
680 5145 775 5200 τοῦ
822 5143 1088 5214 λογισμοῦ
1135 5144 1246 5198 εἱσι
1276 5143 1425 5216 πάθη
1457 5161 1473 5176 ο
1525 5144 1629 5216 τῆς
1661 5143 1770 5216 γὰρ

185 5241 332 5297 κατά
380 5241 586 5312 γνῶσιν
636 5239 921 5312 ἐνεργείας
967 5239 1390 5312 ἀναιρουμένης,
1447 5239 1772 5294 συνίσταται

262 5461 308 5494 ³²
338 5461 396 5514 αἱ
439 5477 549 5516 om.
594 5461 652 5524 Β,
685 5461 806 5514 ὅσαι
846 5459 888 5516 C
936 5458 1000 5516 P.
1076 5459 1120 5493 ³³
1147 5459 1209 5530 ψ.
1249 5459 1388 5514 είσὶν
1437 5459 1495 5514 Β.
1558 5456 1604 5488 ³⁸
1651 5455 1738 5509 ἀλ.

292 5533 344 5566 ης
401 5548 490 5566 mn
569 5531 606 5566 Ω
742 5532 790 5563 as
819 5532 910 5566 mn
948 5547 1037 5566 η...
1122 5530 1160 5566 Ιὶ
1197 5533 1235 5566 D
1364 5532 1410 5563 se
1444 5529 1509 5566 aa
1592 5526 1650 5566 δι
1693 5525 1730 5566 ιι

1881 5453 1920 5508 Β
1968 5453 2028 5508 Ρ.
2105 5455 2148 5486 ³⁸
2197 5455 2316 5520 νοὸς
2362 5456 2424 5510 C.

1940 5526 1984 5556 ³ο
2024 5525 2207 5566 ὠινμῖιμ·
2265 5527 2302 5566 R
2379 5543 2424 5566 an

1444 5529 1529 5600 ηδ.
1592 5526 1652 5581 δὲ
1693 5525 1730 5580 Β
1770 5527 1833 5581 C.
1940 5526 1984 5556 ³⁰
2024 5525 2207 5612 ψρχῆς
2264 5527 2337 5586 Β,
2379 5525 2575 5610 καὶ.τά
2603 5526 2720 5611 ,μὲν
2761 5525 2860 5594 τῆς

1444 5597 2018 5720 νριῗιῗαίδΐῗίζῖἓεῖἕὲςξ
2027 5597 2479 5720 ἆὶέῗτῗτῧίέἒαβῖ
2489 5597 2873 5720 ιαιοαῗιὲῗαέιξῖ

185 5544 231 5577 ιτ
292 5533 348 5585 αἱ
401 5548 512 5585 om.
569 5531 628 5586 Β.
742 5532 790 5563 ³⁸
819 5532 914 5585 καὶ
947 5547 1061 5586 om.
1119 5530 1161 5585 Β
1195 5533 1253 5589 Ρ.

189 5605 234 5636 δι
275 5603 337 5657 τὸ
370 5602 532 5671 σῶμα
563 5602 624 5667 Β,
666 5601 823 5673 τὰδὲ
842 5601 938 5655 τοῦ
968 5601 1224 5673 σώματος
1257 5600 1297 5656 C
1335 5602 1396 5656 P.

185 5691 282 5728 ναι
305 5674 368 5730 C.
445 5670 491 5706 “
516 5676 550 5745 η
577 5672 790 5745 εὐαί),
825 5681 878 5728 et
910 5673 992 5728 sic
1019 5670 1304 5745 articulum
1336 5675 1385 5726 in
1422 5670 1576 5745 reliq.

1672 5669 1713 5699 “
1755 5667 2226 5740 ταπεινοφροσύνη
2263 5667 2303 5720 Β
2330 5668 2371 5722 C

1875 4769 2213 4834 dominatur.
2243 4767 2432 4840 Neque
2462 4769 2609 4825 enim
2633 4767 3002 4825 consideratio
3027 4769 3112 4825 sui
3134 4767 3306 4838 ipsius
3335 4782 3462 4838 pas-

1883 4863 2169 4931 sionibus,
2203 4863 2298 4918 sed
2336 4863 2421 4918 his
2471 4878 2595 4934 quae
2620 4860 2873 4934 justitiaz,
2925 4859 3318 4932 temperantiae,
3353 4858 3462 4916 for-

1875 4957 2093 5014 titudini
2137 4971 2202 5013 ac
2262 4955 2565 5027 prudentia
2628 4956 2872 5011 adversa:
2901 4964 3052 5021 sunt,
3089 4953 3403 5010 dominatur
3445 4973 3460 5009 :

1873 5067 1981 5106 non
2009 5059 2190 5107 autem
2220 5050 2356 5122 ipsis
2382 5051 2514 5121 quin
2535 5051 2670 5106 ﬁant
2700 5046 3338 5117 facultatemintercipit,
3367 5048 3462 5100 sed

1873 5159 1942 5200 ne
1975 5144 2080 5200 illa:
2109 5143 2369 5215 subjectae
2414 5143 2546 5214 ipsis
2586 5142 2885 5198 reddantur
2917 5140 3105 5197 efﬁcit.
3146 5139 3463 5196 Enimvero.

1872 5236 2097 5303 oblivio,
2125 5252 2226 5294 nec
2258 5253 2367 5292 non
2390 5235 2634 5306 inscitia,
2665 5233 3126 5293 considerationis
3180 5232 3469 5304 passiones

2532 5455 2578 5487 ³⁸
2607 5447 2682 5509 ὦν
2721 5456 2851 5509 ἄνευ
2897 5450 3299 5524 ἀδύνατονίζῇν
3333 5451 3374 5524 ς

2945 5525 3084 5651 ιιι

2581 5613 2945 5721 fere“;
2975 5613 3101 5699 “1'.-
3123 5613 3244 5718 ..2:

1940 5526 1984 5556 ³⁰
2024 5525 2207 5595 ψυχῆς
2264 5527 2337 5586 Β,
2379 5525 2473 5578 καὶ
2509 5527 2575 5580 τά
2620 5526 2720 5595 μὲν
2761 5525 2860 5594 τῆς

187 5747 238 5777 ⁵⁸
263 5734 649 5816 ὑπερηφάνεια
699 5734 946 5816 Βξεικει
998 5742 1212 5816 artieul.
1248 5734 1627 5816 nhique_(iod.
1652 5740 1712 5796 ϐ.

1879 5734 2063 5816 ἐπικλ,
2091 5740 2188 5816 καὶ
2214 5734 2333 5816 ὀι-ιι.
2367 5738 2449 5816 (3.Δ
2522 5739 2838 5816 ³οὴἓκαστον
2868 5736 2990 5816 ,εὶ-Ο
3027 5735 3109 5816 ΡΣ.
3181 5734 3226 5816 _"
3262 5735 3301 5816 δ
3327 5750 3465 5816 παῖζε

190 5805 407 5897 fama}
431 5805 692 5897 λογισμξς
716 5805 1429 5897 περικαρ.,καὶ-ἀποκλιίζξυν
1454 5813 1725 5897 Βιεπερικ.
1756 5810 1850 5866 καὶ
1877 5809 2101 5880 περιπλε
2132 5812 2190 5866 G.
2271 5811 2314 5841 "
2342 5808 2476 5865 παθ.
2504 5810 2598 5866 καὶ
2625 5809 2772 5880 ἠθῶν
2802 5808 2840 5862 Β
2861 5807 2903 5862 C
2924 5805 2986 5895 Ρι
3061 5805 3109 5844 ³³
3135 5805 3302 5862 αὑτοῦ
3331 5805 3372 5860 C
3406 5805 3484 5884 Ι).¹

189 5889 243 5922 ³⁸
280 5884 455 5959 σωρρ.
488 5884 604 5944 om.
632 5886 692 5943 C.
768 5885 814 5918 "
843 5884 1067 5956 ἀνδρίας
1101 5885 1159 5940 Β.
1237 5885 1279 5916 ⁸⁸
1310 5887 1471 5938 estin
1499 5885 1559 5938 (3.
