3842 6398
378 351 517 410 1115

1685 355 1965 414 κειετιι
2004 356 2315 413 MONACHI

3506 353 3645 417 1H6

377 483 540 537 sunt;
603 487 728 526 nam
792 472 894 538 lue,
941 486 1066 530 cum
1130 470 1456 543 cognitionis
1507 471 1753 529 aufertur
1784 474 1948 543 actio,

2078 475 2266 532 ταῦτα’
2301 473 2823 547 ἐπαναλαειδάνεται
2855 476 2912 529 δέ
2948 473 3113 529 πάλιν
3153 473 3243 529 διὰ
3287 475 3513 546 μνήμης
3551 475 3648 530 καὶ

377 563 638 633 subsequi
687 561 880 620 soient.

449 656 616 726 Atqui
645 655 907 711 memoria
936 671 1033 728 per
1074 657 1536 714 reminiscentiam
1587 659 1766 715 denuo
1806 676 1961 717 resu-

380 749 548 802 mitur
579 766 592 802 :
620 747 885 819 siquidem
913 749 1179 805 memoria
1226 752 1310 820 (ut
1333 749 1654 809 Aristoteles
1697 753 1804 824 27
1844 755 1961 825 opi-

381 849 562 904 natur,
583 840 897 912 imaginatio
919 849 1022 907 est,
1049 857 1171 912 qua:
1196 841 1266 897 ab
1287 842 1370 897 bis
1395 857 1517 912 quae
1542 858 1738 900 sensus
1770 844 1962 915 depre-

381 929 642 984 henderat
658 939 922 985 remanet.
939 929 1184 986 Platonis
1196 939 1374 984 autem
1392 931 1680 996 sententia,
1696 934 1960 989 memoria

381 1031 466 1075 est
483 1031 759 1078 sensus‘et
796 1023 1105 1079 intellectus
1133 1023 1515 1089 incolumitas;
1564 1024 1747 1078 anima
1788 1025 1959 1094 enim,

382 1129 504 1184 quae
521 1115 624 1169 sub
647 1130 866 1170 sensum
891 1115 1117 1182 cadunt,
1135 1132 1396 1172 sensuum
1420 1117 1595 1174 oﬁicio
1619 1117 1960 1188 adipiscitur,

383 1205 528 1260 unde
555 1205 831 1272 opinionis
880 1207 1034 1278 origo
1068 1216 1152 1262 est
1181 1225 1195 1261 :
1227 1209 1321 1262 sed
1361 1223 1457 1277 per
1508 1218 1740 1262 mentem
1785 1200 1960 1278 ipsam

384 1298 767 1354 intellectualia
817 1299 1198 1355 animadvertit
1243 1308 1296 1355 et
1345 1300 1692 1372 intelligentia
1718 1302 1798 1356 ﬁt.
1823 1301 1959 1356 Cum

385 1390 553 1460 igitur
605 1391 722 1461 ipsa
770 1393 952 1447 anima
1019 1391 1286 1447 formulas
1333 1408 1524 1447 eorum
1578 1408 1700 1464 qua:
1745 1393 1961 1464 opinata

385 1483 567 1538 fuerat
627 1483 1116 1553 intcllexeratque,
1187 1484 1529 1548 servaverit,
1590 1483 1850 1539 memoria
1908 1484 1960 1538 id

385 1585 570 1632 tenere
620 1574 840 1629 dicitur.
885 1573 956 1628 At
1002 1574 1283 1629 memoriae
1334 1573 1553 1629 amissaa
1596 1573 1958 1640 instauratio,

387 1667 796 1724 reminiscentia
853 1675 978 1734 est;
1041 1666 1243 1722 oblivio
1296 1667 1443 1721 enim
1501 1667 1676 1738 ipsam
1736 1666 1966 1724 reddere

385 1760 579 1815 exilem
618 1760 776 1816 solet.
808 1759 1023 1815 Oblivio
1054 1768 1236 1814 autem
1273 1759 1556 1814 memoriae
1585 1759 1811 1815 amissio
1839 1769 1960 1828 est;

387 1868 618 1926 quarum
663 1853 832 1907 altera
871 1860 1153 1923 perpetua,
1190 1852 1359 1906 altera
1403 1867 1534 1906 vero

387 1955 492 2010 est,
543 1947 599 2000 in
651 1960 759 2015 qua
805 1943 1026 2015 quidem
1077 1944 1484 1999 reminiscentia
1542 1944 1672 2014 agit.

457 2037 715 2093 Omnium
740 2037 885 2093 enim
904 2035 1250 2092 aﬂcctionum
1269 2051 1407 2106 quas
1430 2051 1462 2090 a
1484 2037 1760 2106 voluptate
1778 2037 1968 2091 dolen~

390 2131 600 2200 tiaque,
629 2139 684 2184 et
704 2129 1001 2185 virtutibus
1026 2144 1150 2198 quae
1171 2127 1256 2184 his
1286 2129 1528 2184 adversa:
1552 2139 1677 2183 sunt
1703 2129 1968 2199 proﬁcisci

390 2222 759 2287 asscruimus,
800 2221 870 2276 ab
915 2220 1112 2290 triplici
1160 2218 1356 2274 animae
1391 2219 1468 2285 vi,
1502 2235 1568 2274 ac
1607 2220 1803 2283 libera,
1848 2236 1971 2290 qua:

390 2314 444 2368 in
492 2312 650 2368 nobis
687 2321 770 2368 est
823 2311 1104 2366 voluntate
1133 2319 1289 2365 ortus
1334 2308 1395 2365 ﬁt
1426 2329 1440 2365 :
1489 2310 1544 2365 in
1577 2311 1663 2366 his
1700 2311 1842 2366 enim
1875 2327 1969 2384 ge-

392 2407 662 2462 neralium
717 2405 980 2459 virtutum
1031 2401 1230 2459 divisio
1266 2402 1575 2474 inspicitur.
1647 2403 1854 2474 Atqui,
1913 2405 1968 2460 in

393 2500 595 2553 animae
625 2498 675 2552 vi
701 2495 979 2562 rationali,
1029 2495 1333 2566 prudentiae
1379 2497 1529 2551 locus
1569 2506 1684 2561 est;
1718 2495 1770 2550 in
1803 2511 1971 2567 appe-

392 2593 530 2648 tibili
579 2590 942 2662 temperantia
1017 2590 1331 2644 continetur
1363 2631 1378 2656 ,
1440 2589 1498 2644 in
1549 2589 1808 2646 irascibili
1869 2605 1970 2645 au-

393 2698 500 2742 tem
543 2683 807 2741 fortitudo
840 2683 1115 2739 consistit.
1166 2681 1385 2737 Justitia
1423 2691 1629 2747 autem,
1663 2699 1759 2754 per
1787 2683 1972 2738 liberae

392 2795 517 2850 qua:
565 2777 619 2833 in
668 2775 829 2832 nobis
880 2783 966 2832 est
1015 2775 1317 2831 voluntatis
1364 2776 1666 2839 actionem,
1725 2776 1792 2832 ad
1854 2787 1966 2832 tres

392 2870 766 2936 distribuitur;
813 2869 916 2924 nisi
972 2868 1119 2924 enim
1156 2869 1427 2939 quispiam
1473 2869 1699 2938 jnstitiae
1782 2870 1966 2925 locum

393 2977 615 3018 servare
645 2959 1010 3031 proposuerit,
1039 2974 1150 3014 non
1180 2968 1327 3016 recte
1356 2960 1409 3014 in
1433 2960 1811 3018 affectionibus
1841 2971 1972 3018 tem-

396 3055 654 3127 perantiae
682 3094 698 3119 ,
746 3051 1086 3108 fortitudinis
1129 3067 1196 3109 ac
1246 3053 1520 3123 appetitus
1559 3054 1821 3110 rationem
1869 3055 1971 3110 ba-

398 3149 585 3204 buisse
616 3145 1072 3217 deprehendetur.
1103 3143 1265 3210 Nam,
1315 3161 1416 3216 pro
1445 3145 1791 3203 aﬂ'eclionum
1825 3148 1972 3203 arbi-

1615 1861 1963 1922 temporanea
1997 1870 2040 1925 Β

2062 568 2441 640 ἀναμνήσεως.

2133 662 2291 715 Ἐστι
2328 660 2384 715 δέ
2409 661 2596 733 μνήμη
2618 703 2636 728 ,
2665 660 2742 726 ὡς
2776 664 2876 733 μὲν
2922 663 3329 734 Ἀριστοτελης,
3365 663 3647 733 φαντασία

2061 755 2609 828 ἐγκαταλελειμμένη
2665 757 2775 810 ἀπό
2813 774 2963 822 τινος
3009 756 3321 829 αἰσθήσεως
3357 757 3462 827 τῆς
3523 759 3645 809 κατ’

2061 847 2344 919 ἐνεργείας
2357 848 2692 920 φαινομένης
2711 851 2757 882 ⁵⁷
2778 866 2792 880 ·
2813 848 2889 914 ὡς
2911 850 2970 904 δὲ
2991 849 3221 904 Πλάτων
3237 851 3301 915 ⁵⁸,
3324 849 3576 920 σωτηρία
3600 851 3649 883 ³⁵

2062 940 2370 1011 αἰσθήσεώς
2403 958 2465 995 τε
2493 940 2591 995 καὶ
2620 943 2888 1013 νοήσεως.
2929 942 2994 995 Ἦ
3027 943 3139 1013 γὰρ
3171 942 3347 1014 ψυχή,
3383 942 3498 995 τῶν
3549 942 3648 1011 μὲν

2062 1033 2337 1103 αἰσθητῶν
2389 1033 2478 1088 διὰ
2534 1034 2646 1087 τῶν
2695 1035 3072 1106 αἰσθητηρίων
3127 1034 3600 1106 ἀντιλαμϐάνεται
3631 1076 3646 1096 ,

2051 1127 2161 1211 Ικαὶ
2194 1127 2405 1198 γίνεται
2443 1125 2573 1194 δόξα
2596 1143 2610 1158 °
2635 1127 2746 1182 τῶν
2774 1129 2832 1182 δὲ
2863 1127 3074 1199 νοητῶν
3120 1127 3211 1184 διὰ
3255 1127 3354 1182 τοῦ
3389 1127 3512 1190 νοῦ,
3554 1129 3647 1180 καὶ

2061 1219 2277 1288 γίνεται
2310 1219 2526 1291 νόησις·
2557 1221 2689 1275 ὅταν
2725 1216 2820 1275 οὖν
2863 1221 2992 1282 τοὺς
3024 1219 3269 1286 τύπους,
3317 1214 3395 1274 ὧν
3427 1237 3487 1273 τε
3536 1220 3647 1273 ἐδό-

2065 1311 2245 1379 ξασεν,
2270 1306 2345 1368 ὧν
2369 1331 2428 1367 τε
2457 1314 2647 1386 ἐνόησε
2674 1313 2935 1379 διασώζει
2961 1315 3007 1348 ⁸⁸
3033 1315 3126 1369 καὶ
3150 1317 3314 1386 τηρεῖ
3334 1316 3406 1377 ⁸⁸,
3429 1331 3540 1384 μνη
3551 1331 3647 1382 μου

2063 1408 2239 1462 νεύειν
2260 1407 2502 1477 λέγεται.
2543 1407 2878 1480 Ἀνάμνησις
2901 1408 2960 1462 δέ
2988 1410 3106 1462 ἐστι
3135 1408 3327 1479 φήμης
3392 1406 3648 1475 ἐξιτήλου

2065 1500 2366 1573 γενομένης
2395 1501 2702 1572 ἀνάκτησις
2731 1504 2776 1534 ⁸⁸
2800 1518 2816 1534 ο
2841 1502 3052 1571 γίνεται
3076 1501 3134 1556 δὲ
3161 1500 3412 1571 ἐξίτηλος
3439 1500 3512 1566 ⁸³,
3545 1499 3651 1552 imo

2063 1594 2166 1665 τῆς
2193 1594 2386 1667 λήθης.
2417 1595 2574 1666 Λήθη
2617 1594 2677 1649 δέ
2709 1595 2828 1650 ἐστι
2860 1596 3087 1667 μνήμης
3120 1593 3366 1664 ἀποϐολή
3403 1610 3420 1624 ο
3458 1591 3583 1646 ἀλλ’
3613 1593 3647 1662 ή

2070 1685 2170 1756 μὲν
2200 1686 2533 1760 διηνεκὴς,ή
2566 1687 2623 1741 δὲ
2647 1687 2741 1740 ἐπὶ¹
2765 1687 2932 1741 ποσόν
2952 1704 2967 1720 ο
2997 1682 3066 1758 ἧς
3103 1687 3254 1742 ἐστιν
3274 1687 3308 1756 ἠ
3335 1684 3654 1755 ἀνάμνησις

2068 1778 2248 1853 ἔργον.

2145 2037 2369 2092 Πάντων
2396 2037 2454 2090 δὲ
2484 2037 2703 2108 γένεσις
2734 2039 2847 2092 τῶν
2869 2039 3288 2112 προειρημένων
3321 2039 3522 2095 παθῶν
3550 2039 3660 2092 τῶν

2072 2131 2136 2183 ἐκ
2160 2130 2262 2198 τῆς
2297 2131 2491 2201 ἡδονῆς
2521 2133 2616 2206 καὶ
2644 2131 2740 2185 τοῦ
2771 2131 2938 2185 πόνου
2963 2148 2979 2164 ο
3027 2133 3124 2185 καὶ
3167 2131 3354 2203 μέντοι
3409 2132 3510 2188 καὶ
3545 2131 3664 2184 τῶν

2071 2223 2257 2286 αὐτοῖς
2287 2222 2333 2256 ⁸⁸
2356 2223 2640 2288 ἐναντίων,
2674 2224 2923 2278 τουτέστι
2949 2224 3058 2278 τῶν
3080 2224 3292 2294 ἀρετῶν
3321 2227 3387 2278 ἐκ
3413 2223 3516 2277 τοῦ
3543 2242 3662 2296 τρι-

2075 2314 2277 2386 μεροῦς
2323 2316 2424 2386 τῆς
2474 2315 2655 2387 ψυχῆς
2687 2316 2784 2371 καὶ
2812 2317 2923 2370 τῶν
2969 2318 3014 2350 ⁸⁸
3053 2319 3141 2386 ἐφ’
3172 2319 3336 2388 ἡμῖν’
3379 2319 3518 2387 περὶ
3552 2317 3662 2387 γὰρ

2069 2407 2243 2461 ταῦτα
2291 2408 2387 2462 καὶ
2413 2408 2488 2473 fati
2519 2409 2740 2477 γενικαὶ
2761 2409 2959 2480 ἀρεταὶ
3004 2409 3372 2481 διανέμονται.
3440 2408 3538 2462 Ἑν
3585 2409 3662 2479 τῷ

2070 2499 2367 2571 λογιστικῷ
2396 2501 2506 2572 γάρ
2538 2502 2688 2554 ἐστιν
2732 2502 2766 2573 ή
2796 2503 3066 2574 φρόνησις
3093 2518 3108 2532 ·
3141 2503 3202 2555 ἐν
3240 2499 3322 2572 τῷ
3371 2499 3660 2570 ἐπιθυμηο

2071 2592 2210 2664 τικῷ
2233 2631 2249 2656 ,
2284 2594 2318 2664 ἡ
2363 2594 2690 2666 σωφροσύνη
2713 2609 2728 2624 ο
2760 2595 2819 2648 ἐν
2846 2595 2926 2666 τῷ
2956 2594 3176 2664 θυμικῷ
3203 2636 3218 2661 ,
3246 2596 3280 2666 ή
3320 2593 3557 2665 ἀνδρεία
3588 2593 3656 2650 ⁸³.

2081 2686 2151 2740 Ἥ
2177 2685 2236 2739 δὲ
2263 2685 2606 2758 δικαιοσύνη,
2641 2689 2699 2740 ἐν
2733 2690 2847 2752 τοῖς
2875 2689 3028 2760 τρισὶ
3054 2687 3400 2758 διανέμεται.
3433 2686 3536 2740 τοῦ
3571 2687 3659 2754 ἐφ’

2074 2778 2205 2849 ἡμῖν
2236 2777 2587 2848 ἐνεργοῦντος
2609 2795 2622 2810 ο
2657 2779 2706 2831 εί
2741 2779 2816 2849 μὴ
2845 2779 2955 2850 γὰρ
2987 2779 3079 2834 τὸν
3105 2778 3202 2832 τοῦ
3227 2778 3447 2832 δικαίου
3489 2779 3659 2830 τόπον

2074 2870 2310 2941 φυλάξαι
2359 2889 2446 2934 τις
2489 2874 2886 2944 προαιρήσεται
2933 2873 3012 2939 ⁸⁷,
3044 2874 3108 2927 ού
3159 2875 3468 2942 σωφρονεῖν
3499 2912 3517 2935 ,
3559 2872 3662 2926 οὐκ

2072 2963 2445 3034 ἀνδρίζεσθαι,
2478 2963 2623 3016 κατὰ
2659 2964 2772 3017 τῶν
2803 2963 3018 3027 παθῶν,
3051 2963 3114 3018 ού
3143 2961 3328 3027 καλῶς
3362 2961 3659 3030 ἐπιθυμεῖν

2076 3055 2316 3126 θελήσει.
2355 3055 2430 3108 Τὸ
2487 3055 2545 3109 δὲ
2582 3057 2976 3130 προαιρεῖσθαι
3021 3055 3055 3128 ἦ
3108 3055 3288 3108 θέλειν
3335 3055 3434 3107 τοῦ
3488 3055 3538 3086 ⁸⁸
3577 3055 3659 3123 ἐφ’

2073 3148 2209 3219 ἡμῖν
2241 3149 2391 3202 ἐστιν
2411 3164 2425 3179 ·
2473 3149 2558 3219 ἐφ’
2603 3150 2740 3220 ἡμῖν
2769 3148 2879 3220 γάρ
2910 3150 3030 3202 ἐστι
3059 3149 3103 3182 ⁸⁸
3139 3149 3201 3203 τὸ
3232 3149 3489 3214 δικαίους
3521 3145 3661 3202 εἶναι

395 3242 504 3297 trio
557 3239 755 3310 eligere
803 3247 898 3294 aut
943 3237 1080 3294 velle
1121 3237 1418 3308 quidpiam,
1454 3238 1508 3294 id
1546 3249 1747 3295 nostrae
1777 3241 1970 3295 volun-

2078 3240 2106 3311 ἢ
2137 3240 2375 3306 ἀδίκους,
2408 3241 2732 3306 σπουδαίους
2754 3241 2790 3312 ἢ
2821 3241 3078 3312 ἀμαθεῖς,
3117 3229 3379 3306 συνετοῦς
3405 3243 3440 3310 ἢ
3482 3241 3660 3311 ἀφροο

398 3331 524 3386 tatis
561 3341 676 3390 est;
725 3329 779 3384 in
818 3329 977 3384 nobis
1021 3329 1169 3383 enim
1199 3337 1321 3397 est,
1365 3339 1425 3386 ut
1456 3331 1590 3402 justi
1631 3331 1715 3386 vel
1748 3333 1969 3402 injusti,

397 3437 425 3477 s
455 3420 628 3475 IllIiOSi
671 3418 754 3473 vel
797 3432 829 3472 a
868 3417 1063 3473 studiis
1123 3417 1310 3483 alieni,
1365 3419 1656 3489 prudentes
1700 3428 1793 3474 aut
1840 3419 1974 3475 insi-

397 3514 610 3583 pientes
645 3511 959 3565 reddamur.
1003 3508 1285 3580 Siquidem
1331 3511 1574 3567 studium
1607 3512 1658 3565 iu
1695 3528 1752 3567 re
1790 3513 1971 3583 aliqua

399 3605 680 3668 adbibere,
727 3617 790 3658 ac
830 3602 887 3656 in
933 3616 999 3658 eo
1041 3603 1308 3670 exerceri,
1355 3604 1532 3659 nostri
1567 3604 1779 3659 arbitrii
1830 3621 1970 3669 esse,

401 3696 535 3750 nulli
585 3711 692 3750 non
744 3701 1090 3766 perspectum
1136 3696 1402 3764 habetur;
1455 3712 1565 3752 non
1607 3699 1754 3768 quod
1796 3698 1976 3755 studia

404 3799 520 3868 ipsa
556 3797 777 3853 habitus
806 3798 940 3862 sint,
975 3797 1070 3853 sed
1096 3795 1241 3866 quod
1281 3796 1415 3866 ipsis
1438 3795 1824 3864 dominantur;
1851 3814 1975 3853 nam

404 3890 586 3945 studia
649 3889 927 3945 habilibus
979 3889 1249 3944 dominari
1312 3889 1662 3945 manifestum
1725 3890 1975 3947 habetur.

401 3983 755 4038 Consuetudo
799 3996 929 4038 vero
963 3980 1263 4036 adventitia
1314 3989 1507 4036 natura
1537 3991 1640 4037 est.
1695 3980 1753 4036 Si
1799 3992 1977 4039 autem

405 4076 644 4133 studium
701 4075 912 4130 babitui
966 4073 1301 4138 dominatur,
1359 4073 1505 4144 quod
1549 4075 1722 4130 nostri
1767 4075 1982 4130 arbitrii

405 4179 509 4240 est,
556 4181 611 4225 et
661 4171 886 4226 habitus
943 4169 1120 4225 nostri
1178 4167 1389 4223 arbitrii
1459 4179 1607 4224 sunt.
1690 4166 1981 4224 Enimvero

407 4278 640 4335 quarum
667 4277 847 4316 rerum
873 4269 1063 4316 nostro
1082 4260 1134 4315 in
1160 4261 1388 4315 arbitrio
1413 4259 1628 4314 habitus
1645 4269 1746 4321 est,
1766 4275 1984 4314 earum-

407 4357 528 4411 dem
556 4364 609 4410 et
645 4355 889 4410 actiones
931 4369 1054 4424 qua:
1087 4352 1156 4408 ab
1198 4351 1387 4408 habitu
1434 4351 1760 4422 proveniunt
1792 4360 1983 4406 nostro

409 4448 463 4503 in
510 4448 736 4503 arbitrio
780 4455 909 4503 sunt
953 4465 967 4502 :
1025 4445 1297 4516 siquidem
1354 4446 1600 4501 actiones
1649 4445 1717 4500 ad
1765 4444 1983 4501 habitus

409 4547 554 4597 recte
615 4540 1120 4596 accommodantur.
1168 4536 1272 4606 Qui
1331 4539 1478 4593 enim
1515 4537 1741 4608 jnstitim
1792 4536 1979 4591 habitu

2078 3351 2199 3398 νας.
2239 3334 2313 3387 Τὸ
2360 3333 2472 3405 γὰρ
2520 3333 2813 3408 μελετᾷνῆ
2869 3334 3347 3406 ἐπιγυμνάζεσθαι
3406 3335 3456 3366 ⁷⁸
3516 3333 3662 3401 παρά

2081 3428 2248 3480 πᾶσιν
2282 3425 2634 3498 ὡμολόγηται
2667 3428 2748 3480 ὅτι
2779 3427 2864 3496 ἐφ’
2893 3428 3032 3498 ήμῖν
3057 3444 3072 3457 ·
3103 3427 3163 3480 οὐ
3171 3445 3202 3497 χ
3231 3427 3309 3490 ὡς
3333 3425 3510 3490 ἕξεις,
3551 3426 3661 3479 ἀλλ’

2081 3519 2157 3582 ὡς
2210 3519 2403 3589 κύριαι
2431 3517 2541 3572 τῶν
2567 3518 2771 3585 ἐξεωνο
2823 3519 2878 3571 αί
2910 3518 3010 3588 μὲν
3039 3517 3148 3589 γὰρ
3187 3517 3420 3587 μελέται
3473 3518 3663 3587 κύριαι

2080 3612 2190 3666 τῶν
2218 3612 2384 3680 ἕξεων
2412 3613 2477 3667 τί.
2509 3611 2584 3666 Τὸ
2607 3611 2667 3665 δέ
2695 3610 2838 3677 ἔθος,
2873 3612 3039 3682 φύσις
3070 3612 3389 3682 ἐπίκτητος.
3438 3612 3510 3664 Ἠ
3535 3612 3594 3664 δὲ
3623 3615 3663 3645 ⁷·

2082 3703 2252 3775 κυρία
2283 3704 2384 3774 τῆς
2420 3703 2588 3769 ἒξεῶς
2615 3705 2764 3759 ἐστιν
2797 3705 2831 3776 ἡ
2884 3704 3084 3775 μελέτη
3116 3705 3161 3736 ⁷⁸
3187 3718 3201 3732 '
3245 3705 3332 3771 ἐφ’
3376 3704 3516 3774 ἡμῖν
3551 3704 3663 3774 δὲή

2087 3795 2312 3867 μελέτη,
2362 3797 2449 3867 ἐφ’
2479 3797 2613 3868 ἡμῖν
2659 3796 2706 3829 ⁷⁸
2736 3796 2832 3850 καὶ
2860 3799 2893 3866 ή
2927 3796 3041 3862 ἕξις
3066 3813 3080 3826 ο
3115 3789 3191 3850 ὧν
3222 3797 3278 3851 δὲ
3311 3798 3400 3866 ἐφ’
3439 3799 3580 3868 ἡμῖν
3610 3797 3664 3850 αι

2083 3887 2249 3954 ἕξεις,
2278 3889 2484 3943 τούτων
2515 3888 2603 3960 ἐφ’
2631 3891 2765 3962 ἡμῖν
2799 3890 2898 3944 καὶ
2927 3891 2985 3943 αἱ
3013 3889 3267 3961 πράξεις,
3295 3892 3352 3943 αί
3389 3891 3540 3944 κατὰ
3571 3891 3664 3952 τὰς

2084 3977 2228 4044 ἔξεις
2252 3995 2267 4009 ⁸
2297 3981 2421 4044 ταῖς
2463 3981 2574 4052 γὰρ
2602 3980 2750 4046 ἕξεσι
2789 3981 2834 4014 ⁷⁸
2866 3982 2922 4035 αἱ
2964 3980 3192 4053 πράξεις
3240 3980 3572 4053 πρόσφοροι.
3609 3979 3664 4032 ὐ

2087 4069 2195 4140 ἄρα
2223 4069 2440 4126 δικαίαν
2485 4072 2600 4140 ἕξιν
2639 4072 2779 4144 ἔχων
2812 4073 2858 4106 ⁷⁸
2885 4073 3070 4127 δίκαια
3109 4074 3308 4144 πράξει
3331 4089 3346 4102 ·
3377 4073 3588 4142 ὁμοίως
3619 4071 3663 4102 ’⁷

2088 4163 2183 4216 καὶ
2216 4162 2244 4215 ὁ
2273 4163 2460 4218 ἄδικον
2488 4165 2551 4219 τὸ
2580 4165 2850 4220 ἀνάπαλιν
2875 4182 2888 4195 ·
2931 4166 3042 4221 τῶν
3071 4166 3181 4236 γὰρ
3216 4165 3419 4236 ἐπίσης
3456 4164 3666 4234 ἐνδεκο-

2091 4257 2292 4327 μένων,
2319 4259 2481 4329 ἡμεῖς
2506 4258 2687 4331 κύριοι
2717 4259 2797 4330 τῷ
2824 4260 2870 4292 ⁷⁸
2897 4260 3142 4332 ἐνεργεῖν
3170 4277 3185 4291 ο
3210 4258 3414 4327 ἐπίσης
3437 4257 3497 4311 δέ
3523 4261 3665 4312 ἐστιν

2089 4349 2441 4420 ἐνδεχόμενον
2485 4351 2515 4405 δ
2561 4351 2694 4406 αὐτό
2735 4369 2796 4405 τε
2843 4351 3122 4422 δυνάμεθα
3169 4353 3436 4414 τ’ποιεῖν,
3483 4351 3583 4404 καὶ
3611 4351 3668 4402 τὺ

2089 4442 2472 4512 ἀντικείμενον
2510 4443 2660 4515 αὐτῷ
2691 4445 2738 4477 ⁸⁸
2760 4461 2775 4477 ο
2813 4447 3052 4498 ποιεῖται
3083 4445 3127 4476 ⁸⁸
3162 4443 3216 4497 δὲ
3248 4443 3461 4497 τούτων
3491 4443 3539 4475 θ’
3574 4444 3668 4511 τὴν

2091 4533 2306 4604 αἵρεσιν
2343 4535 2373 4588 ὁ
2406 4534 2530 4600 νοῦς
2564 4538 2593 4591 ὁ
2622 4536 2892 4608 ἡμέτερος
2918 4551 2933 4566 °
2986 4532 3143 4600 οὗτος
3196 4535 3304 4606 γάρ
3334 4539 3488 4589 ἐστιν
3527 4537 3666 4606 ἀρχὴ

409 4635 666 4705 pra-ditus
703 4634 814 4704 28
841 4643 946 4698 est,
981 4632 1129 4703 justa
1154 4641 1444 4702 operatur;
1484 4639 1538 4685 et
1562 4630 1753 4685 eodem
1789 4629 1970 4689 modo.

2083 4628 2340 4700 πράξεων
2363 4645 2379 4661 ·
2413 4630 2564 4701 καὶὴ
2600 4606 2763 4703 βουλὴ
2794 4606 2843 4664 έδ
2875 4631 2987 4685 τῶν
3017 4631 3104 4700 ἐφ’
3127 4633 3263 4700 ἡμῖν
3295 4630 3450 4682 ἐστιν
3481 4628 3667 4699 ὥσπερ

409 4727 501 4799 qui
537 4726 836 4796 iniustitia,
876 4725 1092 4780 diversa
1142 4724 1255 4795 agit
1290 4741 1304 4777 :
1361 4723 1628 4793 siquidem
1673 4737 1794 4792 quae
1837 4721 1983 4792 justa

409 4818 620 4872 ratione
643 4817 958 4890 contingere
975 4825 1230 4887 possunt,
1253 4815 1512 4884 perﬁcere
1529 4824 1728 4870 nostra:
1757 4813 1987 4869 faculta-

411 4908 482 4964 tis
500 4917 582 4962 est
604 4923 849 4972 :verum,
867 4907 1174 4978 quodjusla
1205 4906 1420 4962 ratione
1441 4906 1756 4976 contingere
1786 4914 1982 4975 potest,

411 5001 544 5056 illud
563 5002 707 5072 quod
733 5017 832 5058 nos
852 5001 1068 5058 efﬁcere
1084 5016 1378 5072 possumus
1397 5010 1498 5068 est;
1519 5016 1626 5055 non
1650 5013 1828 5055 autem
1843 5000 1988 5071 quod

2085 4723 2180 4774 καὶ
2228 4722 2262 4793 ἡ
2315 4722 2669 4794 προαίρεσιςο
2707 4722 2987 4794 ὁρίζονται
3045 4721 3154 4790 γὰρ
3186 4721 3286 4790 τὴν
3343 4721 3665 4791 προαίρεσιν

2083 4811 2265 4884 δρεξιν
2301 4813 2654 4888 βουλευτικὴν
2682 4816 2732 4848 ⁸⁸
2759 4815 2868 4869 τῶν
2895 4815 2980 4886 ἐφ’
3013 4816 3148 4885 ἡμῖν
3170 4831 3185 4846 ο
3234 4815 3330 4866 καὶ
3355 4812 3537 4866 ταῦτα
3574 4815 3666 4882 μὲν

2086 4908 2329 4976 περὶτοῦ
2361 4909 2660 4982 τριμεροῦς
2688 4910 2757 4975 ⁸⁸,
2791 4909 2916 4963 ὅσον
2950 4909 3146 4981 μαθεῖν
3179 4907 3238 4974 ἐξ
3265 4908 3456 4976 ὀλίγου
3493 4908 3657 4960 πόθεν

2095 5001 2130 5070 ή
2162 5001 2372 5055 τούτων
2407 5002 2576 5074 ὁρμή.

411 5093 539 5148 huic
567 5095 995 5166 contrapositum
1025 5095 1289 5151 habetur:
1323 5101 1378 5148 et
1433 5092 1653 5164 quidem
1706 5109 1861 5148 mens
1910 5101 2098 5149 nostra
2169 5093 2451 5149 voluntate
2499 5095 2735 5162 primum
2763 5093 2972 5155 utitur;
3036 5108 3162 5148 nam
3213 5093 3326 5146 lucc
3386 5092 3661 5146 actionum

413 5188 750 5261 principium
793 5201 877 5248 est
913 5209 926 5246 :
959 5199 1014 5246 et
1049 5186 1509 5262 quemadmodum
1551 5186 1800 5242 voluntas
1845 5187 1981 5258 ipsa,
2021 5186 2211 5243 eodem
2247 5197 2404 5258 pacto
2467 5198 2520 5243 et
2552 5188 2844 5244 consilium
2874 5185 3043 5243 nostri
3105 5183 3316 5240 arbitrii
3378 5185 3614 5239 habetur
3644 5201 3660 5247 ;

415 5299 543 5340 nam
576 5285 906 5342 voluntatem
940 5286 1140 5358 ipsam,
1170 5299 1352 5340 rerum
1415 5299 1538 5355 quae
1569 5282 1738 5338 nostri
1792 5281 2004 5338 arbitrii
2065 5295 2193 5338 sunt
2252 5283 2570 5353 appetitum.
2619 5282 2861 5353 quicum
2899 5280 3130 5337 consilio
3155 5279 3233 5345 ﬁt,
3263 5293 3390 5335 esse
3421 5277 3666 5333 nonnulli

487 5445 533 5519 ’Τ
565 5441 1266 5519 κατὰ-μένᾈἋριστοτέλην
1309 5453 1581 5519 φαντασία
1628 5449 1750 5504 κατ’
1789 5430 2074 5519 ἐνέργειαν
2102 5445 2404 5517 φαινομένη
2580 5442 2640 5510 Ρ,
2665 5440 3170 5519 ἐγκαῖᾳλςλειμέἕη

416 5517 682 5595 Πλάτ-ωνα
710 5513 807 5595 Β..-
837 5517 915 5595 ῶς
938 5513 1030 5595 ξδὲ
1219 5513 1356 5595 φησὶ
1399 5523 1460 5595 VC
1520 5523 1580 5579 P.
1619 5594 1624 5595 ν
1671 5522 1717 5554 δ’
1752 5513 1951 5595 Διιξτίςζ

2240 5513 2333 5595 rp:
2388 5513 2618 5595 ωρροεςι
2665 5513 2726 5595 ιξτ

1091 5593 1136 5625 ⁸⁸
1163 5584 1254 5664 μνξ
1283 5584 1876 5664 Ἑπιλελησμένηςίείο.
1917 5589 1955 5642 Ρ

1091 5661 1136 5717 Ρ.
1259 5664 1305 5697 ⁸⁸
1336 5665 1532 5731 ἀνδρία
1566 5663 1627 5719 Β.
1759 5664 1802 5695 ⁸⁷
1845 5677 1970 5731 προς

2078 5588 2208 5660 lus].
2238 5584 2524 5649 ἀνάκτισις
2555 5586 2617 5640 C.
2693 5585 2739 5617 “
2774 5584 3081 5653 ὲπιλελησμ

2078 5675 2250 5731 ιεηται
2279 5659 2342 5714 C-
2439 5659 2494 5731 _“'
2523 5656 2635 5731 τῶν
2672 5655 2735 5731 σε
2811 5655 3081 5731 ⁶ἶέεξζήξῖ

415 5590 577 5659 τηρεῖ
608 5602 718 5642 om.
768 5585 810 5640 Β
847 5588 888 5643 C
938 5589 998 5645 P.

417 5663 530 5734 τοῖς
722 5659 767 5691 ⁸⁵
799 5659 968 5734 τοῦμΒ
1000 5663 1043 5734 ί]
1074 5659 1175 5734 Ρς
1259 5664 1305 5697 ⁸⁸
1336 5659 1532 5734 ἀνδρία
1566 5659 1627 5719 Β.

3371 5436 3419 5470 ⁸³
3449 5434 3594 5489 κατὰ
3617 5433 3669 5486 δέ

2833 5515 2879 5545 ⁶⁰
2929 5505 3172 5582 διασώζῂ
3226 5505 3389 5582 β-Ρ.
3423 5577 3457 5582 __
3489 5507 3530 5582 ξί
3580 5506 3673 5582 καὶ

3084 5576 3178 5648 iv?)
3216 5579 3256 5634 C
3283 5577 3343 5631 Ρ.
3419 5577 3469 5608 ⁸⁸
3496 5577 3556 5627 ἐν
3580 5576 3671 5648 αξ)-

2451 5644 2635 5709 ⁶⁸’τῶν
2672 5655 2734 5710 ϐ.
2811 5657 2854 5688 ⁸⁸
2881 5644 3123 5724 trina“
3152 5644 3211 5724 δὲ
3237 5650 3431 5724 ἄρχειν
3456 5648 3587 5724 ἐσῖἴ
3612 5644 3669 5724 β·

415 5732 466 5807 Ϊξ
493 5718 585 5807 ἔξει
620 5731 1176 5807 τι-γυμνᾴςερθαιρο
1224 5735 1268 5807 ’3
1307 5718 1405 5807 μὲν
1433 5718 1544 5790 ὸηιο
1574 5718 1623 5807 Α
1656 5733 1786 5789 BC-
1846 5718 2156 5807 ⁷²Ϊεέδξξθῖ
2205 5731 2263 5807 1’
2301 5729 2486 5807 ήμεὶο
2522 5727 2578 5807 ἐξ
2607 5718 3100 5807 “853.171.4553-
3149 5718 3337 5807 ,Ῐδὲεθ
3369 5718 3670 5807 initiis;

418 5804 466 5835 "
491 5801 634 5868 ἔξεις
668 5801 733 5856 Δ.

850 5804 898 5891 ."
936 5799 1431 5891 itaviiuﬁ-LJZ
1463 5805 1828 5891 desuasor“
1879 5803 2004 5891 .4."
2035 5801 2117 5891 9'
2162 5799 2378 5891 ."’.’~°‘3
2427 5800 2471 5891 (ξ
2522 5799 2578 5891 ξ’·

2688 5786 2732 5830 ³η
2759 5786 2890 5848 αὐτὶ)
2923 5796 2952 5849 ὃ
2975 5786 3102 5847 δυν.
3146 5793 3188 5846 C
3235 5786 3305 5846 Ρ.
3375 5786 3421 5824 ⁸⁸
3454 5787 3588 5844 αὐτὸ
3617 5786 3668 5838 Β.

396 5875 464 5942 ,⁶¹
507 5863 649 5935 neti!
673 5871 733 5929 Β.
813 5877 859 5910 ⁸⁸
891 5863 1084 5933 τούτου
1115 5863 1159 5934 (Ῐ
1187 5878 1246 5934 Ρ.
1323 5879 1368 5911 ⁸³
1399 5863 1563 5949 βουλὴ
1591 5863 1706 5930 δεῖ]
1737 5875 1793 5930 P.
1879 5874 1923 5906 "’
1954 5870 2134 5944 ὄρεξις
2161 5870 2476 5942 βουλευτικὴ
2512 5871 2575 5924 Δ.
2651 5869 2696 5900 ⁸⁸
2728 5867 2787 5920 τὸ
2824 5866 3081 5938 τριμερὲς
3116 5865 3156 5918 Α
3185 5863 3232 5919 C.
3261 5863 3322 5917 P.
