3842 6444
361 408 520 474 Αιίεθ

1682 391 1962 448 HELETII
2002 386 2308 447 MONACHI

3517 380 3655 436 “20

379 527 584 581 [italiis
608 522 824 594 quidem
857 517 1148 574 medullam
1177 515 1418 580 inclusit,
1454 512 1559 567 alia
1588 519 1768 565 autem
1798 510 1950 564 durae

2092 505 2158 562 ,ὲν
2191 504 2388 577 μυελὸν
2421 503 2698 558 ἐνέκλεισε
2721 542 2737 568 ,
2778 503 2893 568 τοῖς
2921 501 2978 558 ὀὶ
3024 502 3268 576 σκληρὰν
3298 518 3357 554 τε
3395 501 3494 553 καὶ
3532 517 3656 554 στι-

379 602 673 686 solidwque
719 622 949 677 naturae,
980 611 1084 665 alia
1133 612 1269 665 laxa:
1307 623 1373 664 ac
1415 605 1702 662 imbecillis
1747 602 1955 658 consti-

381 709 506 763 tuit.
557 704 828 760 Nonnulla
880 717 1009 757 vero
1071 701 1270 756 adnata
1327 697 1646 769 appendice,
1689 695 1794 750 alia
1845 709 1958 749 cer-

381 804 496 854 vice
534 797 758 869 praedita
786 794 1112 868 procreavit,
1148 802 1203 848 et
1221 792 1469 864 quaedam
1503 790 1676 854 unita,
1701 788 1806 843 alia
1831 802 1959 842 vero

379 889 733 960 composita:
783 896 838 942 et
891 884 1154 940 nonnulla
1205 881 1657 945 coarticulantur,
1709 880 1956 950 quaedam

382 996 512 1035 vero
578 976 1056 1034 articulationibus
1118 973 1501 1044 c0pulantur:
1554 971 1660 1025 alia
1727 969 1959 1024 invicem

383 1079 656 1140 eoaptata,
709 1069 816 1125 alia
871 1065 1176 1136 composita
1243 1073 1390 1128 sunt,
1436 1064 1684 1134 quaedam
1731 1060 1962 1125 suturis,

383 1163 629 1234 quaedam
646 1160 931 1216 harmonia
952 1160 1246 1215 cohaerent.
1263 1157 1379 1210 Alia
1404 1166 1582 1210 autem
1602 1155 1666 1208 ad
1687 1155 1821 1210 clavi
1847 1167 1966 1208 mo-

384 1254 516 1309 dum
536 1254 699 1309 infixa
726 1262 874 1317 sunt,
914 1253 1173 1308 nonnulla
1203 1267 1333 1306 Vero
1367 1250 1594 1304 invicem
1629 1247 1968 1303 concludun-

2059 599 2191 668 ρεὰν
2219 597 2384 669 φύσιν
2420 595 2591 669 ἔθηκε
2615 636 2632 662 ,
2663 598 2780 660 τοῖς
2814 596 2871 651 δὲ
2904 594 3112 668 χαύνην
3152 594 3248 649 καὶ
3276 593 3510 665 ἀσθενῆ.
3543 595 3656 647 Καὶ

2058 691 2127 744 τά
2159 689 2259 760 μὲν
2301 687 2592 759 ἐπιφύσεις
2621 690 2665 721 ³⁷
2701 687 2845 744 κατὰ
2871 689 2934 742 τὸ
2959 687 3140 758 πέρας
3179 687 3387 758 ἔχουσι,
3417 685 3494 740 τὰ
3520 686 3581 740 δὲ
3607 686 3654 717 ιι

2061 783 2300 854 αὐχένας
2321 799 2336 816 ·
2367 784 2464 836 καὶ
2484 782 2552 837 τά
2578 781 2680 852 μὲν
2710 783 2937 853 ἥνωται,
2957 782 3027 836 τά
3052 781 3110 834 δὲ
3144 781 3437 850 σύγκειται
3453 796 3470 810 ·
3500 780 3575 834 τὰ
3599 781 3654 835 δέ

2064 874 2477 946 συνήρΘρωται,
2504 874 2574 927 τὰ
2599 873 2656 930 δὲ
2689 874 3026 946 διήρθρωται
3054 874 3099 906 "
3124 890 3139 905 ·
3167 873 3238 927 τά
3270 872 3329 926 δὲ
3366 873 3656 942 συνήρμο-

2065 986 2210 1036 σται,
2239 967 2309 1022 τὰ
2346 967 2406 1022 δὲ
2472 967 2830 1022 συντέθειται.
2861 966 2971 1021 Καὶ
3011 964 3083 1020 τὰ
3123 965 3224 1037 μὲν
3265 965 3410 1020 κατά
3447 965 3650 1038 ῥαφὴν,

2063 1061 2136 1116 τὰ
2155 1062 2213 1116 δὲ
2247 1061 2392 1116 κατά
2421 1060 2709 1134 ἁρμονίαν,
2747 1059 2817 1114 τὰ
2849 1059 2906 1113 δὲ
2955 1057 3102 1114 κατὰ
3126 1058 3441 1130 γόμφωσιν,
3495 1059 3569 1110 τὰ
3600 1058 3654 1110 6‘:

2065 1155 2209 1210 κατά
2233 1139 2585 1226 γυγγλυσμόν
2616 1153 2681 1186 ³⁸·
2714 1155 2812 1207 καὶ
2833 1153 2901 1208 τὰ
2927 1151 3026 1224 μὲν
3043 1151 3189 1206 κατά
3218 1151 3654 1221 συγχόνδρωσιν,

2067 1247 2135 1302 τά
2160 1246 2218 1303 δὲ
2247 1246 2390 1303 κατά
2418 1247 2809 1318 συννεύρωσιν,
2841 1245 2912 1301 τὰ
2935 1245 2994 1301 δὲ
3008 1243 3152 1300 κατὰ
3183 1245 3576 1317 συσσάρκωσιν
3591 1243 3656 1299 ⁸⁸.

388 1355 498 1402 tur.
523 1343 631 1400 Sed
661 1353 715 1401 et
735 1343 1056 1414 cartilagine
1070 1342 1337 1414 quaedam,
1357 1342 1463 1397 alia
1487 1341 1690 1406 nervis,
1712 1340 1815 1395 alia
1841 1355 1964 1394 car-
2068 1383 2072 1388 .

389 1439 636 1495 nnlentia
681 1437 1007 1508 complicata
1060 1444 1208 1491 sunt.

464 1552 765 1623 Siquidem,
802 1560 912 1606 tota
943 1552 1152 1606 ossium
1183 1550 1508 1621 compositio
1533 1548 1804 1613 σκελετός,
1823 1548 1968 1618 quod

389 1646 605 1701 aridum
649 1645 884 1709 diceres,
933 1653 1300 1713 nuncupatur.
1346 1641 1482 1697 Nam
1527 1642 1781 1706 σκελετὸς
1816 1642 1971 1695 locus

389 1737 696 1792 siccescens
718 1735 938 1797 dicitur,
963 1735 1109 1803 quod
1136 1733 1276 1802 apud
1304 1731 1598 1787 llomerum
1626 1742 1732 1796 est,
1758 1731 1853 1802 qui
1873 1731 1970 1797 ait,

2154 1547 2218 1600 Ἢ
2260 1546 2362 1618 μὲν
2389 1544 2486 1601 οὖν
2515 1546 2614 1618 ὅλη
2647 1545 2898 1610 σύνταξις
2936 1543 3044 1600 τῶν
3089 1543 3291 1607 ὀστῶν,
3319 1540 3663 1614 ὀνομάζεται

2074 1642 2359 1706 σκελετός·
2393 1642 2688 1708 σκελετὸς
2714 1642 2772 1697 δὲ
2791 1640 3013 1710 λέγεται
3040 1641 3085 1673 ³⁸
3113 1640 3143 1694 ὀ
3172 1638 3603 1712 ἀπεξηραμένος
3623 1639 3666 1670 ³³

2073 1735 2243 1799 τόπος
2262 1751 2276 1766 ·
2301 1731 2486 1798 καθὼς
2526 1733 2776 1804 Ὅμηρος
2796 1732 2865 1798 ³⁸,
2921 1731 3114 1798 Ῥὐπφ
3142 1730 3213 1785 δέ
3239 1730 3595 1796 οἱάὺαλέος
3621 1729 3668 1761 ³³

393 1828 550 1902 ῥύπῳ
575 1826 628 1882 δέ
658 1828 706 1879 οἱ
739 1824 966 1888 αὐαλέος
984 1802 1142 1896 Ῠχρὼς
1171 1823 1451 1895 ἐσκλήκει.
1473 1823 1626 1890 Quod
1661 1833 1766 1889 est,
1801 1823 1975 1878 sordi-
2005 1802 2047 1858 Β
2074 1825 2233 1896 χρὼς
2257 1825 2567 1893 ἐσκλήκει.
2595 1802 2746 1878 Τίνδὲ
2761 1825 2968 1880 τούτων
2983 1822 3217 1879 ἕκαστόν
3241 1822 3361 1876 ἐστι
3394 1821 3509 1876 τῶν
3538 1839 3667 1876 συν-

393 1921 488 1977 bus
523 1922 643 1974 huic
661 1934 849 1986 corpus
871 1919 1068 1971 siccum
1094 1917 1260 1972 aruit.
1293 1915 1399 1972 Sed
1422 1931 1672 1986 quaenam
1698 1915 1968 1987 composi-

393 2015 561 2068 tionis
593 2007 1170 2078 dearticulationisque
1212 2007 1422 2063 ossium
1460 2007 1683 2063 nomina
1731 2007 1975 2064 habean-

392 2113 507 2172 tur,
547 2120 580 2160 a
618 2103 844 2160 medicis
873 2103 1009 2173 ipsis
1043 2100 1402 2174 quaerendum
1443 2110 1548 2158 est.
1597 2100 1977 2158 Verumenim-

395 2211 549 2261 vero,
595 2210 664 2251 ne
713 2193 1018 2266 legentibus
1057 2193 1461 2264 quamplurima
1517 2193 1752 2250 obscure
1800 2192 1976 2263 posita

395 2291 673 2364 negotium
703 2287 998 2354 lacessant,
1030 2287 1311 2344 sciendum
1341 2296 1426 2342 est
1447 2287 1594 2358 quod
1621 2303 1702 2354 os,
1735 2286 1879 2358 quod
1907 2284 1976 2341 ad

395 2379 536 2457 clavi
561 2378 784 2434 modum
818 2379 931 2434 ossi
963 2377 1191 2432 inﬁxum
1219 2385 1321 2442 est,
1344 2377 1486 2448 quod
1522 2378 1872 2449 ὲγγόμφωσις
1900 2377 1978 2432 di-

396 2473 562 2537 citur,
592 2473 646 2526 in
667 2470 924 2527 dentibus
943 2477 1292 2525 cernereest.
1321 2468 1432 2540 30
1451 2465 1654 2524 Sutura
1679 2483 1832 2538 vero,
1855 2485 1978 2540 quas

399 2566 549 2637 ραφὴ
581 2571 949 2632 nuncupatur,
979 2561 1036 2617 in
1067 2561 1263 2632 capitis
1287 2562 1506 2617 ossibus
1526 2560 1740 2616 visitur.
1759 2561 1977 2630 Αιγυγ-

399 2657 661 2727 γλυσμὸς,
691 2655 1017 2710 cohaerentia
1045 2663 1151 2717 est,
1182 2669 1291 2724 qua
1319 2668 1446 2709 ossa
1477 2653 1707 2708 invicem
1743 2668 1976 2725 congre-

399 2751 603 2806 dientia
630 2749 1058 2820 coniunguntur,
1089 2756 1148 2802 ut
1179 2741 1258 2802 in'
1287 2747 1457 2818 spina:
1489 2747 1776 2811 vertebris,
1799 2762 1864 2802 ac
1884 2748 1980 2803 de-

399 2842 780 2898 articulatione
841 2856 964 2911 quaa
1008 2855 1038 2894 a
1092 2839 1277 2895 cubito
1331 2839 1397 2892 ad
1459 2839 1739 2894 brachium
1810 2840 1982 2894 tendit

400 2935 755 3008 conspicitur.
818 2933 1096 2988 Articulus
1153 2931 1373 3004 quidem
1435 2931 1642 2986 ossimn
1716 2931 1982 2999 naturalis

2078 1919 2279 1974 θέσεων
2309 1920 2356 1952 ³⁸
2384 1919 2419 1990 ἢ
2449 1917 2862 1991 διαρθρώσεων,
2894 1918 2927 1990 ἢ
2961 1918 3003 1951 ⁸⁷
3030 1916 3332 1990 ὀνομάτων,
3361 1915 3523 1986 παρὰ
3561 1916 3670 1970 τῶν

2080 2012 2282 2084 ἰατρῶν
2308 2011 2523 2083 μάθοις·
2555 2011 2694 2084 πλὴν
2715 2012 2805 2066 ἵνα
2826 2011 2901 2082 μὴ
2920 2011 3104 2082 ἀσαφῆ
3124 2028 3207 2065 σοι
3223 2009 3577 2082 καταλειφθῇ
3601 2013 3670 2063 τὰ

2077 2107 2272 2175 πολλὰ,
2297 2107 2409 2163 ίσθι
2450 2107 2534 2162 ὅτι
2569 2111 2605 2178 ἡ
2644 2106 2744 2180 μὲν
2786 2107 3146 2179 ὲγγόμφωσις
3184 2106 3232 2140 ⁸⁸
3275 2107 3669 2180 συνάρθρωσίς

2075 2218 2164 2266 τις
2188 2201 2234 2236 ⁸⁸
2259 2200 2402 2256 κατά
2438 2199 2718 2273 σύμπηξιν
2738 2240 2755 2265 ,
2780 2201 2878 2254 καὶ
2901 2199 2947 2232 ⁸⁸
2972 2202 3067 2255 ἐπὶ
3085 2199 3196 2255 τῶν
3230 2200 3488 2256 ὀδόντων.
3519 2199 3589 2254 Ἥ
3614 2200 3669 2252 δὲ

2085 2293 2233 2368 ραφὴ
2261 2294 2305 2326 ⁸⁸
2341 2293 2595 2358 σύνθεσις
2615 2293 2692 2358 ὡς
2727 2293 2824 2348 ἐπὶ
2850 2293 2961 2348 τῶν
2983 2295 3085 2366 τῆς
3122 2292 3374 2364 κεφαλῆς
3395 2293 3584 2347 ὀστῶν
3608 2309 3623 2322 ·
3643 2295 3672 2346 ὀ

2082 2387 2140 2442 δὲ
2171 2386 2523 2459 γυγγλυσμὸς
2547 2385 2616 2453 ⁸³,
2647 2384 2896 2450 σύνθεσις
2935 2385 3011 2450 ὡς
3040 2385 3134 2439 ἐπὶ
3167 2384 3277 2439 τῶν
3314 2387 3422 2458 τῆς
3451 2383 3670 2456 ῥάχεως

2084 2480 2420 2548 σπονδύλων,
2443 2479 2660 2549 καὶτῆς
2685 2479 2780 2533 τοῦ
2810 2480 3030 2549 πήχεως
3051 2477 3098 2510 ⁸³
3124 2481 3262 2551 πρὸς
3282 2476 3376 2531 τὸν
3405 2475 3670 2549 βραχίονα

2081 2565 2504 2644 διαρθρώσεως·
2567 2576 2665 2626 καὶ
2707 2570 2772 2625 τὸ
2819 2571 2920 2640 μὲν
2968 2569 3193 2642 ἄρθρον,
3241 2569 3503 2636 σύνταξις
3557 2573 3671 2624 ἐστι

2084 2665 2295 2735 φυσική
2321 2677 2337 2692 ·
2373 2661 2490 2736 ἡδὲ
2531 2660 2834 2732 σύμφυσις,
2865 2660 3068 2723 ἒνωσις
3093 2659 3269 2714 ὀστῶν
3316 2658 3584 2730 φυσικῶν
3605 2660 3668 2715 ⁸⁸.

2085 2754 2196 2811 Καὶ
2215 2755 2250 2826 ἡ
2285 2753 2386 2826 μὲν
2411 2755 2690 2824 έπὶφυσις,
2714 2752 2911 2815 ἓνωσίς
2937 2754 3089 2806 ἐστιν
3113 2753 3304 2825 ἐτέρου
3331 2752 3500 2807 ὀστοῦ
3532 2755 3672 2806 κατὰ

2084 2843 2277 2917 ἕτερον
2301 2861 2318 2876 ·
2346 2844 2382 2917 ή
2404 2844 2462 2906 δὲ
2490 2844 2768 2913 ἀπόφυσις
2785 2883 2802 2909 ,
2838 2841 2933 2898 τοῦ
2959 2841 3274 2914 σύμπαντος
3302 2842 3469 2897 ὀστοῦ
3509 2845 3672 2914 μέρος

2085 2933 2349 3006 ὑπάρχει.

401 3033 732 3104 compositio
756 3040 858 3095 est,
923 3044 1050 3083 nam
1091 3029 1180 3083 hic
1241 3026 1443 3100 ἄρθρον
1503 3027 1720 3081 dicitur.
1763 3027 1834 3081 At
1894 3029 2169 3099 σύμφυσις
2219 3041 2324 3096 est,
2363 3045 2486 3085 eum
2544 3029 2814 3085 naturalia
2861 3044 2989 3086 ossa
3053 3031 3217 3086 simul
3286 3032 3584 3094 uniuntur,
3626 3040 3672 3084 ei

403 3125 512 3180 hoc
562 3123 879 3180 coalescere
931 3122 1178 3188 diceres;
1239 3120 1496 3190 ὲπίφυσις
1538 3136 1688 3185 vero,
1762 3121 1980 3180 alterius

2092 3125 2212 3180 ιεείε
2244 3126 2310 3180 ad
2339 3126 2566 3180 alterum
2615 3125 2893 3196 adjunctio
2923 3135 3030 3182 est.
3054 3126 3125 3181 At
3171 3127 3470 3197 ἀπόφυσις,
3533 3126 3672 3195 quod

402 3219 766 3286 eminentiam,
811 3217 926 3273 sive
979 3230 1280 3286 processum
1333 3213 1573 3281 dixeris,
1607 3213 1664 3268 in
1708 3214 1952 3286 quolibet
1979 3230 2103 3273 osse
2133 3220 2396 3273 cernitur.

475 3332 552 3390 Os
602 3341 788 3388 autem
833 3345 1037 3402 corpus
1069 3328 1329 3392 dicimus,
1356 3326 1501 3398 quod
1529 3328 1826 3398 plurimum
1850 3329 1904 3382 in
1933 3343 1992 3384 se
2018 3341 2061 3400 ο

407 3436 636 3482 terrena:
655 3423 925 3496 portionis
944 3420 1206 3486 continet,
1226 3419 1374 3491 quod
1389 3429 1442 3475 et
1462 3434 1631 3475 sensu
1650 3410 1818 3486 caret,
1836 3421 1983 3475 relu-

406 3529 649 3589 ctatque,
694 3531 761 3572 ac
787 3515 986 3572 durum
1026 3523 1133 3581 est,
1169 3512 1504 3584 reliquisque
1542 3513 1788 3583 corporis
1819 3514 1987 3584 parti-

407 3613 512 3668 bus
543 3627 642 3666 ceu
668 3609 1069 3666 ﬁrmamentum
1098 3607 1350 3674 habetur.
1380 3605 1690 3671 Enimvero,
1722 3607 1838 3664 hare
1861 3608 1985 3663 uni-

408 3719 567 3761 versa
608 3719 636 3756 a
669 3701 933 3758 musculis
959 3700 1252 3770 nervisque
1279 3705 1587 3764 moventur,
1621 3699 1822 3769 quibus
1857 3700 1987 3755 item

408 3798 696 3856 cerebrum
724 3795 983 3850 motivam
1013 3792 1323 3864 impertitur
1348 3791 1686 3848 facultatem.
1725 3790 1862 3848 Nam
1895 3807 1990 3848 ve-

413 3891 558 3946 nulis
583 3888 763 3944 obsita
787 3886 1105 3942 membrana
1127 3899 1248 3956 qua:
1273 3884 1557 3940 cerebrum
1579 3885 1769 3951 ambit,
1792 3885 1990 3941 borum

413 3991 595 4038 motus
634 3980 788 4034 radix
808 3977 1244 4050 principiumque
1274 3976 1524 4032 habetur.
1553 3973 1865 4032 Membrana
1888 3992 1990 4032 au-

416 4085 547 4136 tem,
577 4089 700 4144 quae
734 4072 922 4128 Grece
961 4069 1127 4143 ὑμὴν,
1153 4057 1286 4139 quia
1327 4070 1671 4128 subtilissimi
1712 4070 1991 4140 pannicnli

415 4169 592 4225 vicem
619 4182 729 4238 pm
751 4181 812 4222 se
839 4166 998 4230 ferat,
1025 4177 1224 4218 nomen
1246 4162 1438 4235 adepta
1466 4172 1570 4220 est.
1607 4162 1732 4219 Haec
1756 4179 1992 4232 namque

417 4275 544 4316 cum
586 4265 734 4313 recte
761 4254 1035 4321 consistit,
1064 4253 1232 4309 totius
1263 4253 1513 4324 corporis
1535 4261 1718 4309 motus
1741 4253 1860 4309 suis
1891 4269 1995 4308 nu-

419 4353 586 4410 meris
625 4347 1066 4406 absolutissimus
1101 4346 1370 4403 redditur.
1404 4345 1639 4411 Etenim,
1665 4346 1712 4402 si
1730 4344 1882 4417 pedis
1910 4347 1994 4400 di-

420 4448 517 4518 giti
549 4444 872 4518 particulam
902 4441 1108 4498 moveri
1131 4440 1439 4513 contigerit,
1472 4439 1543 4495 ab
1560 4455 1625 4498 ea
1647 4450 1849 4496 motam
1871 4455 1996 4497 esse

420 4539 607 4612 procul
633 4537 798 4593 dubio
828 4535 992 4592 scias.
1027 4532 1085 4590 Si
1111 4549 1240 4590 vero
1260 4535 1631 4591 membranam
1653 4533 1798 4590 illam
1823 4549 1996 4606 quan-

421 4632 600 4700 doque
621 4626 898 4699 quati,vel
926 4626 1102 4681 scindi
1122 4625 1310 4696 aliquo
1342 4625 1556 4692 morbo,
1587 4625 1702 4681 sive
1729 4627 1840 4682 ictu
1873 4641 1999 4681 cau-

2167 3332 2328 3386 'E<m
2351 3332 2410 3386 δὲ
2439 3332 2634 3387 ὀστοῦν
2663 3333 2824 3404 σῶμα
2863 3332 3231 3405 γεωδέστερον
3253 3333 3350 3388 καὶ
3375 3336 3672 3390 ἀντίτυπον

2090 3423 2426 3497 ἀναίσθητόν
2473 3442 2533 3479 τε
2565 3425 2662 3480 καὶ
2697 3424 2970 3498 σκληρόν·
3002 3426 3099 3479 καὶ
3133 3419 3248 3480 οἷον
3291 3428 3673 3498 έπιστήριγμα

2089 3515 2202 3570 τῶν
2219 3515 2427 3570 λοιπῶν
2455 3515 2635 3587 μελῶν
2660 3515 2754 3571 τοῦ
2781 3516 3033 3588 σώματος
3051 3517 3117 3572 ⁸⁸.
3151 3517 3474 3572 Κινεῖταιδὲ
3509 3520 3675 3574 ταῦτα

2093 3609 2273 3665 πάντα
2291 3609 2336 3641 ⁸⁸⁸
2361 3609 2468 3664 ὑπὸ
2489 3607 2642 3682 μυῶν
2658 3610 2756 3664 καὶ
2784 3609 2992 3682 νεύρων
3009 3623 3024 3638 ⁸
3042 3609 3106 3676 ἐξ
3133 3611 3446 3681 ἐγκεφάλου
3475 3615 3675 3684 ταύτην

2091 3703 2192 3774 τὴν
2214 3693 2501 3776 κινητικὴν
2526 3702 2754 3776 δύναμιν
2779 3706 2876 3760 καὶ
2892 3704 3064 3758 ταῦτα
3085 3704 3380 3777 δεχόμενα·
3417 3707 3551 3778 ῥίζα
3577 3711 3674 3780 γὰρ

2093 3795 2193 3849 καὶ
2239 3795 2384 3868 ἀρχὴ
2430 3796 2536 3867 τῆς
2579 3796 2786 3850 τούτων
2834 3797 3104 3868 κινήσεως
3150 3799 3178 3852 6
3225 3798 3319 3852 τὸν
3368 3801 3672 3870 ἐγκέφαλον

2095 3888 2370 3958 περιέχων
2394 3889 2545 3942 ἐστὶν
2569 3887 2715 3960 ὑμήν
2735 3888 2802 3942 δ’.
2827 3889 3059 3960 Εἴρηται
3074 3889 3129 3944 δὲ
3145 3890 3310 3960 ὑμὴν
3340 3893 3504 3964 παρὰ
3527 3895 3587 3947 τὸ
3605 3895 3673 3956 ὡς

2097 3977 2329 4050 ὕφασμα
2349 3974 2492 4034 εἶναι
2517 3979 2735 4034 λεπτόν.
2761 3974 2981 4045 Οὖτινος
3012 3981 3362 4053 διακειμένου
3384 3984 3575 4048 καλῶς
3610 3985 3670 4047 ⁸⁸.

2097 4071 2256 4123 πᾶσα
2295 4071 2329 4140 ἡ
2373 4067 2470 4122 τοῦ
2509 4068 2764 4140 σώματος
2798 4070 3016 4141 κίνησις
3048 4072 3468 4142 ἀνεμποδίστως
3495 4077 3670 4130 ἐπιτε-

2097 4159 2298 4225 λεῖται,
2324 4161 2423 4214 καὶ
2441 4159 2488 4192 ⁵³
2517 4162 2662 4214 κατὰ
2687 4163 2869 4231 λόγον.
2894 4164 3003 4216 Καὶ
3022 4163 3131 4236 γὰρ
3154 4167 3203 4217 εἰ
3225 4165 3317 4219 καὶ
3342 4167 3605 4232 σκυταλὶς
3630 4169 3671 4200 ’θ

2098 4252 2363 4307 δακτύλου
2399 4253 2443 4285 ⁸³
2483 4253 2541 4306 δν
2568 4253 2690 4307 ποδὶ
2714 4256 2918 4308 κινοῖτο
2956 4255 3024 4318 ⁸⁸,
3057 4259 3209 4328 παρά
3228 4257 3275 4289 ⁵⁸
3303 4257 3502 4313 τούτου
3532 4261 3671 4313 κεκί-

2101 4361 2280 4416 νηται.
2313 4344 2375 4398 Et
2398 4344 2456 4400 δὲ
2483 4345 2688 4418 τρῶσιν
2711 4344 2810 4416 “il
2841 4345 2995 4418 ῥῆξιν
3019 4347 3182 4402 πάθοι
3211 4347 3258 4380 ⁵³
3279 4349 3345 4401 ὲκ
3367 4350 3671 4422 νοσήματικ

2100 4454 2248 4502 τινος
2279 4437 2446 4510 τυχὸν
2467 4438 2513 4471 ⁸⁸
2553 4437 2588 4510 ἢ
2632 4439 2728 4493 καὶ
2756 4440 3039 4510 πλήξεως,
3066 4440 3232 4504 εὐθὺς
3264 4443 3670 4516 ἐπηκολούθησε

2101 4530 2182 4602 τῷ
2220 4530 2387 4586 πάθει
2421 4533 2450 4586 ὀ
2479 4531 2741 4595 θάνατος·
2778 4532 2901 4586 οὐδὲ
2948 4534 3087 4606 πρὸς
3118 4532 3293 4605 βραχὺ
3332 4536 3437 4606 τῆς
3466 4537 3672 4607 φύσεως

2102 4624 2502 4696 ἀντισχούσης·
2533 4623 2650 4679 ἀλλ’
2684 4624 2876 4697 ὥσπερ
2913 4625 3170 4696 θεμελίου
3223 4628 3375 4692 τινὸς
3428 4630 3672 4685 famam-

422 4733 580 4777 sante
607 4720 888 4784 acciderit,
907 4717 1160 4774 interitus
1189 4716 1394 4773 aﬂatim
1413 4718 1482 4773 ab
1505 4718 1623 4788 ipsa
1641 4718 1912 4788 passione,
1932 4734 1980 4774 nt

2105 4715 2348 4779 σθέντος,
2377 4715 2500 4769 ὅλον
2515 4715 2577 4768 τὸ
2607 4715 2950 4787 οἰκοδόμημα
2983 4719 3452 4792 συγκατεσπᾶσθη
3478 4721 3557 4793 τῷ
3584 4722 3670 4794 μέ·

424 4813 695 4868 tantillum
748 4819 945 4866 natura
977 4817 1337 4880 repugnante,
1369 4807 1742 4878 subsequitur,
1773 4823 1881 4862 non
1911 4822 1999 4862 se-

424 4919 523 4960 cus
551 4921 615 4960 ac
637 4905 705 4972 si,
757 4903 1115 4959 fundamento
1137 4901 1321 4971 aliquo
1355 4900 1638 4966 convulso,
1669 4909 1837 4954 totam
1862 4899 1996 4954 aedi-

426 4995 697 5052 ﬁcationis
748 4994 948 5050 molem
989 5007 1116 5048 cum
1169 5001 1324 5062 parte
1359 5007 1615 5047 corruere
1675 4991 1995 5064 contingat;

2107 4823 2218 4879 ρει,
2251 4806 2426 4872 οὕτως
2448 4806 2558 4861 τῶν
2583 4807 2718 4878 περὶ
2743 4806 2856 4861 τῶν
2881 4808 2927 4840 "
2957 4809 3198 4881 κρανίων
3228 4813 3520 4883 μηνίγγων
3545 4831 3675 4883 τρωι

2103 4897 2328 4961 θέντων,
2370 4901 2429 4952 ὲν
2469 4893 2554 4962 οἷς
2589 4898 2619 4952 6
2669 4899 2958 4971 εἰρημένος
2993 4902 3140 4972 ὑμὴν
3175 4903 3514 4974 ὑφήπλωται
3544 4906 3610 4971 ⁸⁸,
3643 4908 3674 4974 η

2102 4991 2252 5064 ψυχὴ
2275 4992 2371 5046 τοῦ
2401 4992 2654 5062 σώματος
2675 4994 3057 5052 ἀπανίσταται.

428 5081 730 5157 ita,etquae
749 5087 852 5142 sub
867 5085 1022 5142 calva
1041 5083 1378 5140 membranis
1395 5085 1744 5140 cominentur
1783 5085 2024 5154 obitesis,
2064 5087 2265 5157 quibus
2290 5085 2357 5142 de
2383 5102 2490 5158 qua
2529 5088 2868 5145 asseruimus
2914 5090 3231 5148 membrana
3300 5095 3671 5162 praetenditur,

428 5182 678 5252 corporis
711 5180 858 5237 illius
890 5182 1072 5236 anima
1099 5179 1305 5237 deﬁcit.

500 5340 546 5415 ⁸]
573 5338 667 5391 καὶ⁵
689 5339 812 5415 ταῖς
847 5337 944 5408 μὲν
969 5338 1024 5415 αἱ
1049 5336 1240 5415 φύσεις
1270 5335 1345 5415 B._
1388 5338 1434 5371 "
1464 5339 1586 5415 ταῖς
1613 5335 1780 5415 δὲ’-Β..
1819 5336 1875 5415 βξ
1905 5337 1978 5415 τά
2005 5335 2060 5389 δὲ
2085 5335 2392 5415 διήρθωιῃ..
2422 5336 2462 5391 Α
2637 5339 2680 5415 δέ
2705 5337 3020 5415 χυγλυσμὸν
3039 5340 3102 5397 C.
3138 5343 3206 5415 _”
3241 5341 3598 5415 συνάρμωσιν
3617 5344 3668 5399 Β.

430 5411 486 5482 ειΔ
513 5411 648 5482 δπέρ
699 5406 926 5482 ias-egi,
972 5407 1031 5462 Β,
1122 5410 1168 5442 ³³
1194 5406 1639 5482 Αᾲποξηραμένοςᾼ
1661 5407 1733 5482 Β.-
1759 5408 1788 5460 ὀ
1816 5409 1841 5460 ὲ

430 5479 567 5544 λέως
593 5477 651 5534 Β.
695 5480 739 5511 ⁸⁸
759 5478 1027 5532 συνθέτων
1049 5477 1114 5532 C.
1189 5479 1231 5512 ³⁷

431 5553 495 5620 ⁸⁸7
529 5549 843 5620 γυγλυσμός
868 5547 930 5604 C.
1002 5547 1315 5620 fﬂm'ixeo;
1345 5551 1404 5603 Β.

432 5690 696 5761 posthaec
725 5692 875 5761 deest
908 5690 1076 5744 unum
1111 5699 1203 5744 aut
1231 5693 1459 5746 alterum
1505 5690 1597 5745 fol.
1633 5694 1684 5744 in
1723 5690 1856 5746 Cod.
1887 5692 1946 5746 Β.

431 5759 638 5834 τρῷσιν
659 5759 813 5834 Ο-Ρε
838 5760 912 5834 _'_'
939 5761 1313 5834 Mummiam
1353 5762 1495 5834 ὑμὴν
1546 5762 1707 5816 πάθοι
1737 5762 1776 5817 C
1807 5765 1865 5818 ι’.

433 5830 681 5903 suum:
706 5830 772 5898 C,
801 5830 1109 5904 ὲξήπλωιαι
1132 5831 1192 5886 Ρ.

1773 5950 1882 5982 ελ·

1847 5405 2252 5492 meaem-
2341 5407 2385 5492 ξ·
2595 5405 2937 5492 MUOE-1};
2975 5411 3038 5492 r-
3059 5481 3094 5492 -
3127 5405 3439 5492 ξιριιολςώέ
3491 5415 3559 5492 Αε

1260 5480 1294 5548 ἢ
1324 5477 1433 5533 om.
1465 5477 1523 5532 Β.
1598 5478 1643 5510 ⁸³
1671 5477 1959 5549 γόμφωσις
1987 5477 2028 5532 Β
2054 5479 2111 5534 C.
2176 5477 2220 5510 "
2243 5478 2504 5560 συνάρθρ.
2541 5481 2658 5532 ἐστι
2691 5481 2747 5534 Β.
2783 5480 2840 5537 Ρ.
2891 5480 2938 5512 ⁸⁸
2959 5483 3034 5544 ὡς
3055 5481 3098 5536 Β
3121 5484 3161 5537 C
3193 5484 3251 5538 Ι).
3309 5485 3352 5515 ⁵⁸
3389 5486 3576 5556 γραφὴ
3611 5487 3669 5537 Α.

1260 5567 1315 5604 ος
1345 5551 1404 5603 Β.
1511 5549 1556 5581 ⁸⁸
1588 5551 1794 5604 φυσικὴ
1847 5549 1887 5600 Β
1938 5549 1980 5604 C
2020 5549 2080 5604 P.
2180 5548 2226 5580 “
2257 5548 2402 5604 σῶμ.
2428 5551 2551 5604 ὅλου
2582 5549 2639 5604 Β.
2743 5553 2788 5585 ⁸⁸
2824 5553 3001 5604 πάντα
3022 5570 3130 5604 οιιι.
3169 5557 3212 5604 Α
3240 5553 3364 5604 BC.
3469 5556 3513 5587 δ’
3559 5573 3669 5604 νευ-

434 5567 480 5583 ”
529 5567 842 5672 γυγλυσμος
868 5567 930 5604 υ.
1030 5567 1077 5580 ⁷·
1113 5567 1315 5620 πηχεος
1345 5567 1404 5603 Β.
1511 5567 1556 5581 "
1588 5567 1795 5619 φυσικη
1847 5567 1887 5600 ι)
1938 5567 1980 5604 υ
2020 5567 2080 5604 ι’.
2180 5567 2226 5580 τ’
2257 5567 2402 5618 σωμ.
2428 5567 2448 5604 c

434 5617 1196 5725 :ﬁﬁnm.zjrfr.£££
1227 5621 1684 5725 ξκιξεξίνςιτιιιςη

2051 5694 2094 5725 ⁵⁸
2124 5691 2386 5754 δάκτυλος
2409 5692 2469 5746 (3.
2574 5694 2618 5724 δ’
2653 5696 2855 5745 κινείτο
2884 5696 2925 5747 Α
2961 5695 3019 5749 Ρ.
3111 5691 3158 5728 ⁸³
3177 5691 3306 5767 περὶ
3341 5697 3395 5751 C.

1967 5764 2012 5794 “
2044 5761 2204 5832 τυγγδν
2231 5775 2338 5816 out.
2367 5763 2430 5828 C,
2460 5764 2638 5818 interl.
2675 5767 2725 5818 in
2753 5763 2812 5820 P.
2906 5767 2950 5799 ⁸⁷
2985 5764 3093 5820 τῶν
3123 5782 3230 5823 om.
3260 5768 3300 5820 tl
3335 5767 3395 5824 P.

2180 5548 2226 5580 “
2257 5548 2402 5618 σὼμ.
2428 5548 2551 5604 ὅλου
2582 5549 2639 5604 Β.
2743 5553 2788 5585 ⁸⁸
2824 5553 3001 5606 πάντα
3022 5570 3130 5606 orn.
3169 5557 3212 5607 A
3240 5553 3281 5608 Β
3301 5553 3364 5610 C.
3399 5548 3412 5552 “
3431 5548 3444 5556 ’
3469 5548 3528 5587 δ”
3559 5548 3673 5608 νευ-

2518 5621 2564 5658 ⁸⁹
2591 5622 2685 5675 καὶ
2725 5638 2833 5677 0m.
2864 5624 2925 5678 Β.
3026 5624 3072 5655 ⁵⁸
3113 5625 3278 5696 μέρος
3323 5641 3377 5677 τι
3404 5624 3586 5694 ὀλίγον
3615 5625 3670 5684 Β.

2574 5694 2618 5767 δέ
2653 5696 2855 5767 κινείτο
2884 5696 2925 5747 Α
2961 5695 3052 5767 Ρη
3111 5696 3158 5728 ⁸³
3177 5696 3306 5767 περὶ
3341 5697 3406 5751 C.
3483 5695 3676 5767 “iam

3511 5766 3558 5799 ιο
3589 5768 3673 5835 ιφ,
