3856 6396
158 368 295 427 “2|

1375 368 1461 422 DE
1503 367 1685 423 NATL'
1699 368 1788 421 BA
1829 364 2135 423 llOMlMS.

3279 372 3419 427 ΗΒ

229 480 473 544 Ταύταις
500 480 595 535 οὖν
630 485 753 547 ταῖς
780 482 931 553 τρισὶ
967 480 1265 551 δυνάμεσιν
1315 480 1518 545 ἔξωθεν
1552 481 1741 534 ἐπεισ-

1917 480 2114 543 Tribus
2145 482 2228 537 his
2246 481 2409 552 igitur
2436 502 2572 554 quas
2598 484 3019 541 memoravimus
3044 486 3415 556 facultatibus,

153 577 355 642 ἀγεται
375 574 435 628 τὸ
455 574 795 647 κατάλληλον
813 574 912 645 τῆς
938 573 1247 643 δυνάμεως.
1262 573 1361 627 Διὰ
1380 573 1481 644 μὲν
1504 573 1613 645 γὰρ
1642 574 1742 644 τῆς

98 671 107 751 ξ
151 666 391 737 τροφῆς,
438 666 497 721 αἱ
528 664 625 720 τοῦ
679 667 914 736 αἵματος
947 666 1127 736 πηγαὶ
1157 665 1215 733 ἐξ
1239 667 1451 738 ἥπατος
1483 665 1739 738 βρύουσι’

99 762 123 837 ι’
151 758 216 811 τδ
250 758 309 812 δὲ
349 758 645 831 δγκάρδιον
679 758 900 829 πνεῦμα
927 758 1016 813 διὰ
1043 758 1137 813 τοῦ
1175 759 1418 828 γείτονος
1447 759 1741 827 ἐπεισάγε-

151 867 247 903 ται
275 851 593 921 σπλάγχνου
615 866 630 880 ’
659 850 687 903 ὃ
716 852 761 884 ⁸⁸
786 850 1036 905 καλεῖται
1071 850 1170 921 μὲν
1218 849 1502 921 πνεύμων,
1533 850 1649 903 ἐστι
1684 848 1742 902 δὲ

150 940 252 996 τοῦ
281 943 329 975 ⁸⁸
359 944 525 1015 ἀέρος
555 942 765 1013 δοχεῖον
794 942 884 995 διὰ
913 943 1014 1013 τῆς
1040 942 1371 1013 ἐγκειμένης
1396 940 1543 1013 αὐτῷ
1575 942 1744 1015 ἀρτη-

155 1035 304 1104 ρίας,
339 1035 442 1103 τῆς
486 1034 581 1088 ἐπὶ
607 1034 669 1087 τὸ
700 1032 880 1105 στόμα
908 1031 1173 1104 ἀγούσης,
1204 1032 1263 1084 τὺ
1294 1030 1493 1095 ἔξωθεν
1526 1022 1744 1102 πνεῦμα

147 1124 218 1177 τὸ
253 1125 313 1177 ἐν
346 1125 469 1187 ταῖς
497 1123 801 1186 ἀναπνοαῖς
848 1120 1238 1193 ἐφελκόμενον.
1272 1120 1433 1175 Κατά
1462 1121 1522 1177 τὸ
1574 1122 1741 1194 μέσον

150 1217 209 1270 δὲ
243 1215 425 1269 αὐτῶν
468 1216 512 1248 ⁸¹
550 1216 585 1286 ή
631 1213 833 1286 καρδία
867 1213 1261 1285 ἐνειλημμένη,
1315 1212 1460 1266 κατά
1510 1211 1744 1283 μίμησιν

152 1310 256 1380 τῆς
304 1308 402 1363 τοῦ
466 1307 782 1381 ἀεικινήτου
831 1306 1006 1379 πυρὸς
1045 1306 1329 1377 ἐνεργείας
1382 1303 1745 1367 ἀδιαλείπτως

153 1403 253 1455 καὶ
282 1400 424 1473 αὐτὴ
453 1401 777 1472 κινουμένη,
811 1399 963 1455 ἕλκει
997 1399 1133 1472 πρὸς
1168 1398 1367 1468 ἑαυτὴν
1404 1399 1468 1452 ἐκ
1505 1396 1601 1451 τοῦ
1638 1415 1745 1451 πα-

155 1494 484 1566 ρακειμένου
528 1492 610 1565 τῷ
638 1493 909 1565 πνεύμονι
939 1493 984 1525 ⁸⁸
1035 1492 1255 1562 πνεῦμα
1306 1490 1654 1563 πληροῦσθαι
1697 1489 1744 1522 ⁸³

152 1590 220 1658 τῇ
257 1586 514 1658 διαστολῇ
562 1585 661 1649 τὰς
695 1585 1052 1656 κοιλότητας·
1099 1585 1195 1638 καὶ
1241 1583 1304 1637 τὸ
1351 1582 1602 1650 πυρῶδες
1643 1581 1745 1637 αύ-

152 1680 255 1749 τῆς
307 1678 355 1709 ⁸⁸
426 1678 824 1749 ἐκριπίζουσα,
900 1681 1023 1742 ταῖς
1100 1676 1390 1747 ἐχομέναις
1449 1675 1744 1748 ἀρτηρίαις

152 1774 376 1843 ἐμπνεῖ,
424 1775 520 1827 καὶ
569 1771 731 1826 τοῦτο
767 1770 1002 1825 ποιοῦσα
1052 1771 1113 1823 ού
1167 1768 1473 1823 διαλείπειο
1523 1768 1587 1822 τδ
1641 1768 1742 1839 μὲν

1843 572 1989 640 quod
2021 573 2218 641 cuique
2258 586 2542 644 congruat,
2575 576 2918 629 extrinsecus
2943 576 3412 631 subministratur.

1844 664 2145 734 Siquidem,
2181 666 2422 724 alimenti
2454 670 2648 739 gratia,
2700 685 2799 723 ceu
2846 668 3089 724 fonticuli
3136 671 3417 740 sanguinis

1843 772 1871 812 a
1917 756 2159 826 jecinore
2185 768 2427 826 scatent;
2461 776 2557 814 cor
2604 772 2784 814 autem
2810 762 2879 815 ab
2914 773 3059 826 exto,
3092 764 3180 817 cui
3216 779 3416 819 nomen

1842 849 2049 917 pulmo,
2078 850 2148 902 ob
2182 850 2301 919 ejus
2336 850 2589 905 viciniam
2636 852 2888 920 spiritum
2926 863 3228 909 mutuatur.
3278 853 3415 909 Nam

1842 940 2051 1010 pulmo,
2108 941 2321 995 arteriae
2370 956 2493 1011 qua
2546 942 2648 995 sibi
2686 942 2985 996 acclinatur
3025 944 3222 1009 ollicio,
3275 946 3422 999 aeris

1853 1030 2257 1100 receptaculum
2314 1041 2423 1098 est,
2457 1031 2549 1102 qui
2615 1032 2886 1101 spiritum,
2918 1034 3008 1103 qui
3063 1037 3422 1105 respiratione
3506 1068 3511 1085 κ

1844 1120 1914 1175 ab
1932 1120 2296 1177 exterioribus
2327 1121 2638 1186 attrahitur,
2667 1121 2735 1175 ad
2760 1138 2823 1178 os
2844 1124 3110 1193 perducit.
3142 1126 3244 1195 31
3277 1126 3417 1181 Cum

1845 1211 1899 1264 in
1933 1211 2114 1265 medio
2145 1210 2265 1281 ejus
2308 1226 2402 1267 cor
2435 1210 2702 1267 insertum
2752 1212 3036 1279 consistat,
3065 1216 3211 1283 quod
3245 1216 3419 1270 instar

1843 1311 2105 1371 perpetuo
2134 1302 2403 1357 moventis
2456 1302 2598 1373 ignis
2627 1317 2910 1372 nunquam
2950 1302 3232 1362 desinente
3263 1316 3418 1361 motu

1844 1402 2099 1472 agitatur,
2131 1401 2260 1456 dum
2287 1402 2406 1472 ejus
2435 1416 2566 1456 cava
2595 1416 2707 1471 pra:
2753 1401 2838 1456 sui
2878 1403 3194 1458 extensione
3222 1403 3419 1472 spiritu

1845 1495 2144 1573 replentur,
2180 1509 2343 1563 quem
2382 1494 2447 1548 ad
2480 1508 2539 1548 se
2576 1492 2647 1548 ab
2678 1491 2780 1548 sibi
2812 1492 3123 1548 adhaerente
3160 1494 3421 1563 pulmone

1842 1587 2085 1651 attrahit,
2135 1585 2287 1650 illud,
2318 1585 2543 1655 quodin
2592 1585 2711 1655 ipso
2770 1585 2986 1655 igneum
3033 1594 3116 1641 est
3163 1585 3418 1651 emando,

1844 1679 2062 1734 arteriis
2118 1693 2239 1748 quae
2290 1678 2365 1731 illi
2423 1676 2685 1747 proximae
2743 1686 2872 1733 sunt
2915 1678 3163 1748 inspirat,
3220 1687 3273 1733 et
3314 1678 3422 1746 hoc

1843 1770 2060 1841 quidem
2102 1785 2303 1825 munus
2361 1784 2640 1839 nunquam
2687 1768 2954 1824 destituit.
3001 1767 3277 1838 Siquidem
3326 1784 3425 1824 cor

153 1862 360 1927 ἔξωθεν
394 1862 486 1916 διὰ
513 1860 615 1933 τῆς
655 1860 946 1930 διαστολῆς
988 1862 1069 1923 είς
1097 1860 1199 1923 τὰς
1232 1859 1372 1924 ἰδίας
1417 1858 1739 1931 κοιλότητας

1848 1877 2003 1927 cava,
2037 1878 2159 1931 quae
2204 1862 2258 1916 in
2300 1862 2418 1932 ipso
2453 1870 2601 1925 sunt,
2650 1862 2702 1916 in
2743 1861 2826 1917 sui
2868 1862 3189 1917 extensione
3222 1862 3421 1932 spiritu

152 1952 415 2017 ἕλκουσα,
444 1951 507 2006 τδ
538 1951 594 2005 δὲ
625 1950 762 2020 παρ’
789 1949 993 2021 ἑαυτῆς
1016 1949 1060 1983 ⁸³
1081 1948 1171 2021 διὰ
1204 1944 1303 2019 τῆς
1332 1945 1601 2016 συστολῆς
1620 1946 1742 2009 ταῖς

154 2043 453 2115 ἀρτηρίαις
516 2040 843 2115 ἐκκρίνουσα
882 2019 963 2072 ⁸⁸⁸
994 2040 1024 2094 ὃ
1056 2019 1147 2111 μοι
1187 2040 1337 2093 δοκεῖ
1383 2038 1479 2092 καὶ
1516 2037 1619 2109 τῆς
1650 2038 1745 2092 αύ-

152 2138 396 2207 ¹τομάτου
425 2134 600 2206 αὐτῆς
644 2134 691 2166 ⁸⁷
742 2132 1023 2203 ἀναπνοῆς
1070 2132 1244 2187 αἴτιον
1292 2131 1426 2202 ἡμῖν
1468 2130 1739 2199 γίνεσθαι.

157 2230 431 2294 Πολλάκις
459 2229 570 2300 γὰρ
611 2228 641 2281 ό
677 2228 776 2299 μὲν
814 2226 941 2290 νοῦς
969 2226 1197 2296 ἄσχολός
1228 2226 1345 2277 ἐστι
1387 2224 1431 2255 ⁸⁸
1460 2223 1599 2296 πρὸς
1626 2222 1744 2275 ἐτέ-

160 2341 290 2396 ρους
335 2324 402 2389 ⁸⁸,
436 2322 469 2393 ἢ
515 2321 614 2376 καὶ
664 2320 1016 2376 παντάπασιν
1058 2320 1258 2389 ἠρεμεῖ
1288 2318 1356 2381 ⁷⁸,
1402 2316 1659 2379 λυθέντος
1685 2316 1744 2368 ἐν

155 2415 237 2488 τῷ
274 2415 429 2486 ὕπνῳ
469 2413 567 2469 τοῦ
601 2413 647 2448 ’⁸
699 2411 954 2484 σώματος
977 2425 992 2440 ·
1026 2411 1060 2483 ἡ
1094 2410 1151 2464 δὲ
1183 2408 1430 2480 ἀναπνοὴ
1454 2407 1550 2462 τοῦ
1582 2408 1745 2481 ἀέρος

154 2512 220 2564 ού
246 2510 516 2564 διαλείπει
563 2506 686 2579 μηδ’
713 2504 893 2561 ὁτιοῦν
921 2506 991 2567 ⁷⁸,
1039 2504 1412 2573 συνεργούσης
1460 2503 1541 2565 εἰς
1586 2500 1746 2555 τοῦτο

156 2602 260 2672 τῆς
289 2598 685 2672 προαιρέσεως.
725 2595 1017 2667 Ἀραιόςν³
1048 2611 1134 2658 τις
1164 2594 1241 2648 ὢν
1285 2595 1315 2648 ό
1348 2592 1614 2665 πνεύμων
1647 2592 1745 2646 καὶ

158 2692 465 2764 πολύπορος
504 2694 573 2757 ’⁵,
623 2691 720 2744 καὶ
754 2690 934 2752 πάσας
972 2688 1072 2751 τὰς
1128 2689 1203 2741 ἐνί
1232 2685 1383 2757 αὐτῷ
1414 2684 1746 2755 κοιλότητας

158 2785 300 2858 πρὸς
329 2783 421 2838 τδν
450 2781 701 2853 πυθμένα
730 2782 830 2853 τῆς
853 2778 1117 2851 τραχείας
1147 2777 1420 2849 ἀρτηρίας
1444 2776 1748 2846 ἀνισταμέ-

159 2896 259 2941 νας
284 2878 330 2909 ⁷⁸
360 2875 506 2947 ἔχει’
535 2872 927 2945 περιείληπται
962 2872 1018 2925 δὲ
1049 2872 1084 2942 ἡ
1114 2871 1311 2943 καρδία
1343 2867 1494 2939 αύτῷ
1535 2867 1603 2932 ⁷⁸,
1652 2867 1747 2921 καὶ

159 2955 528 3041 προσπέφυκε
558 2964 704 3020 κατά
730 2963 981 3018 ὀπίσθιον
1014 2963 1057 2994 ⁷⁷
1094 2963 1262 3033 μέρος
1293 2961 1487 3031 αὐτῆς.
1514 2960 1748 3013 Συστελ-

159 3064 394 3135 λόμενος
416 3063 464 3095 ⁷⁸
499 3064 600 3135 μὲν
626 3062 673 3095 ⁷⁸
698 3064 794 3116 κα)⁵
826 3060 1183 3133 συμπίπτων,
1214 3060 1277 3114 τὸ
1297 3058 1747 3131 ὲναποκρατηθέν

157 3157 330 3214 αὐτοῦ
363 3157 411 3189 ⁸⁸
445 3158 568 3219 ταῖς
619 3154 899 3225 κοιλότησι
933 3152 1152 3223 πνεῦμα
1181 3153 1454 3217 ἐκπιέζων
1480 3152 1523 3184 ⁸⁸
1558 3152 1744 3224 προΐε-

156 3202 253 3304 ⁴ζιζαι
275 3264 289 3279 ⁸
320 3202 625 3319 ύποχωρξῦν
668 3245 728 3299 δὲ
758 3202 853 3299 καλ⁸
885 3202 1625 3316 ἀνοιγόμενοςῐέ-πιὲπᾶταῖ
1772 3202 1817 3266 C

153 3341 259 3413 τῆς
284 3340 451 3412 ὁλκῆς
480 3339 574 3394 τὸν
591 3338 750 3411 ἀέρα·
775 3338 871 3392 καὶ
895 3337 1034 3407 αὕτη
1066 3339 1235 3401 ἐστὶν,
1261 3336 1336 3400 ὼς
1366 3335 1609 3407 εἴρηται,
1638 3334 1742 3406 τῆς

157 3433 533 3506 ἁπροαιρέτου
567 3431 906 3503 ἀναπνοῆςή
939 3430 1111 3486 αἰτία.
1141 3429 1234 3484 Διὸ
1264 3430 1360 3484 καὶ
1383 3428 1536 3499 παρὰ
1580 3426 1743 3498 φύσιν

158 3526 517 3591 ἐπιταθέντος
548 3526 682 3580 ποτὲ
715 3525 762 3557 ⁸⁸
789 3522 886 3578 τοῦ
929 3523 1030 3595 τῆς
1059 3523 1290 3595 καρδίας
1340 3523 1626 3594 πυρώδους
1672 3520 1741 3588 ⁸⁸,

159 3626 231 3677 ἐκ
268 3617 581 3692 φλεγμονῆς
629 3615 819 3688 τυχὸν,
849 3616 884 3687 ἦ
915 3632 1063 3678 τινος
1102 3614 1292 3679 πόνου,
1327 3614 1388 3667 τὸ
1419 3609 1606 3683 ἆσθμα
1632 3611 1744 3665 τῶν

156 3710 479 3781 ἀλγούντων
503 3706 898 3777 συνεχέστερον
918 3702 1153 3773 γίνεται,
1173 3702 1268 3757 καὶ
1285 3701 1379 3756 τοῦ
1410 3700 1551 3756 κατὰ
1580 3700 1742 3771 φύσιν

164 3803 499 3877 μικρότερον
528 3798 626 3854 καλ⁵
654 3797 988 3868 πυκνότερον
1017 3796 1097 3829 ⁸⁵·
1126 3796 1223 3850 καὶ
1255 3795 1584 3868 μικρότερον
1618 3793 1740 3865 μὲν,

160 3900 255 3952 ῖνα
284 3895 360 3969 μὴ
391 3893 755 3965 σφοδρότερον
779 3890 991 3962 πλήττῃ
1013 3908 1067 3943 τι
1097 3890 1194 3944 καὶ⁵
1222 3890 1506 3944 ὀδυνᾶται·
1538 3888 1742 3942 πυκνό-

160 4004 326 4059 τερον
368 3986 449 4051 δὲ,
475 3984 566 4037 ἵνα
612 3982 674 4036 τὸ
706 3981 896 4051 λεῖψαν
922 3979 1065 4035 κατά
1117 3979 1352 4052 μέγεθος
1385 3980 1419 4052 ἡ
1468 3980 1745 4049 πυκνότης

160 4074 578 4148 ἀναπληρώσῃ·
614 4074 807 4145 ὥσπερ
840 4073 1205 4145 ἐπειγομένης
1249 4073 1350 4144 τῆς
1380 4071 1609 4144 καρδίας
1652 4072 1744 4125 τὸν

164 4169 483 4243 ἐμπεσόντα
540 4167 682 4238 αὐτῇ
736 4164 981 4237 φλογμὸν
1015 4164 1095 4235 τῷ
1131 4162 1459 4237 νεαρωτέριρ
1492 4164 1589 4218 καὶ
1632 4163 1738 4235 ψυ-

164 4266 413 4337 χροτέρῳ
434 4264 481 4296 ⁸³
505 4260 783 4331 πνεύματι
813 4258 1175 4313 κατασϐέσαι.

1846 1954 2035 2023 replet.
2068 1951 2236 2019 Idem,
2265 1967 2375 2024 prae
2407 1952 2491 2007 sui
2516 1952 2912 2017 contractione,
2935 1953 2989 2006 in
3012 1951 3240 2008 arterias
3261 1966 3421 2008 eum-

1842 2044 1963 2101 dem
1990 2042 2253 2109 excernit,
2284 2052 2337 2098 et
2368 2044 2483 2098 haec
2510 2052 2822 2113 Spontaneae
2852 2043 3077 2109 spiritus
3107 2046 3421 2114 reciproca-

1843 2136 2011 2191 tionis
2055 2150 2219 2189 causa
2276 2150 2396 2190 esse
2452 2134 2504 2188 in
2562 2134 2719 2188 nobis
2772 2132 3121 2191 manifestum
3167 2135 3420 2191 habetur.

1842 2227 1993 2283 Mens
2025 2238 2229 2291 autem,
2261 2228 2474 2282 tametsi
2524 2242 2900 2297 saepenumero
2944 2227 3092 2281 circa
3122 2225 3227 2281 alia
3272 2238 3421 2297 agat,

1842 2336 1965 2392 quae
2011 2319 2237 2373 omnino
2285 2320 2590 2387 quiescunt,
2623 2327 2887 2381 attamen,
2919 2333 3041 2373 cum
3085 2333 3285 2388 corpus
3319 2334 3426 2373 no-

1844 2422 2018 2469 strum
2048 2412 2102 2466 in
2145 2428 2396 2467 somnutu
2430 2410 2738 2477 resolvitur,
2796 2411 2941 2465 acris
2970 2410 3257 2481 respiratio
3308 2426 3420 2466 non

1843 2505 2093 2568 desistit,
2140 2504 2260 2574 ipsa
2291 2503 2571 2558 voluntate
2606 2519 2672 2557 ne
2696 2502 2967 2558 tantillum
2988 2502 3208 2573 quidem
3237 2504 3291 2558 in
3317 2505 3424 2559 hoc

1843 2610 2190 2669 cooperante.
2216 2596 2350 2651 Cum
2383 2606 2563 2652 autem
2594 2597 2780 2667 pulmo
2829 2611 2954 2651 rara
2983 2596 3219 2666 quadam
3245 2604 3421 2649 mate-

1844 2692 1923 2747 ria
1948 2698 2199 2753 constet,
2229 2700 2283 2743 et
2312 2688 2727 2761 quamplurimis
2750 2688 3017 2743 meatibus
3042 2687 3302 2758 praeditus
3325 2688 3422 2751 sit,

1844 2800 2046 2846 etcum
2078 2803 2309 2859 quaeque
2362 2788 2482 2857 ejus
2513 2803 2648 2842 cava
2687 2787 2893 2842 hiantia
2924 2787 2991 2841 ad
3046 2801 3255 2856 aspera:
3280 2794 3422 2840 arte-

1846 2882 1942 2937 ria:
1967 2880 2196 2935 fundum
2220 2880 2515 2945 contineat,
2538 2896 2655 2946 cor,
2679 2880 2979 2950 posteriore
2995 2880 3080 2934 sui
3099 2890 3254 2949 parte
3275 2885 3420 2946 arte-

1846 2976 1941 3031 ria:
1970 2974 2274 3039 adhaerens,
2304 2982 2358 3028 et
2386 2972 2633 3043 pulmoni
2679 2972 3064 3042 complicatum
3114 2970 3244 3025 dum
3279 2983 3418 3024 con-

1852 3066 2109 3131 trahitur,
2132 3081 2197 3121 ac
2223 3065 2482 3131 concidit,
2504 3079 2613 3133 prae
2639 3064 2722 3118 sui
2753 3064 3122 3119 contractione
3145 3062 3425 3133 spiritum,

1847 3176 2008 3230 quem
2062 3159 2117 3212 ir.
2175 3159 2323 3214 cavis
2367 3158 2483 3215 suis
2542 3158 2790 3225 partibus
2844 3156 3223 3221 continuerat,
3270 3164 3425 3211 extra

1847 3250 2090 3306 emittit:
2136 3250 2264 3305 dum
2300 3265 2431 3304 vero
2477 3248 2840 3317 distenditur],
2882 3254 3270 3315 reseraturque
3314 3259 3428 3315 pm

1848 3344 1934 3399 sui
1982 3351 2180 3407 tractu,
2230 3357 2410 3397 aerem
2446 3341 2646 3405 sumit;
2691 3348 2743 3393 et
2783 3339 2921 3403 iure,
2961 3347 3022 3392 ut
3062 3336 3420 3397 asseruimus,

1848 3446 2164 3505 spontaneae
2205 3434 2429 3505 spiritus
2483 3432 2931 3502 reciprocationis
2972 3445 3139 3485 causa
3172 3430 3423 3483 habetur.

1848 3528 2251 3597 Quamobrem,
2303 3526 2349 3583 si
2405 3525 2625 3597 quando
2681 3523 2863 3579 cordis
2936 3522 3172 3577 calorem
3233 3528 3431 3590 praeter

1847 3620 2145 3691 legitimum
2174 3627 2387 3674 natura:
2414 3617 2683 3681 ordinem,
2719 3624 2933 3671 tumore
2988 3613 3071 3667 vel
3106 3612 3295 3667 dolore
3324 3611 3427 3667 ali-

1848 3726 1957 3781 quo
1983 3717 2247 3765 causante
2267 3706 2725 3763 vehementiorem
2760 3717 2883 3759 esse
2904 3701 3216 3773 contigerit,
3260 3700 3313 3755 in
3338 3699 3428 3754 his

1849 3805 1939 3875 qui
1982 3811 2266 3875 aegrotant,
2300 3801 2474 3871 magis
2502 3799 2783 3865 assiduus,
2818 3797 3145 3865 breviorque
3195 3810 3260 3850 ac
3292 3810 3426 3849 cnn-

1849 3894 2064 3949 citatior
2096 3909 2259 3963 quam
2293 3902 2507 3947 natura:
2536 3891 2721 3960 exigat
2757 3889 2917 3953 ordo,
2946 3888 3219 3943 anhelitus
3248 3886 3428 3941 cerni-

1852 3995 1958 4038 tur.
1990 3982 2056 4037 Et
2088 3985 2188 4038 bac
2214 3983 2434 4051 quidem
2460 3981 2528 4036 de
2560 3994 2747 4044 causa,
2786 3990 2983 4034 natura
3036 3978 3153 4047 ipsa
3195 3976 3249 4031 in
3293 3975 3426 4030 alie-

1847 4074 1950 4129 ctis
2006 4074 2308 4129 breviorem
2354 4087 2421 4127 ac
2447 4071 2863 4126 concitatiorem
2917 4069 3215 4123 anhelitum
3243 4066 3429 4131 emcit,

1794 4204 1799 4209 -
1847 4181 1935 4229 ne,
1963 4166 2007 4220 si
2067 4165 2359 4220 vehemens
2416 4162 2705 4234 ingruerit,
2740 4162 3176 4216 vehementiores
3230 4157 3434 4213 inferat

1847 4254 2009 4319 ictus,
2027 4264 2081 4309 et
2106 4254 2280 4309 aﬂ‘ecti
2300 4253 2640 4325 gravioribus
2660 4251 2942 4307 doloribus
2954 4249 3174 4305 obnoxii
3192 4249 3433 4305 reddan-

163 4367 281 4413 tur.
316 4351 715 4411 Concitationis
734 4364 864 4405 vero
894 4349 1008 4404 hzec
1037 4364 1201 4405 causa
1232 4348 1485 4415 habetur,
1516 4358 1575 4403 ut
1605 4346 1749 4417 quod
1788 4346 1854 4400 de
1911 4346 2283 4417 magnitudine
2326 4343 2653 4408 detrahitur,
2727 4343 3023 4398 concitatio
3070 4342 3185 4411 ipsa
3240 4354 3433 4395 corro-

161 4457 408 4521 get,quo
426 4442 733 4501 festinantis
757 4440 939 4497 cordis
968 4440 1344 4508 inﬂammatio,
1377 4456 1500 4513 qua:
1526 4441 1579 4495 in
1630 4440 1809 4510 ipsum
1849 4438 2077 4505 incidit,
2124 4436 2441 4494 recentioris
2491 4434 2894 4507 frigidiorisque
2927 4432 3085 4487 ﬂatus
3138 4432 3188 4486 vi
3238 4430 3432 4486 reddac

164 4555 262 4599 tur
290 4542 579 4598 exstincta.

245 4704 498 4769 Τινὲςδὶ
526 4702 763 4773 φυσικὴν
794 4701 955 4774 μόνον
976 4698 1239 4769 ἐνόμισαν
1271 4696 1318 4728 ⁸⁸
1338 4696 1440 4767 τὴν
1472 4692 1744 4761 ἀναπνοὴν

1932 4693 2178 4756 Interea,
2234 4688 2465 4759 spiritus
2503 4684 2987 4755 reciprocationem
3042 4682 3291 4738 nonnulli
3330 4696 3434 4739 na-

166 4794 316 4853 εῐναι
340 4812 355 4827 ·
406 4796 507 4850 οὐκ
546 4795 665 4850 ἐστι
695 4794 786 4848 δέ·
820 4792 956 4847 ἀλλά
991 4792 1086 4845 καὶ
1120 4788 1330 4860 ψυχικὴ
1374 4787 1479 4841 και
1504 4786 1709 4856 φυσική
1730 4798 1745 4812 ‘

168 4889 495 4960 συνεπλάκη
523 4888 633 4960 γὰρ
654 4887 735 4958 τῷ
764 4885 985 4957 ψυχικῷ
1010 4884 1073 4937 τὸ
1109 4881 1359 4952 φυσικόν.
1406 4880 1473 4933 Ἢ
1508 4880 1605 4949 μὲν
1646 4878 1755 4948 γὰρ

166 4983 408 5039 κινοῦσα
434 4982 507 5036 τὰ
536 4980 747 5052 ὄργανα
775 4980 1027 5049 δύναμις,
1072 4975 1312 5046 ψυχική·
1343 4976 1376 5044 ἡ
1405 4972 1465 5026 δὲ
1494 4971 1752 5043 ἀρτηρία,

164 5075 241 5128 δι’
275 5070 345 5146 ἦς
388 5075 425 5143 ἡ
455 5072 711 5143 ἐνέργεια
752 5069 1011 5135 τελεῖται,
1058 5067 1291 5136 ὄργανόν
1335 5064 1451 5117 ἐστι
1504 5062 1751 5132 φυσικὸν,

168 5168 272 5221 καὶ
311 5167 355 5198 ⁸⁷
393 5163 481 5219 ἀεὶ
513 5162 863 5235 κινούμενον.
896 5161 1082 5216 Πάντα
1117 5161 1174 5214 δὲ
1206 5158 1275 5213 τά
1300 5156 1571 5231 όργανικά
1594 5155 1750 5223 λεγό-

243 5388 292 5421 ⁵⁸
324 5389 353 5441 ό
379 5402 488 5441 om.
525 5385 588 5439 (3.

664 5386 709 5418 ‘°
740 5385 836 5439 τοῦ
868 5398 979 5439 om.
1006 5382 1047 5439 C
1076 5380 1134 5436 Ρ.
1212 5381 1254 5412 ⁸¹
1290 5377 1380 5433 Sic
1420 5378 1485 5442 C,
1513 5377 1677 5432 αὑτὸν
1706 5376 1771 5430 Α.

1860 4792 1993 4837 tura:
2036 4792 2246 4837 tantum
2297 4780 2472 4837 ofﬁcio
2528 4777 2817 4851 provenire
2862 4790 2969 4830 non
3020 4785 3162 4831 recte
3209 4774 3428 4845 quidem

1856 4875 1957 4930 rati
1977 4885 2124 4937 sunt,
2153 4874 2357 4945 quippe
2376 4886 2497 4943 qua:
2512 4881 2626 4926 tum
2646 4880 2871 4934 natura,
2889 4878 3002 4923 tum
3031 4867 3227 4921 anima:
3252 4866 3429 4921 otlicio

1857 4966 2161 5035 provenit:
2224 4963 2331 5034 32
2380 4962 2660 5017 enimvero
2716 4959 2962 5017 naturale
3014 4974 3141 5014 cum
3206 4958 3430 5012 animali

1858 5067 2169 5114 consertum
2193 5056 2427 5112 exsistit.
2465 5052 2555 5109 Vis
2596 5068 2830 5121 namque
2868 5066 2899 5105 a
2937 5066 3043 5121 qua
3070 5052 3435 5106 instrumenta

1858 5160 2149 5209 moventur
2190 5149 2387 5204 anima:
2427 5156 2548 5215 est;
2603 5145 2804 5200 arteria
2849 5158 3015 5209 vero,
3058 5158 3166 5212 qua
3224 5151 3434 5195 natura:

1848 5376 1892 5407 ⁸⁸
1924 5389 2131 5442 παρακ.
2160 5366 2472 5442 πλεύμονος
2496 5365 2628 5442 C_P_._
2703 5359 3157 5442 ⁸ξ-τξληροῦσακϐ.
3199 5360 3437 5442 ’ξι-ἐαυ.

168 5462 273 5531 τῆς
299 5430 488 5513 dm."-
514 5430 647 5527 παρ’
672 5430 979 5519 ἑαύτοῖξδί
1012 5430 1095 5485 *⁸⁸
1121 5430 1572 5522 εἰσκρίνουσσίϐξ
1615 5449 1658 5478 ⁸⁷
1695 5446 1899 5515 ταύτης
1924 5445 1965 5498 C
1990 5430 2051 5497 Ρ.
2127 5441 2173 5473 ⁸⁸
2196 5430 2508 5509 ἀσχολεῖται
2529 5436 2570 5491 C
2594 5436 2653 5489 Ρ.
2731 5434 2775 5465 ⁸⁸
2804 5430 2969 5504 ἕτερα
2999 5430 3041 5486 C
3060 5432 3121 5486 P.
3199 5431 3243 5462 "
3270 5432 3437 5553 ἠρκε-

179 5532 271 5553 ---9
304 5529 327 5553 Δ
454 5528 498 5553 τι
528 5527 604 5553 -.~.
642 5527 663 5553 Δ
788 5527 834 5553 η
871 5523 1083 5553 -.v.-.-.-...
1120 5524 1146 5553 Α
1270 5522 1317 5553 η
1350 5519 1509 5553 ,τηλία
1534 5518 1574 5553 Ρ
1640 5517 1831 5553 Ann.»-
1865 5515 1974 5553 vam
2002 5514 2041 5553 Ρ
2138 5512 2185 5543 τι
2214 5508 2546 5553 πολύπειρος
2582 5507 2643 5553 C.
2726 5505 2771 5537 "
2802 5502 3261 5553 ἀνεστοηωηένας
3292 5504 3334 5553 (Α
3416 5540 3433 5553 .

454 5528 498 5559 ⁷⁸
521 5502 766 5597 τξῘΑἮΠ
785 5502 1083 5579 37302106»;
1110 5502 1317 5578 Ᾱῖηι
1349 5502 1597 5590 ἀρεὸςο,
1639 5517 1831 5589 ἀραιὸς
1856 5502 1974 5585 ’γὰρ
2002 5514 2061 5568 P.
2138 5512 2185 5543 “
2214 5502 2546 5572 πολύπειοος
2582 5507 2643 5561 C.
2726 5505 2771 5537 ’⁸
2802 5502 3334 5605 ἀνεστομωμέναςιίέ

130 5610 139 5650 ἲ
173 5671 225 5705 ’⁸
262 5669 414 5725 αὐτῶ
436 5685 547 5724 om.
588 5667 652 5725 C.
728 5666 1010 5738 ⁷⁷κεφαλὴ
1040 5665 1101 5738 τὸ
1126 5664 1218 5718 όπ.
1269 5663 1311 5720 C
1340 5662 1398 5717 P.
1487 5661 1532 5693 ’⁸
1565 5656 1970 5738 συστελλομένη

2168 5651 2217 5685 ’⁸
2251 5650 2308 5704 δέ
2339 5649 2384 5703 Δ
2409 5647 2451 5703 Β
2480 5647 2542 5703 C.
2607 5646 2653 5678 ⁸⁸
2682 5644 2832 5699 αύτῶ
2864 5644 2925 5701 C.
2995 5645 3040 5679 ⁸⁸
3082 5589 3339 5706 Exarsit:
3361 5597 3447 5695 Aa

170 5740 224 5774 ⁸⁸
1050 5712 1111 5770 ⁷⁸⁸
1132 5712 1369 5790 Vrtur/v01:
1386 5712 1452 5790 vx.
1489 5712 1710 5805 μικροτ.
1749 5712 1847 5785 Δ.’
1890 5728 1936 5759 ⁸⁸
1958 5712 2026 5779 ’τὸ
2049 5721 2387 5797 νεαρώτερον
2421 5738 2476 5775 κ·
2510 5717 2843 5792 ψυχρότερον
2868 5718 2935 5773 Α·
3023 5715 3069 5749 ’⁸
3107 5712 3338 5783 ἐνόησαν
3360 5712 3439 5777 A’

170 5811 222 5846 ⁸⁷
248 5812 342 5867 καὶ
373 5826 482 5868 om.
517 5810 603 5891 ϐε
