3856 6394
425 393 452 448 1
471 391 569 448 113
1736 378 2006 437 MELETll

2118 381 2375 439 omam
3443 384 3451 392 ·
3563 335 3702 445 nsi

420 513 566 567 actio
615 505 932 578 perﬁcitur,
981 510 1193 559 natura:
1251 509 1676 557 tnstrumentum
1708 541 1723 566 ,
1780 510 1836 554 et
1892 516 2006 572 per-

2118 517 2255 572 μενα
2287 501 2474 571 μόρια,
2513 499 2608 555 καὶ
2635 503 2735 558 ὅσα
2761 502 2850 558 διὰ
2879 507 3089 579 νεύρων
3117 503 3212 558 καὶ
3245 505 3397 575 μυῶν
3434 509 3704 570 κινεῖται,

423 603 566 676 petui
603 610 788 654 motus
843 605 927 652 est
961 615 974 651 :
1003 597 1272 665 siquidem
1313 595 1584 650 universae
1637 601 1840 664 partes,
1882 608 2006 663 quae

2118 592 2316 662 ψυχικά
2345 593 2405 647 τέ
2458 594 2577 648 ἐστι
2621 595 2716 648 καὶ
2765 597 2911 651 κατὰ
2939 597 3263 670 προαίρεσιν
3310 599 3702 653 ἀποτελεῖταιο

421 691 868 751 instrumentales
896 697 1362 760 nuncupantur,et
1383 702 1504 757 quae
1525 701 1817 740 nervorum
1854 701 2006 740 mus-

2118 687 2251 756 πλὴν
2279 690 2379 758 τῆς
2432 689 2740 760 ἀναπνοῆς·
2775 689 2915 762 αὕτη
2949 693 3060 764 γάρ
3102 693 3266 764 μικτή
3297 692 3358 746 τέ
3411 695 3590 759 ἐστιν,
3625 695 3704 757 ὡς
3749 699 3759 764 l

420 788 780 854 colorumque
811 782 997 838 oftlcio
1037 790 1246 836 motum
1294 771 1581 850 peragunt,
1641 787 1696 833 et
1743 777 2006 832 animales

2118 781 2395 851 ἐδείξαμεν
2410 781 2480 846 ⁸⁸,
2509 785 2605 838 καὶ
2633 785 3019 857 ἀπροαιρέτως
3050 787 3395 843 ἀποτελεῖται
3418 787 3488 822 ⁸⁹⁶
3521 792 3706 859 ἀπρο-

417 887 570 941 sunt,
589 886 643 932 et
663 877 728 933 ad
757 875 1044 932 arbitrium
1071 883 1319 930 nostrum
1335 873 1710 943 perﬁttittnlur,
1730 869 1843 926 sola
1866 870 2006 924 dun-

2118 874 2346 945 αιρὲτως
2369 875 2425 928 δὲ
2453 877 2548 930 καὶ
2578 880 2610 948 ἡ
2643 877 2916 949 αὐξητικὴ
2957 878 3054 932 καὶ
3083 881 3117 950 ἠ
3148 879 3418 952 θρεπτικὴ
3452 880 3551 934 τοῦ
3595 883 3698 934 σῶα

420 981 571 1027 taxat
604 970 832 1041 spiritus
861 967 1293 1038 reciprocatione
1311 973 1558 1034 excepta,
1585 977 1727 1034 qute,
1761 969 1821 1017 ut
1853 976 2006 1016 asse-

2118 981 2286 1035 ματος
2339 964 2571 1037 δύναμις
2615 967 2686 1033 ⁸⁸,
2733 969 2963 1036 φυσικαὶ
3016 965 3209 1025 οὖσαι·
3267 971 3404 1025 ἀλλά
3431 973 3475 1005 ⁸⁸
3518 973 3618 1026 καὶ
3665 975 3698 1042 ἡ

422 1066 656 1126 ruimus,
685 1078 809 1118 cum
845 1062 1132 1130 utriusque
1165 1057 1433 1129 particeps
1451 1059 1526 1121 lit,
1561 1057 1730 1111 invito
1783 1055 2005 1109 animali

2118 1056 2425 1129 σφυγμικὴ,
2463 1058 2669 1131 ξωτικὴ
2714 1055 2870 1114 οὖσα.
2921 1061 2986 1115 Ἦ
3012 1062 3071 1116 δὲ
3097 1062 3222 1118 καθ’
3250 1065 3432 1135 ὁρμὴν
3479 1066 3700 1135 κίνησις

420 1158 722 1228 perﬁcitur.
763 1153 870 1209 Sed
902 1162 957 1209 et
1004 1153 1254 1222 corporis
1285 1149 1592 1215 facultates,
1622 1159 1736 1203 tum
1765 1147 2003 1210 auctiva,

2112 1147 2264 1216 καὶὴ
2295 1150 2571 1220 αἴσθησις,
2605 1149 2857 1222 ψυχικαί.

421 1264 536 1310 tum
593 1250 871 1320 vegetalis,
913 1264 1038 1318 qua:
1095 1247 1374 1301 naturales
1432 1255 1582 1308 sunt,
1631 1251 1684 1299 et
1736 1242 2006 1313 pulsatilis
2044 1241 2207 1296 etiam
2239 1258 2362 1314 quae
2414 1245 2621 1310 vitalis,
2682 1245 2834 1301 nullo
2898 1249 3071 1303 nostri
3123 1247 3336 1304 arbitrii
3384 1250 3695 1304 ministerio

427 1346 685 1415 .ndigent.
724 1341 901 1396 Motus
928 1356 1076 1406 vero,
1121 1339 1212 1408 qui
1252 1355 1376 1395 cum
1413 1339 1647 1408 impetus
1677 1336 1755 1399 ﬁt,
1787 1345 1842 1392 et
1869 1351 2064 1392 sensus
2095 1335 2210 1407 ipse
2253 1336 2322 1391 ad
2355 1339 2594 1393 animam
2624 1339 2877 1394 refertur.

493 1436 638 1504 Quot
698 1451 934 1507 namque
999 1435 1360 1489 instrumenta
1418 1433 1642 1502 spiritus
1696 1432 2001 1500 reciproca-

417 1529 555 1584 tioni
607 1527 927 1589 inserviant,
978 1534 1032 1580 et
1085 1531 1220 1596 quot
1265 1524 1386 1592 ejus
1421 1538 1600 1577 causze
1653 1521 2000 1576 discrimina-

414 1638 526 1691 que
559 1620 879 1679 habeantur,
939 1619 992 1672 in
1039 1616 1329 1687 praesentia
1371 1614 1538 1670 missa
1574 1612 1860 1668 faciemus.
1901 1611 1996 1667 Ve-

417 1729 565 1776 rum,
600 1728 723 1768 cum
761 1727 857 1764 cor
906 1711 1084 1780 ipsum
1131 1709 1443 1780 pulmonem
1492 1715 1616 1778 post
1663 1722 1722 1762 se
1763 1705 1998 1776 positum

419 1805 636 1868 habeat,
687 1803 838 1857 illum
885 1817 951 1855 eo
1001 1809 1158 1870 pacto
1200 1815 1312 1870 quo
1342 1815 1512 1868 nuper
1558 1799 1895 1853 asseruimus
1932 1796 2001 1852 ad

420 1907 630 1950 titulum
674 1895 879 1965 dirigit.
912 1893 1048 1947 Cum
1099 1901 1281 1946 autem
1319 1891 1496 1961 ipsum
1545 1906 1611 1946 ex
1661 1892 1894 1945 adverso
1927 1890 2004 1946 si-

419 2005 526 2043 nus
574 1986 877 2057 superioris
931 1986 1141 2040 ventris
1187 1983 1495 2048 consistat,
1551 1983 1788 2037 calidum
1850 1982 2002 2037 illum

417 2092 585 2152 atque
612 2079 680 2135 ad
715 2093 932 2150 propria
960 2077 1144 2131 munia
1175 2075 1479 2146 peragenda
1501 2075 1755 2130 mobilem
1785 2074 1960 2129 reddit
1987 2093 2000 2129 :

420 2192 530 2229 non
563 2175 708 2242 quod
763 2172 940 2241 ipsum
990 2168 1455 2239 quemadmodum
1510 2178 1564 2223 et
1596 2167 1910 2240 pulmonem
1935 2166 2004 2222 ad

417 2268 669 2338 spiritum
689 2262 1093 2331 attrahendum,
1115 2261 1208 2318 sed
1234 2276 1343 2331 quo
1365 2275 1662 2332 congruum
1686 2261 2002 2315 alimentum

419 2362 734 2414 desumeret
765 2356 993 2412 excitat.

496 2449 616 2504 Huc
650 2449 790 2504 adde
840 2448 988 2518 quod
1025 2461 1152 2501 cum
1179 2461 1272 2500 cor
1299 2446 1476 2516 ipsum
1520 2444 1661 2499 inter
1693 2445 2004 2515 pulmonem

419 2553 778 2610 ventremque
825 2539 1069 2594 medium
1115 2542 1399 2600 consistat,
1450 2538 1604 2591 alteri
1661 2539 1886 2608 spiritus
1917 2554 2008 2592 re-

417 2635 835 2707 ciprocationis,
891 2634 1071 2700 alteri,
1129 2647 1253 2704 quae
1283 2633 1350 2686 ad
1390 2631 1706 2686 alimentum
1748 2631 2002 2694 attinent,

420 2730 709 2784 facultates
775 2727 1104 2800 impertitur.
1159 2723 1368 2780 Meatus
1406 2732 1586 2778 autem
1650 2734 2005 2795 utrorumque

417 2839 486 2877 ex
511 2823 629 2893 pari
656 2821 720 2876 ad
751 2835 814 2876 os
843 2820 1034 2876 directi
1060 2819 1333 2874 visuntur.
1370 2817 1534 2887 Atqui
1558 2817 1836 2888 pulmonis
1859 2832 2006 2871 mea—

420 2925 513 2970 tus
532 2931 634 2978 est,
653 2929 844 2985 aspera
869 2913 1089 2978 arteria,
1113 2913 1254 2967 alter
1271 2925 1399 2966 vero
1416 2911 1621 2966 ventris
1645 2909 1771 2980 gula
1795 2924 2007 2963 nuncu-

422 3020 604 3078 putttt'.
633 3007 907 3074 Quoniam
961 3020 1094 3062 vero
1146 3013 1336 3060 venter
1385 3002 1758 3058 concoctionis
1808 3001 2008 3056 instru-

421 3113 668 3156 mentum
717 3109 800 3155 est
845 3100 864 3172 (
898 3100 950 3154 in
983 3099 1102 3170 ipso
1131 3098 1278 3154 enim
1332 3112 1452 3169 qua:
1489 3112 1620 3152 esus
1661 3095 1902 3150 absumit
1949 3095 2002 3150 in
2033 3134 2076 3194 ο

424 3207 651 3247 succum
671 3191 1002 3263 vertuntur),
1029 3189 1301 3260 exemplo,
1327 3203 1450 3258 qua:
1472 3187 1528 3243 in
1550 3187 1668 3258 ipso
1685 3185 1803 3242 fieri
1827 3185 2009 3242 solent

424 3285 745 3359 pianissime
795 3282 1317 3340 demonstrabimus.
1356 3279 1828 3348 Quemadmodum
1859 3279 2006 3334 enim

423 3398 489 3436 ex
537 3380 718 3435 tritico
757 3393 880 3433 cum
913 3377 1072 3432 molae
1111 3375 1401 3432 adhibetur
1453 3371 1630 3429 farina
1683 3371 1765 3437 fit,
1810 3371 2008 3426 dehinc

424 3475 542 3544 ipsa
575 3488 732 3543 aqua:
771 3470 1098 3526 admistione
1128 3468 1183 3524 in
1230 3482 1470 3524 massam
1503 3464 1783 3536 redigitur,
1817 3464 2005 3535 quain

423 3565 647 3620 fornace
676 3565 924 3625 decocta.
972 3570 1028 3618 et
1059 3578 1160 3618 nos
1181 3560 1475 3623 vescimur,
1500 3569 1554 3615 et
1592 3558 1716 3614 aliis
1764 3556 2010 3628 imperti-

425 3673 581 3713 mur:
613 3656 778 3727 hujus
817 3654 1035 3726 quidem
1092 3653 1338 3707 muneris
1365 3661 1555 3706 nostro
1587 3650 1638 3704 in
1666 3663 1898 3718 corpore
1928 3648 2007 3704 si-

426 3752 556 3806 mile
577 3750 850 3822 quoddam
873 3747 1138 3804 cernitur.
1174 3745 1456 3816 Siquidem
1477 3744 1660 3799 cibum
1681 3742 1860 3813 ipsum
1882 3742 2011 3797 dett-

425 3847 562 3900 tium
579 3840 901 3898 conficimus
917 3836 1113 3904 ofﬁcio,
1138 3837 1232 3908 qui
1259 3847 1384 3908 potu
1419 3836 1655 3893 admisto
1683 3836 1735 3890 in
1761 3843 2006 3890 ventrem

423 3935 747 3991 demittitur.

490 4026 599 4082 Sed
630 4023 892 4098 quoniam
925 4022 1041 4092 ipse
1063 4019 1362 4092 33,utita
1384 4020 1586 4086 dicam,
1619 4018 1864 4074 fornacis
1892 4017 2010 4073 vice

430 4120 486 4175 in
516 4120 907 4189 concoqueudo
928 4131 1091 4186 pane,
1130 4115 1198 4170 ad
1224 4128 1410 4170 eorum
1445 4112 1852 4168 concoctionem
1888 4111 2008 4183 plu-

428 4216 574 4270 rimo
601 4212 786 4268 calore
819 4209 1045 4279 indiget,
1080 4223 1197 4274 cor,
1245 4207 1315 4262 ab
1343 4207 1486 4277 ipso,
1523 4219 1632 4276 quo
1667 4205 2012 4262 asseruimus

427 4305 616 4370 n-odo,
665 4315 923 4373 superne,
977 4315 1045 4356 ex
1093 4299 1327 4355 adverso
1389 4298 1554 4354 situm
1609 4297 1884 4365 obtinens,
1919 4314 2012 4354 ca-

427 4401 600 4456 iorem
664 4395 768 4452 sibi
817 4394 1027 4467 justum
1075 4391 1406 4463 suppeditat.
1467 4390 1632 4461 Atqui
1696 4400 1752 4446 et
1805 4391 2008 4461 jecur,

2179 1429 2388 1499 Πόσαῇν⁸
2416 1431 2474 1486 δὲ
2493 1431 2706 1504 ὄργανα
2726 1437 2827 1506 τῆς
2842 1435 3139 1505 ἀναπνοῆς,
3167 1435 3260 1488 καὶ
3277 1435 3424 1490 πόσα
3448 1436 3603 1491 αἴτια
3625 1441 3687 1494 ⁸³.

2107 1522 2203 1576 καὶ
2257 1525 2420 1578 πόσαι
2453 1525 2664 1598 ταύτης
2717 1528 3014 1601 διαφοραὶ,
3063 1531 3123 1582 οὐ
3174 1529 3270 1584 νῦν
3302 1529 3420 1585 ἐστι
3472 1532 3693 1602 λέγειν·

2109 1613 2251 1687 πλὴν
2286 1616 2403 1670 ἀλλ’
2431 1618 2464 1689 ἠ
2498 1618 2698 1689 καρδία
2730 1620 2962 1674 κατόπιν
3001 1621 3094 1674 τὸν
3141 1621 3420 1694 πνεύμονα
3469 1625 3693 1695 ἔχουσα,

2107 1706 2284 1774 οὕτως
2313 1709 2401 1762 ἀεὶ
2433 1709 2701 1765 κινεῖσθαι
2752 1713 3186 1784 παρασκευάζει,
3218 1715 3294 1780 ὡς
3343 1718 3533 1789 μικρῷ
3564 1722 3699 1791 πρό-

2109 1799 2238 1854 σθεν
2276 1803 2516 1875 εἴρηται.
2556 1803 2910 1876 Ἐμπροσθεν
2931 1804 2987 1858 δὲ
3017 1803 3189 1875 αὐτῆς
3217 1804 3264 1838 ⁸⁸
3296 1806 3374 1876 τῷ
3403 1809 3700 1880 χωρίσμαο

2106 1909 2160 1946 τι
2195 1894 2242 1928 ⁸⁸
2271 1895 2374 1964 τῆς
2403 1894 2517 1950 ἂνω
2543 1895 2783 1968 γαστρὸς
2821 1897 3094 1968 ὲμφυετσα
3115 1897 3183 1962 ⁸⁸,
3208 1896 3477 1970 ἔνθερμον
3500 1901 3698 1970 αὐτὴν,

2107 1986 2202 2039 καὶ⁵
2231 1986 2370 2057 πρὸς
2399 1987 2500 2050 τάς
2525 1988 2662 2052 ἰδίας
2684 1988 2968 2059 ἐνεργείας
2997 1989 3334 2064 κινουμένην
3369 1995 3525 2046 ποιεῖ
3550 2010 3566 2024 ·
3597 1995 3699 2047 οὐκ

2106 2078 2188 2138 είς
2223 2077 2538 2149 πνεύματος
2577 2080 2744 2154 ὁλκὴν
2775 2083 2878 2152 τὴν
2901 2081 3147 2155 γαστέρα
3171 2083 3247 2147 ὡς
3275 2085 3372 2139 τὸν
3407 2087 3700 2156 πνεύμονα

2105 2167 2472 2241 διεγείρουσα,
2544 2172 2660 2227 ἀλλ’
2722 2174 2804 2238 είς
2851 2173 3121 2246 ὑποδοχὴν
3195 2177 3294 2247 τῆς
3349 2181 3697 2250 καταλλήλου

2107 2275 2337 2332 τροςςης.
3625 2281 3634 2294 ι

2178 2437 2336 2510 Μέση
2365 2438 2435 2508 γά
2443 2457 2474 2511 ρ
2497 2441 2531 2511 ἡ
2559 2439 2758 2512 καρδία
2783 2444 2877 2499 τοῦ
2900 2440 3204 2513 πνεύμονος
3219 2444 3435 2516 καὶτῆς
3455 2451 3694 2518 fas-rgo;

2107 2529 2432 2603 ἐγκειμένη,
2467 2531 2546 2603 τῷ
2601 2533 2700 2604 μὲν
2751 2533 2889 2605 πρὸς
2921 2534 3019 2606 τὴν
3058 2535 3355 2608 ἀναπνοὴν,
3404 2541 3475 2609 τῇ
3538 2541 3584 2570 ’⁷
3640 2543 3696 2593 δὲ

2109 2623 2247 2695 πρὸς
2287 2623 2387 2696 τὴν
2419 2624 2627 2697 τροφὴν
2670 2625 2770 2690 τὰς
2802 2625 3061 2696 δυνάμεις
3093 2627 3139 2660 ⁸⁸
3171 2629 3438 2701 ἐντίθησι.
3487 2632 3612 2685 Τῶν
3637 2632 3693 2686 δὲ

2108 2717 2438 2788 ἀμφοτέρων
2476 2718 2526 2770 οί
2551 2718 2731 2793 πόροι,
2759 2719 2946 2792 ἐξίσης
2971 2721 3017 2753 ⁹⁹
3041 2723 3183 2776 κατά
3212 2723 3275 2776 τὸ
3303 2726 3484 2795 στόμα.
3510 2728 3525 2757 ⁸
3565 2743 3693 2779 συν-

2105 2808 2528 2882 απαρτίζονται.
2551 2811 2844 2883 Καλοῡμεν
2865 2813 2922 2866 δὲ
2945 2813 3040 2869 τὸν
3062 2814 3163 2886 μὲν
3214 2815 3310 2870 τοῦ
3336 2817 3656 2889 πνεύματος
3671 2821 3696 2852 ⁸

2110 2901 2300 2974 πόρον,
2352 2905 2620 2974 τραχεῖαν
2666 2903 2976 2977 ἀρτηρίαν⁸
3025 2906 3121 2962 τὸν
3165 2907 3224 2962 δὲ
3269 2909 3372 2981 τῆς
3425 2913 3692 2984 γαστρός,

2107 2994 2407 3065 οἰσοφάγον
2427 2995 2469 3050 ³.
2507 2992 2729 3070 Ἐπειδὴ
2749 2999 2782 3070 ἡ
2813 2999 3029 3073 γαστὴρ
3051 3001 3284 3073 ὄργανόν
3299 3004 3420 3058 ἐστι
3445 3006 3693 3077 πέψεωςσ

2108 3085 2168 3138 ἐν
2196 3085 2336 3158 αὐτῇ
2367 3085 2479 3159 γὰρ
2527 3087 2899 3160 χυλοποιεῖται
2931 3091 3001 3144 τὰ
3034 3091 3323 3164 ἐσθιόμενα
3342 3111 3358 3126 ο
3401 3097 3611 3167 μᾶλλον
3636 3099 3694 3153 δὲ

2108 3175 2199 3231 διὰ
2253 3179 2708 3250 παραδείγματος
2735 3181 2798 3234 τδ
2828 3182 2887 3235 ἐν
2920 3183 3059 3254 αὐτῇ
3089 3186 3373 3256 γινόμενον
3413 3191 3691 3258 εἴπωμεν.

2111 3269 2235 3324 Ὀτι
2271 3270 2463 3343 ὥσπερ
2492 3273 2584 3326 τὸν
2620 3277 2767 3327 σῖτον
2811 3273 3184 3346 λαμϐάνοντες
3233 3281 3291 3332 έν
3320 3283 3443 3344 ταῖς
3495 3283 3692 3353 μύλαις

2110 3361 2563 3437 καταλεαίνομεν,
2617 3367 2899 3432 ποιοῦντες
2934 3369 3200 3442 ἄλευρον·
3237 3369 3358 3426 εἷτα
3399 3375 3691 3445 μιγνύντες

2111 3455 2264 3513 ὕδατι
2303 3459 2326 3492 ⁸
2355 3457 2655 3531 φυροῦμεν,
2699 3461 2795 3515 καὶ
2827 3465 3273 3536 παραπέμπομεν
3303 3470 3326 3501 ⁸
3359 3472 3425 3541 τῇ
3476 3471 3693 3540 καμίνῳ

2109 3553 2192 3616 είς
2243 3551 2509 3622 ὄπτησινο
2570 3555 2710 3626 μετά
2757 3555 2946 3627 δὲτὴν
2997 3557 3231 3628 ὄπτησιν
3278 3563 3547 3633 χρώμεθα
3599 3571 3690 3618 καὶ

2111 3645 2296 3716 ἡμεῖς,
2326 3645 2424 3700 καὶ
2459 3645 2633 3718 ἑτέρῳ
2661 3647 2682 3679 ⁵
2714 3649 3073 3722 μεταδίδομεν
3107 3651 3146 3684 ⁷·
3191 3651 3364 3719 οὕτως
3397 3656 3494 3708 καὶ
3527 3659 3587 3708 ἐν
3617 3658 3691 3726 τῷ

2108 3739 2367 3810 ἡμετέρῳ
2409 3737 2624 3811 σώματι
2659 3739 2808 3795 ἔστιν
2844 3743 2996 3798 ἰδεῖν.
3028 3744 3141 3816 Τὴν
3166 3746 3274 3818 γὰρ
3299 3749 3513 3819 τροφὴν
3544 3766 3687 3819 μασ-

2110 3831 2319 3902 σόμεθα
2349 3831 2372 3863 ⁸
2402 3833 2498 3887 καὶ
2539 3833 2966 3908 καταλεαίνομεν
2995 3836 3086 3892 διά
3128 3839 3238 3892 τῶν
3275 3838 3506 3894 ὀδόντων
3525 3859 3538 3872 ο
3571 3837 3688 3895 εἶτα

2109 3925 2318 3997 πόματι
2343 3926 2630 3998 μίξαντες,
2659 3931 3109 4002 παραπέμπομεν
3133 3933 3156 3965 ⁹
3186 3935 3254 4004 τῇ
3280 3933 3500 4002 γαστρί.

2194 4017 2412 4092 Ἐπειδὴ
2445 4021 2488 4052 ⁸⁸
2520 4020 2700 4076 δέεται
2744 4022 2882 4094 αὕτη
2924 4025 2968 4056 ⁸⁸
3000 4023 3304 4096 Θερμασίας
3338 4025 3588 4090 πλείονος
3609 4029 3689 4092 εἰς

2113 4107 2175 4162 τὸ
2203 4109 2382 4166 ταῦτα
2407 4111 2632 4183 ἑψῆσαι,
2668 4113 2859 4187 ὥσπερ
2897 4115 2990 4170 τὸν
3018 4116 3182 4189 ἄρτον
3209 4119 3238 4172 ὁ
3264 4117 3546 4183 κλίϐανος,
3574 4122 3688 4191 ἔχει

2108 4201 2210 4273 τὴν
2243 4202 2342 4273 μὲν
2369 4204 2596 4276 καρδίαν
2623 4207 3029 4280 ὑπερκειμένην
3060 4209 3199 4281 αὐτῇ
3238 4210 3360 4264 καθ’
3389 4211 3448 4264 δν
3475 4213 3687 4284 εῐρηται

2110 4293 2349 4365 τρόπον’
2400 4294 2545 4350 ὥστε
2597 4297 2832 4369 ἄφθονον
2865 4301 3005 4374 αὐτῇ
3048 4301 3148 4374 τὴν
3192 4301 3500 4374 θερμασίαν
3547 4322 3690 4374 παρ-

2111 4386 2333 4459 έχεσθαι
2367 4390 2435 4445 ⁸⁸.
2472 4391 2628 4462 Ἐχει
2659 4392 2718 4446 δὶ
2749 4393 2810 4448 τὺ
2837 4390 2992 4467 ⁸ἧπαρ
3015 4395 3329 4467 διάθερμον,
3357 4397 3435 4461 ὡς
3457 4399 3691 4469 αἳματος

424 4491 577 4564 quod
610 4491 794 4547 calore
841 4488 1129 4559 praeditum
1174 4495 1295 4551 est,
1327 4493 1382 4540 et
1417 4499 1449 4538 a
1476 4499 1586 4554 quo
1629 4500 1727 4540 ceu
1762 4483 2006 4540 fonticuli

2118 4481 2303 4552 πηγὰς
2342 4483 2650 4557 ἀναὸρύονο
2685 4485 2798 4558 ἔχει
2839 4487 2898 4541 δὲ
2929 4487 3140 4542 καὶτὸν
3183 4488 3418 4561 σπλῆνα,
3467 4491 3566 4562 οὐχ
3617 4492 3690 4554 ὡς

428 4584 718 4657 sanguinis
760 4590 1008 4648 scatent,
1045 4580 1203 4635 alvus
1254 4580 1307 4633 in
1370 4593 1431 4634 se
1471 4578 1735 4633 continet.
1794 4577 1899 4634 Sed
1953 4587 2010 4633 et

428 4681 576 4746 lien,
613 4692 724 4732 non
753 4675 916 4748 quasi
964 4674 1147 4730 calore
1189 4671 1261 4728 sit
1297 4672 1557 4742 praeditus
1585 4671 1776 4742 (hujus
1825 4681 2007 4726 autem

429 4772 544 4828 exti
592 4778 784 4826 natura
829 4766 1023 4838 frigida
1075 4763 1364 4834 habetur),
1417 4763 1521 4834 ipsi
1555 4765 1839 4831 proximus
1885 4781 2014 4820 con-

430 4864 598 4922 sistit.
654 4860 858 4917 Verum
921 4858 1052 4930 quia
1111 4857 1220 4912 lien
1274 4856 1490 4911 venulis
1537 4857 1864 4927 arteriisque
1923 4873 2010 4912 re-

433 4954 609 5010 fertus
639 4960 761 5015 est,
810 4949 883 5004 ab
931 4949 1051 5019 ipso
1101 4955 1290 5002 venter
1331 4947 1502 5000 nihilo
1537 4947 1860 5003 deteriorem
1912 4965 2010 5004 ca-

433 5045 570 5102 loris
619 5043 924 5114 portionem
965 5053 1130 5110 quam
1179 5038 1248 5094 ab
1293 5038 1415 5093 aliis
1459 5041 1832 5109 consequitur.
1872 5039 2012 5097 Prte-

435 5148 630 5203 terea,
683 5144 962 5192 omentum
1031 5133 1196 5189 etiam
1261 5129 1435 5188 Graeci
1498 5131 1756 5188 ἐπίπλοον
1786 5170 1802 5197 ,
1862 5137 2009 5204 quod

436 5228 659 5304 pinguis
719 5226 962 5282 tunicula
1017 5235 1136 5288 est,
1200 5224 1324 5281 alvo
1373 5224 1612 5295 undique
1665 5225 2008 5292 obvolvitur,

442 5335 512 5382 ne
554 5318 753 5376 insitus
798 5319 951 5374 calor
999 5318 1092 5388 qui
1142 5317 1196 5372 in
1255 5317 1429 5388 ipsam
1469 5315 1706 5373 demissa
1755 5317 2010 5373 alimenta

524 5519 572 5554 ιι
596 5518 853 5588 ἀπεδείξα

440 5591 623 5648 lnterl.
657 5593 711 5647 in
733 5588 794 5647 P.
865 5588 915 5624 ”
939 5592 1036 5644 καὶ
1076 5589 1222 5644 πόσα
1250 5589 1315 5644 C.

441 5663 598 5736 Vit];
623 5661 712 5736 C._
791 5661 838 5736 ’_‘
867 5660 1142 5736 806356.
1242 5659 1295 5736 _’_’
1318 5658 1515 5736 ἐπίσης
1551 5661 1593 5716 C
1623 5660 1685 5736 Ρ2

442 5735 474 5770 δ
497 5729 659 5788 ὕδασι
681 5733 742 5790 Β.
799 5729 1344 5805 [παραδίδομενβᾏ
1377 5729 1631 5805 [ἑτέροις
1666 5731 1705 5805 Β
1727 5731 1768 5785 C
1801 5732 1861 5805 If.

443 5805 790 5876 "adumpta!
817 5803 878 5859 Β.
932 5799 945 5805 ⁷
989 5803 1032 5837 ⁸⁸
1064 5799 1197 5876 ἐπεὶ,
1221 5801 1278 5876 δε
1309 5799 1350 5854 Β
1394 5799 1458 5856 P.
1518 5799 1530 5804 ⁷
1565 5805 1607 5834 ⁸⁸
1637 5803 1774 5875 αὑτὴ
1802 5802 1862 5857 Β.

443 5873 542 5931 καὶ
577 5873 642 5944 Β,
673 5873 766 5932 καὶ
793 5892 903 5934 Olli.
927 5877 994 5943 Α,
1027 5890 1146 5931 mox
1182 5873 1410 5944 ἑτέροις.

1933 5988 2000 6008 ὀα-

861 5535 958 5589 μεν
988 5517 1054 5575 Δ.
1143 5518 1188 5551 ⁸⁸
1214 5518 1376 5573 verba
1402 5519 1541 5589 πλὴν
1569 5533 1622 5572 τ.
1651 5518 1848 5574 ἀναπν,
1881 5535 2006 5588 nsqr

2118 5520 2142 5572 ri
2179 5519 2526 5576 ἀποτελεῖται
2549 5537 2659 5577 om.
2701 5522 2764 5576 C.
2841 5523 2886 5555 ’°
2913 5522 3064 5584 δύσις
3089 5521 3151 5576 C.

1408 5588 1454 5671 _”
1487 5590 1663 5694 ιιιόίτξαιτΞ
1683 5590 1854 5694 αἰτίρι
1955 5591 2064 5694 P.P
2089 5592 2135 5624 ⁸³
2163 5592 2343 5693 agmini
2367 5594 2429 5679 ρ.

1837 5663 1999 5762 σῶμα
2026 5663 2086 5718 C.
2197 5663 2218 5693 ’
2251 5665 2550 5752 πνεύμονος
2576 5666 2594 5717 1

1837 5741 1861 5788 ’.
1955 5735 2349 5804 μεταδιδόαμεν
2371 5741 2412 5788 (ι
2441 5738 2497 5791 P.
2572 5739 2594 5767 ⁸

1979 5806 2021 5836 ⁸²
2053 5809 2315 5877 παρέχειν
2348 5807 2406 5862 1).

2117 4572 2332 4646 θερμὸν
2379 4575 2610 4648 (ψυχρὸν
2643 4579 2753 4650 γάρ
2806 4581 2968 4633 τοῦτο
2997 4581 3157 4650 φύσει
3203 4581 3264 4635 τὸ
3316 4582 3686 4654 σπλάγχνον),

2115 4667 2256 4722 ἀλλά
2283 4668 2374 4724 διά
2399 4669 2508 4724 τῶν
2537 4671 2596 4724 ὲν
2621 4671 2772 4744 αύτῷ
2802 4671 3018 4743 φλεϐῶν
3045 4691 3106 4728 τε
3136 4673 3234 4729 καὶ
3263 4674 3568 4748 ἀρτηριῶν,
3602 4679 3688 4730 οὗ·

2115 4761 2204 4817 δὲν
2252 4758 2418 4836 ἦττον
2447 4764 2558 4820 τῶν
2589 4765 2766 4821 ἄλλων
2797 4766 2894 4821 καὶ
2931 4765 2992 4832 ἐξ
3038 4767 3252 4821 ἐκείνου
3306 4769 3687 4839 παραπολαύει

2118 4853 2484 4926 θερμότητος.
2537 4855 2703 4911 ’Λλλά
2731 4858 2826 4912 καὶ
2865 4858 2928 4912 τδ
2956 4858 3185 4912 ἑπιπλον
3217 4858 3352 4930 ἔχει,
3397 4861 3541 4932 ὅπερ
3576 4861 3688 4913 ἐστὶ

2121 4947 2438 5020 πιμελὼδης
2488 4949 2655 5021 χιτὼν
2706 4952 3045 5024 πανταχόθεν
3095 4951 3237 5026 αὐτῇ
3281 4954 3687 5025 περικείμενος.

2118 5043 2281 5112 χάριν
2311 5041 2409 5096 τοῦ
2443 5043 2518 5114 μὴ
2537 5043 2881 5098 διαπνεῐσθαι
2900 5045 2997 5098 καὶ
3013 5043 3406 5099 σκεδάννυσθαι
3432 5043 3498 5096 τὸ
3520 5043 3689 5114 ἔμφυ-

2121 5153 2215 5187 τον
2245 5136 2448 5207 θερμὸν
2485 5137 2552 5200 ⁸³,
2590 5137 2652 5190 τὸ
2681 5137 3158 5208 κατεργαζόμενον
3183 5139 3242 5191 έν
3269 5137 3407 5208 αὐτῇ
3449 5135 3552 5200 τὰς
3574 5153 3692 5207 τρο-

2118 5229 2224 5298 φάς
2253 5245 2266 5259 °
2306 5228 2496 5283 τούτου
2542 5231 2702 5301 χάριν
2747 5231 2845 5285 καὶ
2887 5230 2950 5284 τὸ
3000 5231 3293 5302 λεγόμενον
3327 5230 3685 5302 περιτόναιον.

2117 5321 2258 5391 αὐτῇ
2284 5337 2344 5374 τε
2378 5322 2472 5374 καὶ
2503 5321 2546 5352 ⁸⁸
2577 5324 2690 5386 τοῖς
2723 5323 2963 5395 ἐντέροις
2994 5322 3365 5395 περιτέταται,
3401 5322 3688 5394 περισφίγ-

3254 5523 3297 5553 ⁹¹
3330 5519 3464 5573 ά).λά
3489 5533 3600 5577 om.
3630 5520 3689 5583 C,

2529 5593 2575 5626 ”
2595 5595 2908 5666 mrtem
2937 5595 2997 5650 C-
3028 5593 3087 5666 Ρο
3185 5593 3232 5666 ’_'
3266 5593 3607 5666 προσφυέῖη
3631 5593 3688 5666 β-

2197 5663 2218 5693 ’
2251 5665 2550 5736 πνεύμονος
2576 5662 2646 5718 Χ
2668 5662 2726 5718 Ρ.
2839 5664 3150 5736 ’Λίσοεράγον
3189 5662 3599 5736 Α,-ὺσωφάγον
3633 5663 3689 5716 Β.

2629 5734 2933 5808 μασώμεθα
2963 5739 3007 5808 Α
3037 5737 3099 5798 (1,
3121 5733 3608 5808 προσμαστιὲιμεθα
3633 5738 3688 5808 If.

2505 5808 2547 5840 ⁸³
2577 5803 2642 5862 τό
2671 5803 2808 5882 ὲμφξ
2831 5808 2881 5862 θ.
2925 5807 3021 5860 καὶ
3051 5808 3201 5875 σκεθ.
3237 5808 3296 5858 Β.
3402 5803 3444 5834 ⁸⁵
3473 5807 3607 5873 αὑτῇ
3639 5805 3691 5857 '3!
