3856 6402
236 361 374 415 "‘29

1445 356 1530 410 DE
1569 355 1853 412 NATURA
1894 354 2196 412 llOMlNlS.

2555 6 2626 9 __
2644 0 3014 7 —_———r—

3282 244 3312 278 9

3355 357 3488 412 1150

234 477 354 533 nuit
382 513 399 538 ,
446 487 556 543 quo
603 472 786 542 ipsas,
823 478 1188 542 prtetcrquam
1234 476 1480 525 extremo
1557 470 1710 524 senio
1750 468 2016 532 conlecti,
2065 482 2127 521 ac
2173 463 2378 520 morbis
2443 464 2768 534 quibusdam
2819 467 3230 537 ingruentibus,
3303 472 3487 527 multi-

198 570 201 571 ⁷
233 570 434 625 fariam
480 566 687 636 diuque
707 565 991 619 continere
1023 565 1325 619 valeamus.

317 657 489 712 Ἐπάν
517 657 579 710 δὲ
609 655 754 708 οὕτω
784 654 959 709 ταῦτα
989 654 1426 726 γένηται,ἧγουν
1457 655 1490 725 ἡ
1519 653 1617 707 τοῦ
1642 653 1814 724 αἷμα-

1984 648 2280 719 Postquam
2306 663 2437 703 vero
2463 664 2524 704 ea
2546 664 2668 719 quae
2691 652 3033 708 asseruimus
3049 657 3331 727 sanguinis
3357 675 3460 716 con
3487 698 3493 704 -

232 767 326 814 τος
351 749 566 818 γένεσις
595 750 690 800 καὶ
721 747 999 817 διασπορὰ
1029 747 1118 816 ἐφ’
1142 748 1292 801 ἅπαν
1326 746 1386 800 τὺ
1424 747 1608 816 σῶμα,
1640 747 1732 799 καὶ
1776 748 1809 816 η

234 840 346 892 τῶν
373 839 580 892 λοιπῶν
607 838 718 890 τῶν
764 837 1076 908 εἰρημένων
1101 837 1388 908 διοίκησις,
1425 837 1636 908 δίδυμοί
1666 854 1813 900 τινες

233 932 414 1001 ὀχετοὶ
457 931 524 982 ἐκ
567 929 795 999 καρδίας
823 929 1236 1000 ἀφορμηθέντες
1290 928 1386 982 καὶ
1423 929 1657 1000 ἥπατος,
1710 930 1812 1000 ἦτε

237 1021 522 1091 στελέχεια
546 1021 592 1052 ⁸⁸
619 1018 759 1088 φλὲψ
790 1020 885 1072 καὶ
922 1020 954 1089 ἡ
985 1019 1156 1090 ἀορτὴ
1207 1018 1468 1088 ἀρτηρία,
1506 1019 1568 1072 τὸ
1613 1022 1814 1073 οἰκεῖον

237 1114 444 1183 ἑκάστη
500 1111 874 1183 σωληνοειδῶς
929 1111 1265 1181 περιέχουσα
1281 1113 1324 1143 ⁸⁷
1378 1105 1522 1182 αἷμά
1589 1128 1651 1164 τε
1718 1111 1815 1164 καὶ

236 1205 457 1276 πνεῦμα
486 1204 577 1259 διά
618 1204 680 1257 τὸ
713 1204 1044 1275 εὑπόρευτον
1099 1199 1237 1256 εἶναι
1277 1202 1338 1256 τὸ
1376 1203 1545 1274 ὑγρὸν
1593 1206 1660 1275 τῇ
1718 1203 1813 1257 τοῦ

237 1300 448 1370 Θερμοῦ
473 1301 692 1367 κινήσει
722 1295 1142 1367 συμπαροδεῦον
1166 1296 1211 1328 ⁸³
1275 1297 1369 1348 καὶ
1415 1295 1814 1368 κουφιζόμενον

237 1395 326 1464 ἐφ’
363 1395 510 1448 ἅπαν
552 1391 614 1446 τὸ
663 1390 823 1461 σῶμα
874 1389 1216 1460 πολυσχιδῶς
1257 1390 1722 1460 κατασπείρονται
1746 1389 1813 1452 ⁸⁸,

232 1487 318 1548 εἰς
339 1484 540 1556 μυρίας
576 1483 754 1554 ἀρχὰς
792 1482 887 1534 καὶ
913 1480 1192 1550 διαχύσεις
1214 1481 1280 1544 ⁷ο,
1318 1480 1458 1534 κατά
1487 1483 1596 1535 πᾶν
1650 1481 1817 1552 μέρος

235 1577 334 1631 τοῦ
397 1577 650 1647 σώματος
697 1573 900 1628 ἔσωθεν
943 1573 1106 1626 xci.“
1153 1573 1355 1638 ἔξωθεν
1404 1573 1815 1645 κληματηδὸντ⁸

235 1669 449 1740 φλέϐας
483 1669 578 1723 καὶ
611 1666 884 1739 ἀρτηρίας
918 1668 1261 1735 ὲπαφιείσαι.

308 1846 424 1919 Καὶ
443 1845 551 1916 γάρ
579 1843 846 1914 παχέος⁷³
879 1841 1034 1906 ὄντος
1079 1842 1242 1912 φύσει
1271 1841 1366 1895 τοῦ
1418 1841 1679 1912 αἵματος,
1721 1841 1818 1894 καὶ

242 1936 320 2009 μὴ
339 1936 643 2006 δυναμένου
681 1933 845 2002 μόνου
865 1933 912 1964 ’⁸
941 1933 1040 1996 τάς
1082 1932 1278 1996 στενὰς
1303 1932 1460 1996 ὀδοὺς
1489 1931 1582 1985 τοῦ
1627 1931 1817 2003 σώμα-

1922 742 2157 806 Stitutio,
2191 758 2258 797 ac
2280 743 2334 797 in
2367 750 2540 797 totum
2569 759 2774 812 corpus
2803 745 3103 815 dispersio,
3145 761 3510 816 czeterorumo.

1922 847 2028 901 que
2044 832 2113 917 de
2126 831 2325 902 quibus
2351 831 2556 886 dictum
2575 834 3032 903 estdispensatio,
3061 837 3163 894 hoc
3193 843 3356 897 modo
3381 859 3497 912 per-

1923 921 2182 976 ficiuntur
2198 962 2213 986 ,
2239 923 2437 992 gemini
2456 923 2676 992 quidam
2697 925 2823 991 rivi,
2843 925 3084 995 stirpalis
3106 930 3316 986 scilicet
3337 948 3494 999 vena,

1923 1013 2252 1084 arteriaque,
2278 1029 2399 1083 qua:
2459 1024 2614 1068 aorta
2641 1013 2863 1078 dicitur,
2893 1031 2926 1071 α
2965 1019 3130 1074 corde
3161 1035 3228 1074 ac
3251 1021 3498 1090 jecinore

1921 1107 2361 1177 proficiscentes,
2411 1105 2731 1170 sanguinem
2782 1107 3163 1179 spiritumque,
3213 1113 3362 1182 quod
3397 1127 3498 1168 ω-

1918 1199 2118 1269 jusque
2157 1198 2434 1268 peculiare
2473 1196 2583 1267 36
2613 1205 2698 1252 cst
2723 1197 3006 1267 (quoniam
3055 1199 3338 1257 humidum
3373 1219 3499 1259 cum

1922 1289 2082 1344 calidi
2111 1298 2261 1344 motu
2293 1287 2440 1343 facili
2466 1288 2699 1344 transitu
2732 1291 2932 1359 meat),
2964 1290 3017 1344 in
3053 1292 3249 1348 fistulae
3275 1295 3498 1350 modum

1923 1379 2224 1435 continent.
2250 1378 2389 1446 Quid
2419 1379 2546 1433 dum
2565 1379 2794 1448 junctim
2819 1395 2944 1436 cum
2969 1384 3232 1454 sanguine
3246 1386 3500 1454 spiritum

1924 1478 2100 1547 ipsum
2135 1477 2307 1534 levem
2343 1476 2616 1532 reddendo
2650 1479 2914 1549 graditur,
2949 1480 3050 1535 rivi
3080 1482 3147 1537 ad
3174 1483 3347 1540 totius
3373 1501 3501 1541 cor-

1923 1571 2073 1642 poris
2125 1579 2306 1640 partes
2339 1585 2462 1640 quae
2522 1569 2670 1625 intus
2711 1582 2974 1641 extraque
3024 1583 3173 1639 sunt,
3208 1575 3501 1633 multitudo

1925 1673 2122 1728 tractu,
2154 1663 2208 1716 in
2249 1663 2534 1718 innumera
2589 1663 2854 1734 principia
2899 1666 3178 1738 rimasque
3241 1669 3499 1740 dispersi,

1923 1770 2022 1810 ceu
2072 1753 2347 1823 palmites,
2403 1752 2458 1806 in
2511 1767 2680 1808 venas
2729 1755 3069 1826 arteriasque
3100 1757 3497 1816 diliunduntur.

1993 1844 2130 1899 Cum
2175 1854 2356 1900 autem
2393 1846 2677 1918 sanguinis
2719 1858 2911 1902 natura
2959 1863 3146 1906 crassa
3198 1850 3499 1920 habeatur,

1925 1950 2102 2005 neque
2131 1936 2180 1990 ei
2213 1950 2308 2005 per
2339 1945 2600 2006 angustos
2620 1938 2868 2006 corporis
2893 1950 3137 2004 meatus,
3169 1942 3296 2012 quia
3327 1945 3502 2000 exiles

237 2047 330 2093 to;
367 2027 666 2090 ἀκωλύτως
703 2027 991 2097 διαπερᾷν,
1022 2027 1106 2080 ὅτι
1141 2026 1246 2079 είσὶ
1303 2025 1576 2097 τριχοειδῆ
1621 2023 1819 2095 φλεόία

1928 2027 2131 2082 venulae
2155 2027 2395 2097 pilorum“
2412 2027 2528 2083 vice
2555 2027 2609 2082 in
2634 2029 2883 2099 partibus
2911 2033 3242 2100 consistunt,
3270 2049 3383 2105 prae
3411 2038 3501 2092 sui

239 2119 412 2172 λεπτά
442 2120 487 2150 ⁷⁸
523 2119 665 2172 κατά
689 2119 758 2172 τὰ
802 2117 965 2189 μόρια
984 2117 1031 2148 ⁷⁸
1057 2117 1307 2186 κείμενα,
1333 2115 1526 2187 ἐδεήθη
1560 2132 1822 2187 συμπαρ-

238 2214 378 2263 εῖναι
426 2209 576 2279 αὑτῷ
623 2210 684 2263 τὸ
743 2209 1009 2272 ὑδατῶδες
1065 2207 1406 2280 περίττωμα,
1460 2208 1552 2262 ἵνα
1614 2210 1682 2280 τῇ
1726 2208 1819 2262 λε-

241 2303 472 2373 πτότητι
501 2303 594 2356 τοῦ
629 2301 935 2366 ὑδατώδους
975 2299 1392 2371 περιττώματος
1444 2300 1688 2362 εὐκόλως
1741 2300 1822 2354 δι·

240 2395 494 2462 οδεύηται
525 2394 584 2448 τὸ
622 2389 784 2464 αἷμα,
818 2393 956 2463 πρός
978 2409 1036 2444 τε
1066 2392 1132 2444 τά
1159 2391 1332 2444 λεπτά
1361 2390 1468 2443 τῶν
1513 2391 1750 2460 ἀγγείων
1775 2391 1820 2424 τ’

243 2488 338 2539 καὶ
370 2486 508 2556 πρὸς
541 2485 686 2539 άπαν
714 2485 777 2537 τὸ
825 2483 988 2553 σῶμα
1038 2482 1126 2535 διά
1179 2481 1287 2534 τῶν
1334 2480 1641 2552 ιριχοειδῶν
1695 2481 1825 2550 φλε-

241 2579 378 2632 ϐίων
406 2578 474 2642 ⁷⁸,
496 2578 572 2641 ὼς
603 2577 844 2648 εἴρηται.
878 2574 1241 2644 Μιχοεῖσαιδὲ
1275 2573 1412 2640 πρὸς
1444 2573 1684 2642 ἀλλήλας
1709 2574 1820 2628 τῶν

243 2670 494 2736 ζωτικῶν
519 2671 805 2738 δυνάμεων
855 2669 910 2720 αἱ
961 2668 1056 2720 δύο
1089 2667 1303 2737 ἀρχαί·
1357 2667 1454 2736 ἥτε
1513 2667 1575 2720 τὸ
1620 2666 1824 2738 θερμὸν

244 2763 356 2817 ἀπὸ
381 2763 612 2835 καρδίας
635 2761 885 2831 πανταχῆ
914 2759 1008 2812 ἐπὶ
1030 2759 1074 2790 ⁷⁸
1121 2759 1184 2811 τὸ
1233 2758 1396 2829 σῶμα
1431 2760 1824 2829 ἐκπέμπουσα,

244 2859 395 2927 καὶὴ
428 2855 488 2908 τὸ
526 2857 692 2924 ὑγρὸν
735 2853 1051 2926 χορηγοῦσα
1099 2851 1160 2916 ἐξ
1186 2852 1399 2922 ἥπατος
1455 2854 1522 2923 τῇ
1579 2853 1826 2922 ἀρχικω-

244 2952 382 3021 τέρα
431 2950 532 3019 τῆς
583 2948 824 3018 ζωτικῆς
877 2945 1162 3016 δυνάμεως
1227 2945 1530 3015 οἰκονομίᾳ,
1581 2947 1826 3016 δωροφοο

249 3042 492 3114 ροῦσι⁸⁰.
526 3040 635 3094 Τοῦ
668 3057 728 3093 τε
768 3039 878 3111 γάρ
912 3037 1120 3108 θερμοῦ
1164 3036 1225 3090 τὸ
1268 3035 1682 3109 καθαρώτερον,
1727 3037 1825 3091 καὶ

247 3133 344 3187 τοῦ
379 3131 552 3203 ὑγροῦ
582 3132 644 3184 τὸ
688 3131 1021 3201 λεπτότερον
1049 3131 1119 3193 ⁸⁸,
1167 3129 1300 3200 παρ’
1336 3129 1610 3200 ἑκατέρας
1662 3129 1824 3183 δυνά-

251 3241 399 3296 μεως
427 3225 516 3280 διά
546 3239 693 3286 τινος
729 3223 930 3294 μίξεως
963 3223 1059 3276 καὶ
1115 3222 1473 3293 ἀνακράσεως
1529 3221 1823 3285 ένωθέντα,

246 3316 441 3386 τρέφει
498 3315 592 3368 καὶ
629 3313 913 3384 συνίστησι
966 3313 1058 3365 τὸν
1096 3311 1402 3381 ἐγκέφαλον
1455 3311 1546 3365 διά
1589 3311 1699 3365 τῶι
1728 3313 1821 3366 ἀτ-
1853 3352 1896 3410 c

254 3407 393 3476 μῶν.
459 3404 579 3473 Ἀφ’
626 3400 688 3460 οὗ
738 3404 902 3458 πάλιν
958 3402 1397 3473 ἐκλεπτυνομένη
1436 3402 1686 3466 ἀνάδοσις
1727 3402 1822 3455 ἀπ’

248 3497 462 3550 ἐκείνου
485 3497 532 3529 ⁸³
555 3495 846 3564 ὑπαλείφει
879 3494 972 3547 τὺν
1001 3492 1354 3564 περιεκτικδν
1392 3492 1487 3547 τοῦ
1520 3493 1826 3562 ἐγκεφάλου

249 3591 449 3660 ὑμένα,
495 3588 588 3642 τὸν
630 3587 923 3657 δεχόμενον
958 3586 1059 3654 τὴν
1128 3584 1371 3656 ψυχικὴν
1410 3585 1701 3656 ἐνέργειαν
1725 3598 1738 3613 ·
1767 3585 1828 3638 ὃν

249 3685 347 3736 καὶ
374 3681 667 3745 δικτυῶδες
694 3681 741 3712 ⁸³
767 3679 989 3751 πλέγμα
1016 3678 1274 3732 καλοῦσιν
1306 3678 1357 3731 οἱ
1389 3677 1585 3748 ἰατροί.

334 3775 396 3827 Ἢ
422 3774 533 3844 γάρ
560 3771 710 3843 ψυχὴ
739 3771 877 3842 αὑτὴ
919 3771 1020 3840 μὲν
1051 3769 1175 3824 καθ’
1209 3769 1410 3840 ἑαυτὴν
1436 3769 1556 3824 θεία
1589 3768 1674 3834 τίς
1708 3770 1828 3824 ἐστι

249 3863 347 3918 καὶ
368 3864 658 3933 ἀσώματος
686 3880 701 3894 ο
734 3862 940 3932 λάμπει
963 3860 1008 3891 ⁸⁸
1039 3859 1097 3912 δὲ
1129 3859 1285 3922 είςτὺ
1332 3859 1492 3929 σῶμα
1518 3859 1681 3913 τοῦτο
1728 3860 1830 3914 οὑκ

249 3959 284 4009 ἁ
293 3957 492 4025 μέσως,
525 3955 661 4008 ἀλλά
683 3951 1001 4024 κεχρημένη
1023 3953 1241 4022 ὀργάνῳ
1257 3951 1368 4004 τινὶ
1393 3950 1471 4022 τῷ
1496 3950 1825 4022 καλουμένῳ

251 4049 530 4118 πνεύματι
583 4045 823 4117 ψυχικῷ.
877 4045 1048 4098 Τοῦτο
1094 4045 1151 4097 δε
1195 4043 1545 4114 ἐκπέμπεται
1601 4043 1701 4114 μέν
1764 4044 1830 4098 ἐκ

252 4141 480 4212 καρδίας
504 4141 594 4193 διά
613 4139 712 4209 τῆς
727 4136 931 4209 ἀορτῆς
953 4136 1250 4207 ἀρτηρίας,
1271 4137 1366 4190 καὶ
1381 4138 1429 4173 ⁸⁸
1462 4135 1766 4208 φερόμενον
1781 4134 1831 4168 ⁸⁸

254 4231 409 4300 παρά
461 4229 523 4282 τὸ
574 4228 869 4298 εἰρημένον
926 4225 1221 4288 δικτυῶδες
1245 4225 1292 4258 ⁸¹¹
1356 4225 1598 4294 πλέγμα,
1643 4227 1840 4279 ἐκεῖσε

253 4324 512 4376 πέττεται
534 4321 580 4353 ⁸⁸
611 4321 708 4373 καὶ⁵
739 4319 1086 4385 λεπτύνεται,
1119 4320 1214 4373 καὶ
1257 4320 1502 4391 αἱθέριόν
1539 4337 1599 4373 τε
1619 4320 1665 4354 ⁸⁹
1734 4321 1830 4374 καὶ

253 4414 532 4482 αὐγοειδὲς
588 4412 844 4481 γίνεται·
879 4412 956 4476 ὼς
1003 4412 1317 4482 ἐπιτήδειον
1370 4408 1512 4466 εἶναι
1565 4412 1827 4476 δέξασθαι

250 4507 432 4576 ψυχῆς
464 4504 733 4575 ἐλλαμψιν
756 4505 826 4558 ’⁸.

1923 2119 2290 2174 crassitudine
2320 2130 2609 2189 penetrare
2659 2118 2818 2175 facile
2861 2121 3039 2186 detur,
3091 2123 3197 2193 ipsi
3229 2140 3500 2194 aquosqu

1922 2220 2330 2264 excrementum
2355 2210 2607 2266 adhiberi
2649 2213 2915 2281 oportuit,
2968 2229 3080 2283 quo
3117 2214 3237 2285 ejus
3279 2217 3503 2287 gracili-

1925 2300 2054 2354 tatis
2108 2314 2296 2366 causa,
2341 2301 2596 2372 sanguini
2629 2301 2752 2372 ipsi,
2781 2317 2877 2372 per
2930 2303 3153 2360 subtilia
3203 2306 3407 2376 quibus
3432 2309 3500 2362 ad

1925 2391 2157 2461 pilorum
2184 2393 2408 2448 modum
2441 2408 2632 2450 omnes
2667 2403 2846 2464 partes
2873 2395 3085 2452 refertae
3110 2407 3237 2453 sunt
3259 2401 3502 2464 vascula,

1930 2495 2026 2550 per
2070 2480 2207 2551 ipsa,
2243 2481 2490 2552 inquam,
2540 2497 2603 2537 ac
2627 2491 2801 2537 totum
2834 2498 3034 2554 corpus
3069 2487 3502 2558 (utesplicatum

1927 2573 2031 2644 est)
2050 2573 2294 2642 pervium
2317 2573 2419 2628 iter
2450 2573 2726 2629 reddatur.
2745 2575 2880 2629 Cum
2911 2584 3091 2633 autem
3119 2579 3338 2648 gemina
3365 2580 3504 2635 vita-

1929 2665 2060 2719 lium
2095 2663 2415 2719 facultatum
2461 2665 2725 2734 principia
2779 2668 3067 2722 commista
3091 2669 3221 2734 sint,
3267 2685 3502 2741 quorum

1927 2765 2158 2820 alterum
2190 2765 2424 2820 calorem
2464 2781 2497 2820 a
2540 2765 2725 2831 corde,
2759 2766 2990 2822 alterum
3032 2769 3315 2826 humorem
3349 2786 3381 2826 a
3419 2773 3501 2842 je-

1927 2855 2116 2911 cinore
2148 2854 2476 2924 suppeditat,
2536 2857 2809 2925 praecipua
2841 2869 2904 2910 ac
2934 2857 3172 2913 maxime
3216 2861 3500 2931 principali

1927 2945 2107 3001 vitalis
2137 2944 2415 3001 facultatis
2461 2945 2963 3014 administratione,
3004 2949 3119 3003 ha-c
3171 2951 3501 3024 largiuntur.

1931 3036 2240 3104 Enimvero,
2295 3037 2586 3108 purissima
2641 3038 2843 3094 caloris
2898 3039 3100 3109 portio,
3147 3042 3504 3115 [nemorisque

1929 3144 2052 3198 qua:
2081 3129 2438 3185 subtilissima
2465 3137 2570 3194 est,
2618 3144 2848 3200 quisque
2876 3130 2948 3186 ab
2969 3141 3198 3203 utraque
3249 3134 3504 3191 facultate

1930 3220 2162 3274 mistella
2182 3220 2438 3290 quadam,
2464 3229 2999 3289 temperamentoque
3022 3221 3221 3288 medio,
3254 3224 3502 3278 in'unum

1929 3321 2145 3375 Coeunt,
2171 3326 2265 3381 per
2296 3326 2524 3380 vapores
2548 3312 2614 3365 ad
2646 3311 2928 3365 cerebrum
2958 3314 3331 3382 procedentes,
3351 3317 3505 3372 alunt

1931 3399 2110 3467 ipsum
2140 3399 2610 3469 constituuntque.
2650 3400 2734 3454 Ad
2775 3401 2912 3462 haec,
2972 3402 3330 3459 subtilissima
3376 3422 3501 3461 rur-

1929 3504 2046 3552 sus,
2069 3505 2190 3560 quae
2212 3489 2280 3544 ab
2307 3504 2374 3544 eo
2401 3490 2628 3560 emergit
2646 3490 2748 3553 vis,
2768 3491 3141 3548 membranam
3169 3508 3295 3564 qua:
3324 3495 3501 3566 ipsum

1929 3579 2120 3645 ambit,
2153 3596 2276 3650 qua
2308 3581 2506 3636 anima:
2533 3581 2804 3635 actionem
2841 3583 3091 3654 suscipit,
3119 3600 3350 3657 quaeque
3377 3591 3505 3645 reti-

1929 3671 2112 3726 culare
2142 3680 2350 3726 textum
2375 3687 2409 3728 a
2441 3672 2664 3729 medicis
2701 3683 3068 3744 nuncupatur,
3107 3678 3395 3736 demulcet.

2002 3761 2280 3834 Siquidem
2322 3763 2506 3818 anima
2535 3763 2653 3835 ipsa
2685 3764 2930 3820 divinum
2957 3769 3253 3837 quoddam,
3282 3786 3348 3828 ac
3377 3787 3505 3828 cor-
3620 3759 3628 3766 ’

1931 3857 2082 3928 poris
2128 3872 2324 3928 expers
2362 3857 2637 3923 habetur;
2693 3859 2748 3913 in
2793 3874 3021 3930 corpore
3077 3862 3182 3918 hoc
3225 3865 3507 3936 haudqua-

1931 3966 2096 4020 quam
2127 3950 2311 4004 medio
2340 3965 2557 4014 carens,
2591 3951 2684 4006 sed
2709 3951 3074 4009 instrumento
3097 3997 3111 4022 ,
3139 3955 3285 4025 quod
3309 3958 3507 4013 animae

1931 4042 2158 4111 spiritus
2190 4042 2392 4097 dicitur
2434 4049 2720 4113 sequestro
2745 4081 2760 4106 ,
2826 4044 3072 4114 refulget.
3135 4045 3508 4104 Verumenim-

1932 4147 2061 4188 vero
2121 4134 2347 4202 spiritus
2406 4134 2527 4197 iste,
2578 4149 2611 4189 a
2664 4139 2851 4197 corde,
2925 4137 3138 4192 arteriae
3181 4154 3304 4208 qua:
3352 4152 3506 4196 aorta

1932 4237 2280 4295 nuncupatur
2324 4226 2519 4292 ollicio,
2566 4243 2784 4284 sursum
2827 4229 3116 4296 emittitur,
3153 4246 3218 4286 ac
3249 4247 3346 4302 per
3371 4234 3507 4288 reti--

1931 4317 2115 4371 culare
2157 4317 2224 4371 de
2246 4333 2355 4386 quo
2376 4318 2611 4372 dicimus
2643 4327 2849 4372 textum
2877 4320 3024 4382 quod
3054 4321 3338 4376 cerebrum
3390 4337 3506 4376 am-

1931 4406 2009 4462 bit
2039 4408 2373 4476 procedens,
2419 4408 2782 4476 concoquitur
2810 4409 2964 4473 inibi,
3016 4418 3407 4481 tenuaturque,
3443 4429 3507 4467 ac

1930 4498 2115 4554 aatlteri
2177 4498 2504 4568 persimilis.
2550 4499 2823 4568 simulque
2873 4498 3149 4570 fulgidus,
3196 4511 3257 4557 ut
3311 4503 3509 4558 animae

1931 4590 2274 4662 splendorem
2307 4590 2585 4659 suscipere
2640 4590 2873 4645 idoneus
2900 4592 2989 4657 sit,
3021 4591 3269 4648 efﬁcitur.

321 4683 389 4738 Εί
419 4682 600 4736 τοίνυν
625 4681 784 4736 τοῦτο
816 4681 1121 4752 παχύτερον
1149 4680 1317 4736 αὑτοῦ
1338 4681 1424 4752 εἴη
1458 4681 1553 4736 καὶ
1592 4681 1820 4738 τεθολω-

2002 4684 2060 4738 Si
2116 4684 2283 4753 igitur
2325 4683 2578 4752 spiritum
2642 4686 2834 4748 hunc,
2887 4684 2980 4739 illo
3029 4685 3302 4740 reticulari
3359 4695 3509 4744 texto
3579 4731 3582 4737 .

253 4775 440 4845 μένον,
463 4777 497 4845 ή
534 4773 634 4845 μὲν
666 4775 765 4845 τῆς
793 4773 975 4844 ψυχῆς
1003 4773 1165 4826 οὑσία
1193 4773 1348 4827 οὐδὲν
1375 4773 1434 4840 ἐξ
1463 4774 1628 4828 αὑτοῦ
1650 4793 1830 4848 παρα-

251 4867 554 4919 δλάπτεται
586 4882 600 4896 ·
635 4865 698 4919 τὸ
719 4865 776 4918 δὲ
801 4865 962 4936 σῶμα
991 4864 1084 4918 διά
1103 4865 1202 4936 τὴν
1233 4863 1328 4918 τοῦ
1380 4865 1688 4934 πνεύματος
1725 4883 1800 4920 κα

251 4955 377 5009 κίαν
414 4957 474 5008 οὑ
512 4955 756 5026 σαφῶςῆ
784 4955 1214 5025 καταλάμπεται
1244 4955 1277 5026 ἢ
1312 4956 1560 5027 ἐνεργεῖ·
1591 4958 1640 5010 εί
1669 4957 1726 5011 δέ
1741 4961 1828 5029 εἴη

249 5047 609 5118 λεπτομερὲς,
652 5046 1066 5117 ἀνεμποδίστως
1102 5045 1286 5098 καὶτὸ
1331 5045 1491 5116 σῶμα
1519 5046 1629 5100 τῶν
1670 5047 1832 5118 ψυχι-

251 5139 367 5194 κῶν
397 5139 692 5209 ἐνεργείων
715 5138 985 5193 ἀπολαύει
1012 5154 1028 5170 °
1057 5138 1150 5192 διὰ
1175 5138 1382 5210 ταύτην
1407 5139 1589 5193 τοίνυν
1605 5140 1703 5210 τὴν
1741 5143 1830 5195 al-

246 5232 373 5285 τίαν
404 5233 688 5304 ἀπέριττοι
721 5231 980 5301 μένοντες
1005 5231 1224 5286 κάλλιον
1254 5232 1297 5262 "
1330 5229 1685 5301 λογιζόμεθα,
1733 5233 1829 5286 καὶ

1934 4776 2259 4833 crassiorem
2291 4775 2681 4844 turbidumque
2707 4791 2830 4831 esse
2859 4777 3170 4847 contigerit,
3216 4793 3322 4833 non
3360 4779 3505 4843 ideo,

1934 4883 2004 4922 ne
2031 4865 2300 4920 tantillum
2332 4865 2552 4934 quidem
2595 4865 2796 4921 anima:
2846 4867 3151 4923 substantia
3195 4869 3266 4923 ab
3306 4885 3372 4924 eo
3412 4871 3507 4925 la:-

1931 4959 2101 5022 ditur,
2141 4973 2344 5027 corpus
2383 4972 2512 5012 vero
2556 4959 2784 5028 spiritus
2820 4958 2976 5022 vitio,
3011 4974 3188 5030 neque
3221 4961 3509 5031 perspicue
3553 5015 3556 5017 Α

1932 5050 2258 5112 illustratur,
2301 5063 2477 5119 neque
2495 5050 2738 5105 actiones
2780 5065 2911 5105 suas
2943 5051 3201 5106 ostendit.
3238 5051 3297 5106 Si
3326 5062 3509 5110 autem

1935 5141 2087 5195 illum
2109 5140 2450 5196 subtiliorem
2479 5155 2602 5196 esse
2621 5141 2934 5210 contigerit,
2965 5157 3166 5211 corpus
3186 5143 3394 5212 absque
3416 5145 3513 5199 im-

1933 5233 2244 5302 pedimento
2279 5232 2386 5302 37
2411 5231 2609 5286 animae
2656 5233 2963 5288 actionibus
3010 5232 3231 5292 fruitur.
3269 5233 3382 5291 [lac
3415 5237 3515 5308 igi-

323 5388 370 5420 ⁶⁶
390 5387 646 5463 στελεχία
677 5387 737 5463 Ιξ,
773 5387 900 5463 ἥτις
935 5385 1337 5463 στελεχιαία-Β.
1491 5385 1822 5463 περιέχουσα
1847 5385 1950 5463 [EAG
2113 5385 2158 5418 ⁸⁸
2195 5386 2633 5463 παρῴευόμενον
2668 5388 2852 5463 P.__"
2893 5390 3332 5463 ἐγκατασπεῖρον
3355 5395 3509 5463 είσμο

248 5457 456 5560 ὀχετῶν
479 5455 655 5528 ἀρχὰς
693 5457 758 5511 Ρ.
797 5455 809 5458 ’
855 5457 904 5489 ’⁸
941 5455 1227 5527 διαφύσεις
1249 5457 1310 5510 Β.
1410 5455 1457 5488 ’ί
1491 5472 1552 5510 τε
1571 5455 1669 5508 καὶ
1694 5456 1755 5509 Ρ.

248 5530 271 5560 1
345 5528 505 5560 ..λιιι-ιη
552 5529 579 5560 Δ
711 5527 758 5559 ἠ
807 5527 978 5560 usual.
1031 5528 1068 5560 ιι
1188 5527 1235 5559 ⁸1.
1269 5527 1436 5560 ηείιηη
1497 5526 1526 5560 Δ
1613 5525 1755 5560 "Anu

342 5527 607 5599 μόνονΑ.
711 5527 758 5559 ⁷⁸
807 5527 979 5598 μικρά
1027 5528 1088 5584 Β.

343 5597 488 5652 κατά
517 5599 560 5650 Β
608 5595 650 5652 C
701 5595 762 5651 P.
863 5598 910 5630 '°
955 5598 1088 5652 δοοοτ

251 5669 299 5701 ⁸³
329 5668 621 5732 δυκτιῶδες
660 5669 722 5721 Β.
807 5667 875 5739 ,⁸⁵
910 5666 1186 5739 ἐκλάμπει
1222 5669 1262 5720 Β
1298 5667 1340 5722 C
1369 5666 1430 5739 Ρ.
1491 5736 1500 5739 _
1531 5668 1576 5700 ⁸⁸

253 5739 299 5770 ⁸⁷
328 5739 654 5802 δικτυοειδές
683 5741 746 5807 A,
800 5737 1094 5802 δυκτιῶδες
1123 5739 1182 5792 Β.

1295 5739 1340 5770 ⁸⁸
1371 5736 1622 5808 ἀθαίριόν
1650 5753 1710 5790 τε
1743 5738 1805 5792 Β.

255 5810 502 5881 κρεῖττον
530 5809 589 5865 Ρ.

1863 5458 1909 5488 τ’
1939 5455 2290 5526 κλημακηδὸν
2317 5457 2381 5517 Β,
2428 5455 2840 5526 κληματοειδῶς
2893 5455 2941 5512 (ἶ
2968 5458 3030 5512 Ρ.

863 5527 1438 5652 namss:
1473 5525 2075 5652 escensa-
2108 5527 2172 5627 πεί

1014 5613 1309 5672 ροφορουσι
1365 5612 1433 5660 Is,
1473 5612 1603 5665 οορυ
1650 5612 1837 5666 ορουσι
1880 5612 1922 5652 υ
1966 5612 2024 5650 ι’.
2123 5612 2166 5627 υ·
2221 5612 2549 5650 Αεπτοτατον
2607 5612 2670 5650 ι’.
2773 5612 2818 5630 ⁸·
2863 5612 2938 5652 απ

1014 5670 1186 5739 ἀμπει
1222 5669 1262 5720 Β
1298 5667 1340 5722 C
1369 5666 1430 5739 Ρ.
1491 5736 1500 5739 _
1531 5668 1586 5739 "A
1693 5668 1894 5739 ἐκπεμ.
1916 5667 1988 5739 ’ἐκ
2022 5665 2248 5739 καρδίας
2278 5664 2366 5739 διὰ
2391 5666 2493 5739 ’τῆ-ς
2519 5668 2728 5739 ἀορκῆς
2749 5669 2843 5722 καὶ
2877 5671 2938 5725 Ρ.

1912 5737 1957 5768 ⁸⁹
1995 5753 2084 5806 γρ.
2101 5733 2111 5737 ⁷
2126 5733 2412 5805 άναπέμπ.
2447 5737 2508 5792 Ρ.

3130 5462 3177 5541 ."
3207 5462 3414 5541 παχέεν
3449 5462 3510 5541 βο

2887 5529 3214 5618 ἵξάγγείων
3272 5529 3320 5582 Β
3349 5532 3410 5584 0
3448 5533 3509 5618 Ρ.

2773 5597 2818 5630 ⁸³
2863 5599 2962 5652 ἀπ’
3008 5597 3221 5654 ἐκείνου
3279 5617 3390 5656 οιη.
3443 5604 3509 5657 Α.

2773 5669 2938 5742 ιαὶ-Ρ,
3042 5670 3088 5701 ⁸⁸
3128 5671 3410 5742 φερομένο
3443 5676 3513 5728 Α.

3121 5741 3163 5771 ⁹¹
3199 5741 3300 5811 μὲν
3359 5743 3510 5808 ὄντες

2279 5526 2324 5555 ⁷⁷
2364 5526 2675 5593 ἁναγκείων
2717 5528 2777 5580 Β.

2123 5596 2166 5627 ⁸³
2219 5593 2549 5650 λεπτότατον
2607 5598 2670 5650 Ρ.

2608 5739 2654 5770 ⁹⁰
2685 5739 2922 5810 ἐλαμψιν
2949 5743 3015 5795 Δ.
