3842 6376
246 434 385 490 H35

1464 435 1548 488 DE
1589 435 1874 493 unum
1915 437 2223 496 HOMIMS.
2324 417 2327 420 ’

3373 445 3511 505 1154

241 549 427 605 εἰώθει
457 547 568 622 γὰρ
591 549 661 603 τά
690 549 928 622 ἑψόμενα
959 551 1072 606 ἄνω
1098 551 1343 622 πέμπειν
1369 550 1470 622 τὴν
1496 552 1608 606 τῶν
1636 553 1821 624 ἀτμῶν

1931 569 2165 624 vapores
2220 570 2578 626 procreantur
2631 559 2781 628 (nam
2829 574 2952 629 quae
3019 570 3277 616 concocta
3360 573 3512 630 sunt,

241 643 516 714 ὑγρασίαν
546 643 626 674 ¹⁶⁶
679 643 774 696 ἐπὶ
828 644 921 696 τὸν
971 643 1274 713 ἐγκέφαλον
1315 639 1410 698 οὖν
1441 645 1481 677 ¹¹
1530 646 1708 700 ἄνεισι
1757 646 1830 699 τά

239 738 344 810 ήδη
374 735 752 807 ἐξατμηθέντα
777 738 818 770 ¹²
858 739 922 791 ἐκ
952 741 1054 809 τῆς
1086 739 1335 810 ἑψήσεως
1367 739 1545 811 ὑγρά,
1575 741 1669 794 καὶ
1695 739 1830 793 καθ-

239 829 661 900 υγραίνουσιν¹⁸
695 829 862 882 αὑτὸν
911 829 1148 894 ἱκανῶς,
1217 833 1314 885 καὶ
1363 831 1463 895 τὰς
1502 831 1830 900 κοιλότητας

239 919 409 973 αὐτοῦ
454 921 828 991 ἐμφράττουσι
855 921 900 952 ¹⁸
937 924 1003 992 τῇ
1038 923 1330 994 περιουσία
1354 924 1399 956 ¹⁸
1445 922 1552 993 τῆς
1587 921 1828 992 ὁμιχλὼ-

237 1009 368 1071 δους
403 1007 749 1079 παχύτητοςο
803 1008 900 1061 τοῦ
943 1009 1076 1078 γοῦν
1106 1012 1586 1082 χορηγουμένου¹⁸
1621 1012 1715 1064 ἐπὶ
1755 1011 1829 1064 τὰ

238 1102 580 1172 αἰσθητήρια
600 1143 614 1163 ,
646 1101 742 1154 καὶ
767 1103 860 1154 ἐπὶ
896 1103 966 1155 τὰ
1002 1104 1256 1174 πανταχῆ
1284 1105 1324 1134 ⁸⁷
1363 1105 1624 1174 διήκοντα
1656 1103 1828 1173 νεῦρα

237 1193 335 1245 τοῦ
389 1195 641 1264 σώματος
690 1195 926 1258 ζωτικοῦ
971 1196 1287 1266 πνεύματος
1323 1196 1742 1267 ἀμϐλυνομένου
1780 1195 1825 1228 ⁸⁸

240 1286 522 1355 ἐνεργεῖν,
573 1287 936 1356 ἁνενέργητος
981 1289 1010 1340 ό
1058 1287 1346 1358 ἄνθρωπος
1398 1289 1611 1358 γίνεται
1644 1286 1826 1361 νεκρῷ

244 1377 626 1446 παραπλήσιος
655 1379 718 1431 ¹⁹.
783 1377 949 1430 Ὅθεν
999 1367 1106 1432 καῖ’
1149 1381 1182 1450 ἡ
1229 1379 1728 1448 καταλαμϐάνουσα
1765 1383 1826 1437 τὸ

242 1467 386 1533 ζῶον
416 1467 662 1530 διάθεσις
697 1469 892 1535 ὕπνος
923 1469 1142 1538 λέγεται
1165 1511 1180 1534 ,
1209 1471 1362 1541 παρὰ
1402 1470 1462 1524 τὸ
1489 1472 1590 1536 τὰς
1620 1474 1826 1542 φρένας

240 1556 562 1608 ὑπονοστεῖν
582 1599 596 1622 ,
631 1557 800 1628 ήγουν
842 1558 1152 1628 ὑποχωρεῖν
1173 1575 1190 1590 ·
1225 1560 1285 1612 ἐν
1324 1559 1403 1629 τῷ
1436 1560 1594 1630 ύπνῷ
1627 1562 1737 1632 γὰρ
1767 1563 1824 1616 αἱ

238 1649 340 1702 τοῦ
371 1648 662 1720 ἀνθρώπου
706 1649 993 1720 αἰσθήσεις
1016 1651 1376 1704 ὑπονοστοῦσι
1417 1653 1464 1684 ⁸ο
1496 1652 1620 1705 καθ’
1657 1652 1717 1706 ὃν
1748 1652 1828 1707 ετ-

240 1756 406 1812 ρηται
435 1741 656 1811 τρόπον.
682 1741 774 1794 Ἐν
801 1740 880 1812 τῷ
904 1740 1058 1813 ῦπνῳ
1088 1743 1183 1796 καὶ
1209 1744 1265 1797 αί
1292 1745 1525 1812 φυσικαὶ
1548 1745 1824 1815 ἐνέργειαι

236 1831 520 1899 γίνονται,
576 1833 672 1885 καὶ
723 1833 780 1885 αί
831 1832 1028 1902 πέψεις
1069 1834 1164 1888 καὶ
1211 1833 1678 1905 ἐξαιματώσεις²ι
1726 1838 1824 1891 καὶ

1932 661 2095 716 supra
2130 648 2198 701 ad
2255 651 2542 704 cerebrum
2593 665 2859 719 vaporum
2930 651 3217 706 humorem
3263 653 3513 710 emittere

1920 739 2149 811 solent),
2185 741 2522 811 lii-nataque,
2555 744 2646 813 qui
2673 759 2736 798 ex
2780 743 3000 798 humida
3027 745 3384 800 concoctione
3417 761 3512 800 vu-

1925 845 2092 901 pores
2146 833 2474 887 exhalarunt
2506 873 2521 897 ,
2592 849 2755 904 supra
2812 835 3160 900 eﬁ‘eruntur;
3214 849 3246 890 a
3302 836 3506 905 quibus

1931 933 2056 976 cum
2131 924 2418 976 cerebrum
2489 922 2624 976 satis
2700 924 2767 977 ad
2836 923 3057 977 modum
3120 924 3466 979 humectatur
3492 964 3509 987 ,

1928 1026 2061 1067 cava
2133 1011 2256 1082 ejus
2321 1013 2394 1066 ab
2451 1014 2805 1067 exuberantia
2871 1013 3183 1083 caliginosae
3248 1015 3513 1071 crassitu-

1925 1102 2108 1167 dinis,
2161 1111 2218 1157 et
2273 1103 2345 1157 ab
2409 1118 2514 1166 eo.
2583 1104 2728 1172 quod
2779 1104 2847 1159 ad
2903 1105 3150 1161 sensoria
3203 1119 3267 1161 ac
3312 1122 3510 1161 nervos

1929 1195 2098 1249 totius
2121 1195 2366 1264 corporis
2395 1195 2764 1262 distribuitur,
2795 1196 3032 1264 oppilata
3067 1196 3390 1262 redduntur,
3425 1200 3509 1253 vi-
3579 1246 3584 1251 .

1927 1286 2087 1339 talem
2119 1286 2368 1356 spiritum
2392 1287 2631 1356 propriis
2658 1287 2710 1340 in
2761 1287 3070 1342 actionibus
3106 1288 3360 1343 obtusum
3395 1289 3510 1343 etil-

1926 1377 2021 1438 cit,
2091 1377 2236 1432 unde
2291 1379 2457 1432 homo
2506 1378 2576 1432 ab
2636 1379 2787 1432 omni
2825 1378 3043 1433 actione
3114 1379 3392 1441 immunis.
3453 1389 3509 1434 et

1927 1466 2122 1524 similis
2152 1478 2369 1524 mortuo
2421 1470 2672 1524 ellioitur.
2731 1469 3074 1540 Quapropter
3107 1470 3323 1526 atlcctio
3383 1487 3506 1540 quae

1927 1558 2203 1612 hominem
2236 1571 2488 1628 occupat,
2524 1559 2690 1623 ὕπνος
2717 1562 2925 1624 Graec,
2973 1575 3202 1615 somnus
3256 1561 3510 1616 videlicet

1924 1659 2296 1720 nuncupatur,
2364 1667 2394 1704 a
2447 1650 2637 1705 Graeco
2691 1652 3022 1705 ὑπονωστεῖν
3079 1651 3308 1721 φρέναςς
3359 1651 3507 1720 quod

1925 1739 2094 1794 animi
2121 1755 2400 1796 secessum
2431 1741 2643 1797 diceres
2669 1760 2684 1807 ;
2741 1742 3035 1812 siquidem,
3069 1742 3291 1797 homine
3311 1757 3509 1798 somno

1924 1842 2211 1904 occupato,
2227 1833 2346 1903 ejus
2369 1849 2585 1900 sensus,
2606 1849 2714 1904 quo
2729 1842 2887 1905 pacto
2906 1834 3265 1898 asseruimus,
3285 1835 3504 1890 cedunt.

235 1923 524 1988 ἀναδόσεις
543 1925 590 1956 ³⁸
618 1925 718 1994 τῆς
749 1927 957 1996 τροφῆς
985 1926 1122 1998 πρὸς
1145 1927 1326 1981 πάντα
1352 1927 1423 1981 τὰ
1454 1928 1620 2000 μόρια
1652 1929 1821 2000 ἀνεμ-

1929 1919 2064 1975 Nam
2102 1922 2278 1996 sopito
2309 1924 2470 1978 etiam
2521 1924 2758 1988 homine,
2791 1933 2999 1979 natura:
3030 1923 3202 1994 ipsius
3264 1924 3508 1978 actiones

235 2017 508 2080 ποδίστως
537 2017 952 2084 ἐπιτελοῦνται,
975 2020 1039 2072 ἐκ
1061 2020 1160 2090 τῆς
1191 2019 1334 2074 κατὰ
1361 2019 1524 2088 φύσιν
1551 2021 1822 2092 κινήσεως

235 2109 651 2179 ἀπρακτοῦντος
702 2109 798 2163 τοῦ
853 2108 1017 2174 ζὼου.
1103 2111 1334 2182 Ἡσυχία
1389 2111 1498 2183 γάρ
1551 2114 1669 2169 ἐστι
1726 2113 1822 2168 καὶ

234 2201 422 2256 παῦλα
445 2201 490 2234 ⁸³
515 2200 627 2255 τῶν
659 2202 908 2272 φυσικῶν
936 2202 1230 2273 ἐνεργειῶν
1257 2204 1286 2256 ό
1320 2203 1510 2267 ὕπνος.

307 2469 372 2524 Ei
419 2469 479 2524 δέ
526 2486 658 2524 ποτε
708 2474 1098 2542 στενοχωροῖτο
1161 2473 1260 2544 μὲν
1291 2472 1397 2526 ὑπὸ
1449 2473 1549 2545 τῆς
1606 2473 1818 2530 ἔνδοθεν

232 2564 656 2634 ἀναθυμιάσεως
682 2565 715 2634 ή
746 2565 876 2633 περ)⁵
914 2567 982 2618 τὰ
1013 2566 1346 2636 αἰσθητήρια
1377 2564 1642 2638 διασκευὴ
1667 2606 1683 2630 ,
1716 2583 1818 2620 κω-

233 2653 420 2707 λύοιτο
444 2653 501 2707 δὲ
524 2655 668 2710 κατά
695 2671 822 2709 τινα
855 2655 1048 2727 χρείαν
1068 2659 1115 2688 ’⁵
1142 2657 1170 2709 ό
1207 2655 1395 2722 ὕπνος,
1427 2656 1634 2728 πλῆρες
1665 2657 1820 2726 γενό-

237 2763 402 2815 μενον
462 2746 572 2799 τῶν
620 2747 811 2816 ἀτμῶν
859 2749 923 2800 τὸ
979 2746 1251 2818 νευρῶδες
1304 2747 1436 2800 αὐτὸ
1487 2748 1576 2816 ὑφ’
1623 2748 1816 2802 ἐαυτοῦ

235 2837 486 2904 φυσικῶς
510 2839 860 2894 διατείνεται.
893 2839 1168 2894 Είὼθεσαν
1197 2843 1242 2873 ³⁵
1267 2839 1376 2910 γὰρ
1395 2841 1447 2892 oi
1476 2839 1612 2910 μῦες
1635 2841 1728 2894 καὶ
1749 2842 1819 2893 τὰ

233 2928 408 3000 νεῦρα
451 2929 860 3001 (θερμαινόμενα
912 2931 1255 2985 διίστασθαι⁸
1307 2932 1445 3002 ὅπερ
1478 2933 1523 2963 ’⁸
1576 2931 1667 2986 διὰ
1718 2933 1818 3002 τῆς

234 3022 512 3086 ἐντάσεως
538 3023 570 3091 ἢ
597 3023 933 3086 διαστάσεως
961 3023 1025 3076 τὸ
1059 3023 1333 3092 παχυνθέν
1363 3023 1470 3077 ὑπὸ
1493 3023 1600 3077 τῶν
1623 3025 1816 3095 ἀτμῶν

237 3113 408 3184 μέρος
435 3115 775 3186 ἐκλεπτυνθῇ
799 3133 813 3148 ο
840 3113 954 3170 οἷόν
983 3132 1037 3169 τι
1070 3115 1318 3169 ποιοῦσιν
1354 3117 1404 3168 οἱ
1433 3115 1524 3170 διὰ
1552 3117 1654 3189 τῆς
1685 3134 1818 3185 σφο-

231 3205 499 3276 δροτέρας
536 3207 921 3278 στρεϐλώσεως
953 3209 1014 3261 τὺ
1044 3207 1190 3279 ὕδωρ
1229 3208 1340 3262 τῶν
1371 3209 1604 3280 ἱματίων
1631 3208 1816 3264 ἐκθλίο

128 3343 134 3349 .
233 3297 445 3360 ϐοντες.
481 3299 592 3350 Καὶ
621 3299 812 3367 ἐπειδὴ
843 3300 1147 3370 κυκλοτερῆ
1176 3301 1246 3354 τὰ
1279 3301 1410 3371 περὶ
1435 3301 1530 3355 τὸν
1560 3303 1819 3372 φάρυγγα

237 3389 383 3461 μέρη
405 3406 421 3420 '
475 3391 762 3455 πλεονάζει
791 3392 850 3446 δὲ
905 3392 966 3445 τὸ
987 3393 1255 3463 νευρῶδες
1287 3395 1346 3446 ἐν
1373 3393 1608 3458 τούτοις.
1651 3395 1819 3450 Ὅταν

234 3482 332 3534 καὶ
373 3481 480 3534 άπὸ
503 3481 710 3535 τούτων
756 3483 1060 3554 ἐξωσθῆναι
1088 3483 1172 3536 δεῖ
1211 3485 1310 3554 τὴν
1341 3485 1534 3554 ἀτμῶν
1564 3485 1818 3555 παχυμέ-

238 3586 394 3640 ρειαν
418 3586 432 3600 ’
464 3572 824 3626 διατείνονται
848 3573 892 3604 ⁸⁷
921 3574 972 3625 oi
1005 3571 1139 3642 μύες
1185 3572 1280 3625 τοῦ
1317 3574 1586 3642 στόματος
1611 3575 1655 3606 ’⁸
1675 3614 1690 3638 ,
1724 3574 1819 3628 καὶ

231 3661 538 3716 διῖστανται
561 3680 575 3692 ο
609 3665 703 3718 καὶ
729 3664 840 3718 τῶν
868 3663 1018 3729 ἐντὸς
1041 3667 1262 3720 πάντων
1293 3667 1374 3729 εἰς
1397 3665 1602 3720 κύκλου
1633 3669 1819 3738 σχῆμα

232 3751 616 3819 διατιθέντων,
645 3755 678 3822 ή
709 3754 1009 3825 λιγνυώδης
1031 3753 1216 3827 ἐκείνη
1243 3753 1499 3826 παχύτης
1532 3758 1566 3825 ή
1597 3756 1816 3810 ἐναπει-

234 3842 494 3914 λημμένη
521 3845 568 3876 "
615 3847 729 3909 τοῖς
781 3845 978 3916 μέρεσι
1015 3845 1229 3910 τούτοις
1285 3847 1694 3903 συνδιαπνείται
1749 3851 1816 3920 τῇ

234 3931 456 4004 διεξόδῳ
507 3935 601 3986 τοῦ
655 3935 987 4005 πνεύματος.
1023 3936 1296 3998 Πολλάκις
1337 3936 1395 3989 δὲ
1429 3938 1524 3990 καὶ
1556 3937 1696 4008 μετὰ
1727 3937 1818 3990 τὸν

235 4023 408 4079 ὕπνον
466 4022 576 4079 οἶδε
625 4027 687 4079 τὸ
736 4027 981 4080 τοιοῦτον
1038 4028 1398 4099 συμϐαίνειν·
1446 4029 1575 4083 ὅταν
1608 4049 1678 4084 τι.
1707 4029 1818 4084 τῶν

233 4114 428 4183 ἀτμῶν
457 4116 682 4168 ἐκείνων
709 4117 1087 4189 περιλειφθείη
1131 4120 1243 4182 τοῖς
1276 4119 1483 4183 τόποις,
1515 4121 1817 4176 ἄπνευστον

235 4209 340 4262 καὶ
373 4209 704 4262 ἀδιὰπεπτον
730 4211 797 4264 ³⁸.
831 4210 905 4262 Ού
945 4209 1103 4279 μόνον
1138 4210 1194 4263 δὲ
1232 4212 1288 4263 αἱ
1323 4210 1518 4280 πέψεις
1550 4213 1647 4265 καὶ
1669 4213 1817 4276 ἐξαι-

242 4297 519 4369 ματώσεις
549 4301 644 4353 καὶ
679 4300 958 4362 ἀναδόσεις
987 4300 1130 4354 κατὰ
1167 4300 1259 4354 τὸν
1294 4303 1487 4371 καιρὸν
1516 4302 1611 4355 τοῦ
1646 4301 1816 4356 ῦπνου

237 4389 520 4444 τειλσῦνται
543 4432 560 4458 ,
592 4391 730 4444 ἀλλὰ
755 4393 851 4446 καὶ
879 4392 922 4424 ³⁸
953 4393 1022 4446 τὰ
1068 4393 1235 4446 λοιπὰ
1283 4395 1707 4464 περιττώματα,
1751 4397 1821 4450 τὰ

242 4483 344 4554 μὲν
373 4483 554 4554 παχέα
581 4483 927 4550 λεπτύνεται,
965 4485 1034 4538 τὰ
1065 4485 1123 4539 δὲ
1156 4485 1334 4539 λεπτά
1359 4488 1456 4540 καὶ
1481 4487 1682 4557 δριμέα
1714 4508 1822 4544 πα-

1925 2021 1980 2065 et
2006 2014 2421 2078 concoctiones,
2449 2013 2844 2084 sanguinisque
2873 2012 3184 2084 procreatio
3203 2013 3373 2079 ﬁunt;
3406 2028 3508 2068 nec

1925 2120 2035 2159 non
2071 2105 2391 2160 alimentum
2439 2106 2504 2159 ad
2549 2105 2792 2175 singulas
2843 2105 3091 2173 corporis
3140 2112 3341 2173 partes,
3387 2103 3507 2172 ipso

1922 2197 2176 2252 animalis
2216 2213 2326 2267 quo
2363 2206 2556 2250 natura
2610 2197 2867 2266 praeditus
2915 2204 3001 2250 est
3042 2204 3223 2250 motus
3261 2203 3502 2264 experte,

1923 2288 2082 2344 facile
2129 2288 2494 2358 progreditur.
2550 2286 2830 2356 Siquidem
2893 2299 3121 2341 somnus
3175 2284 3502 2340 naturalium

1923 2383 2200 2439 actionum
2257 2380 2600 2435 taciturnitas
2647 2395 2713 2434 ac
2767 2377 2925 2447 quies
2967 2378 3218 2434 habetur.

1993 2475 2052 2528 Si
2115 2489 2240 2528 vero
2307 2472 2620 2527 distributio
2667 2486 2786 2541 qua:
2849 2470 2915 2525 ad
2974 2469 3261 2533 sensoria,
3312 2469 3381 2524 ab
3438 2485 3502 2524 ea

1921 2582 2042 2638 qua:
2066 2566 2396 2620 intrinsecus
2417 2564 2494 2625 iit,
2535 2561 2882 2616 exhalatione
2914 2560 3182 2630 procedit,
3233 2557 3503 2627 angustiis

1923 2656 2181 2728 praecludi
2234 2655 2552 2726 contigerit,
2593 2654 2671 2708 vel
2728 2667 2954 2708 somnus
2993 2651 3280 2706 occasione
3319 2649 3502 2719 aliqua

1926 2749 2362 2817 interciperetur,
2389 2761 2513 2801 cum
2545 2745 2721 2810 locus,
2750 2745 2845 2814 qui
2878 2744 3061 2798 nervis
3113 2742 3364 2798 consitus
3392 2748 3498 2805 est,

1923 2838 2366 2894 exhalationibus
2400 2837 2661 2906 repletur,
2688 2836 2790 2906 ipsi
2821 2845 3015 2906 sponte
3041 2849 3140 2891 sua
3175 2843 3382 2892 natura:
3411 2849 3502 2888 or-

1924 2931 2049 2984 dine
2083 2929 2486 2984 distenduutur.
2523 2925 2657 2981 Nam
2708 2935 2824 2980 tum
2849 2926 3104 2991 museuli,
3172 2934 3285 2980 tum
3322 2925 3497 2990 nervi.

1923 3022 2159 3078 calorem
2191 3019 2505 3084 sentientes,
2530 3018 2763 3074 distendi
2785 3025 3354 3087 consueverunl,quo,
3387 3032 3500 3087 prae

1923 3115 2009 3170 sui
2044 3112 2359 3170 extensione
2406 3126 2472 3167 ac
2510 3109 2847 3173 dilatatione,
2903 3124 3030 3180 pars
3071 3123 3194 3180 quae
3233 3123 3497 3184 vaporum

1924 3222 2087 3263 causa
2128 3213 2514 3269 crassescerat,
2541 3203 2760 3260 subtilis
2795 3202 3109 3258 redderetur
3142 3219 3155 3255 :
3202 3202 3309 3258 tale
3337 3203 3498 3274 quid—

1923 3301 2066 3368 piam
2095 3298 2205 3370 39
2227 3299 2279 3351 in
2317 3296 2422 3352 illis
2475 3296 2568 3366 qui
2612 3310 2822 3366 pannos
2855 3295 3100 3350 madidos
3124 3294 3500 3351 vehementius

1925 3401 2175 3460 torquere
2207 3388 2411 3454 solent,
2438 3402 2594 3457 aqua:
2617 3385 2983 3456 exprimendae
3027 3385 3196 3455 gratia
3218 3423 3235 3450 ,
3273 3399 3500 3440 cernere

1921 3489 2026 3537 est.
2059 3479 2124 3534 Et
2161 3480 2422 3550 quoniam
2469 3487 2650 3548 partes
2672 3492 2793 3547 qua!
2829 3477 2897 3531 ad
2938 3485 3124 3546 guttur
3166 3476 3497 3544 consistunt,

1922 3569 2209 3626 circularis
2248 3568 2437 3622 formze
2468 3577 2615 3630 sunt,
2661 3567 2808 3637 ipsas
2858 3566 3256 3636 multiplicibus
3309 3567 3496 3623 nervis

1922 3662 2131 3718 obsitas
2182 3675 2304 3716 esse
2359 3657 2712 3713 manifestum
2768 3657 3020 3713 habetur.
3069 3657 3316 3729 Cumque
3362 3659 3498 3729 ipsis

1923 3760 2324 3808 crassescentes
2380 3765 2611 3820 vapores
2648 3749 2918 3819 expellere
2969 3753 3340 3806 necessarium
3399 3753 3494 3817 sit,

1923 3844 2179 3903 musculi.
2211 3843 2304 3913 qui
2349 3843 2402 3896 in
2437 3856 2533 3896 ore
2577 3850 2724 3904 sunt,
2783 3840 3167 3896 distenduntur
3203 3843 3497 3912 sejungun-

1923 3949 2159 4007 turquc;
2192 3945 2247 3990 et
2285 3950 2409 3990 cum
2449 3933 2634 3989 omnia
2667 3949 2790 4002 quae
2836 3935 2984 3989 intus
3023 3935 3294 3989 exsistunt
3323 3935 3500 3990 circu-

1922 4039 2052 4094 laris
2101 4038 2285 4108 ﬁgurae
2313 4037 2442 4097 sint,
2502 4049 2820 4105 vaporosam
2872 4033 3044 4098 illam,
3089 4049 3211 4104 quae
3254 4035 3499 4104 partibus

1923 4131 2056 4201 ipsis
2104 4127 2426 4198 complicata
2475 4135 2612 4189 erat,
2643 4124 3094 4188 crassitudinem,
3148 4124 3313 4179 simul
3372 4139 3496 4178 cum

1924 4222 2065 4291 ipso,
2126 4221 2178 4274 in
2231 4218 2554 4274 oscitatione
2605 4216 2917 4286 egrediente
2961 4216 3178 4285 spiritu,
3220 4215 3497 4270 exhalant.

1923 4311 2054 4366 Tale
2093 4311 2366 4380 quoddam
2413 4326 2441 4361 a
2481 4322 2676 4362 somno
2713 4307 2877 4360 etiam
2932 4305 3325 4376 expergefactis
3379 4305 3500 4375 ple-

1922 4416 2157 4471 rumque
2184 4400 2404 4455 evenire
2431 4399 2588 4462 solet,
2620 4414 2745 4453 cum
2788 4412 2979 4452 eorum
3009 4397 3190 4466 aliqua
3235 4411 3500 4465 vaporum

1923 4492 2129 4563 portio,
2163 4505 2270 4544 non
2312 4491 2560 4552 decocta,
2609 4504 2711 4544 nec
2749 4489 2972 4553 emissa,
3003 4488 3140 4544 locis
3173 4488 3230 4544 in
3275 4488 3381 4542 illis
3408 4503 3501 4544 re-

234 4573 459 4644 χύνεται
491 4578 859 4648 συμμέτρωςο
889 4577 983 4630 καὶ
1023 4578 1457 4648 εύκρατοῦται⁸¹
1502 4581 1600 4634 καὶ
1643 4598 1815 4650 μετα-

1927 4585 2075 4655 liqua
2126 4582 2312 4638 fuerit.
2373 4581 2564 4636 Somni
2617 4589 2795 4635 autem
2848 4588 3112 4648 tempore,
3169 4593 3282 4635 non
3334 4578 3498 4634 modo

235 4666 496 4721 ϐάλλεται
521 4685 536 4701 ο
575 4670 669 4722 καὶ
713 4671 783 4725 τὰ
816 4671 1048 4742 περιττὰ
1089 4671 1227 4742 πρὸς
1269 4673 1521 4744 ἐκκρισιν
1556 4677 1814 4729 κατεπεί-

234 4773 417 4826 γεται.
451 4760 565 4814 Καὶ
599 4761 811 4832 μάρτυς
844 4765 878 4834 ή
915 4765 1082 4834 πεῖρα
1103 4764 1197 4816 τοῦ
1229 4765 1425 4835 χρόνου
1452 4781 1466 4796 ’
1501 4766 1663 4831 εὐθὺς
1705 4769 1815 4839 γὰρ

233 4851 616 4924 ἀνισταμένων
649 4856 806 4926 ἡμῶν
837 4855 899 4920 ἐξ
932 4854 1126 4919 ὕπνου,
1157 4858 1294 4929 πρὸς
1329 4857 1560 4930 οὔρησιν
1592 4864 1689 4915 καὶ
1716 4862 1816 4934 τὴν

233 4943 349 4997 τῶν
375 4944 619 5014 mpsim
643 4945 996 5016 ἀποπάτησιν
1025 4943 1320 5018 τρέχομεν.

1927 4675 2332 4736 concoctiones,
2368 4672 2762 4742 sanguinisque
2789 4669 3116 4740 procreatio,
3146 4667 3502 4738 dispensatio-

1925 4785 2150 4839 nesque.
2195 4769 2287 4824 sed
2319 4765 2530 4835 reliqua
2555 4763 2722 4818 etiam
2753 4770 3125 4827 excrementa,
3157 4760 3507 4816 constituun-

1928 4873 2036 4919 tur.
2073 4861 2336 4928 Quorum,
2399 4871 2522 4927 quae
2573 4869 2763 4911 crassa
2814 4861 2964 4918 sunt,
3005 4863 3319 4918 tenuantur,
3383 4868 3508 4923 qua:

1924 4967 2052 5008 vero
2101 4949 2262 5006 exilia
2301 4950 2647 5017 acerbaque,
2703 4945 2982 5001 moderate
3032 4954 3379 5001 crassescunt
3439 4961 3505 5000 ac

231 5034 294 5091 in
349 5040 670 5109 sanguinem
720 5047 1148 5108 commutantur;
1198 5055 1252 5098 et
1298 5053 1597 5114 temperata
1639 5045 1798 5110 ﬁunt.
1857 5055 1913 5102 et
1966 5053 2443 5109 transmutantur;
2479 5055 2582 5097 nec
2655 5054 2766 5095 non
2809 5054 2932 5110 quae
2991 5053 3326 5108 supervacua
3376 5049 3509 5094 sunt

231 5133 303 5188 ad
349 5135 716 5189 excretionem
747 5134 1081 5206 diriguntur.
1157 5135 1289 5191 Nam
1324 5138 1682 5207 experientia,
1755 5138 2017 5208 temporis
2072 5138 2312 5207 optimus
2357 5135 2511 5190 testis
2533 5131 2784 5188 habetur.
2819 5131 2962 5186 Cum
3007 5131 3250 5203 primum
3309 5147 3506 5190 somno

234 5226 564 5294 excitamur,
602 5237 716 5283 tum
753 5229 822 5284 ad
861 5229 1090 5298 humidi,
1122 5239 1236 5286 tum
1270 5233 1402 5288 sicci
1447 5235 1690 5290 alimenti
1717 5245 2192 5292 excrementorum
2222 5240 2582 5305 purgamenta
2614 5229 2864 5285 ferimur.

234 5363 424 5487 ἀτμῶν
448 5365 542 5417 καὶ
569 5362 679 5416 ἀπὸ
704 5363 815 5417 τῶν
836 5362 1272 5433 ἐξατμισθέντων
1294 5369 1357 5421 ὲκ
1384 5367 1484 5438 τῆς
1507 5367 1786 5440 ἑψήσεως·
1806 5370 1899 5422 ἐπὶ
1919 5369 2012 5422 τὸν
2034 5350 2338 5437 ἐγκέφαλον
2357 5369 2556 5430 ἄνεισι,
2573 5365 2670 5418 καὶ
2691 5363 2882 5418 τοῦτον
2913 5364 3117 5428 ἱκανῶς
3139 5363 3500 5435 καθυγραινει

234 5451 310 5490 κα
358 5433 459 5490 τὰς
480 5433 802 5490 κοιλότητας
823 5434 1130 5490 ἐμφράττει
1161 5439 1224 5490 Ρ.
1303 5439 1346 5470 ⁸⁸
1364 5441 1630 5490 ἐργασίαν
1659 5441 1724 5490 Α.
1802 5441 1846 5473 ⁸⁸
1861 5437 1958 5490 οὖν
1987 5453 2100 5490 om.
2133 5440 2193 5490 B.
2271 5439 2316 5470 “
2337 5435 2735 5490 ἐξατμισθέντα
2764 5437 2806 5488 Β
2833 5434 2894 5489 C.
2971 5435 3016 5467 ¹³
3045 5436 3500 5490 καθυγραίνοντες

358 5433 459 5507 τᾲς
480 5433 802 5507 κοιλότητας
823 5434 1130 5507 ἐμφράττει
1161 5439 1224 5492 P.
1303 5439 1346 5470 ¹⁶
1364 5441 1389 5491 ἐ

236 5455 335 5490 και
358 5455 459 5498 τας
480 5455 802 5507 κοιλοτητας
823 5455 1130 5504 εμφραττει
1161 5455 1224 5492 ι’.
1303 5455 1346 5470 ⁸⁹
1364 5455 1389 5491 ε

236 5505 298 5577 Β.
328 5503 690 5577 καθυγραίνει
713 5503 804 5577 (_3._
855 5503 1339 5577 “inopacant;

238 5576 282 5608 "
317 5573 605 5651 πανταχοῦ
773 5573 833 5626 Ρ.
914 5573 956 5606 ³⁸
985 5573 1225 5651 ζωτικὸν
1264 5579 1486 5648 πνεῦμα
1514 5573 1928 5651 ἀμϐλυνόμὲνον
1967 5581 2030 5634 Β.
2061 5573 2498 5651 ἀναϐλυνομένου

234 5644 371 5726 απλ.
399 5643 605 5726 oin;
634 5645 683 5726 Ἰ
711 5643 1071 5726 ὑπονοστοῦσι
1102 5643 1826 5726 τουτέστι-ύποχώροῦσι-Ἰζ
1851 5652 2036 5726 dicax.“
2062 5653 2105 5704 Α
2148 5649 2278 5726 B_C.
2335 5643 2349 5651 ⁷
2391 5650 2435 5682 ⁸⁸
2478 5649 2533 5726 αἱ
2559 5647 2828 5726 ἐξαιμειΒ
2855 5648 2916 5700 Ρ.
2993 5646 3039 5726 2
3077 5646 3259 5726 statim.

927 5715 1077 5788 ρρίης
1105 5719 1171 5772 Α.
1247 5721 1292 5752 ³³
1323 5713 1607 5774 εἰώθεισαν
1643 5724 1687 5773 Α
1722 5723 1764 5776 C
1795 5721 1821 5774 Γ

1931 5713 2158 5784 ’δ’όπως
2187 5721 2226 5771 Β
2249 5734 2419 5786 usque
2449 5718 2515 5771 aii
2549 5713 2824 5788 παχυνθέν
2855 5731 2966 5788 om.
2995 5713 3061 5770 C.
3089 5713 3298 5788 it._P_i_n
3322 5724 3504 5788 textu,

235 5716 284 5748 ”
321 5714 613 5784 ἀνάπαυλα
643 5715 703 5769 Β.
811 5714 858 5746 ⁸⁸
889 5732 920 5784 χ

238 5786 284 5817 ’⁷
325 5784 471 5839 διατ.
501 5781 595 5839 οὖν
629 5786 691 5839 Β.

803 5783 975 5860 ’.δ’τοῦ
1003 5783 1161 5857 στόμ.
1195 5805 1304 5845 om.
1339 5791 1408 5854 Β,
1429 5791 1525 5844 τοῦ
1557 5790 1806 5860 σώματος
1826 5792 1888 5844 (1.

1467 5434 1630 5492 ασίαν
1659 5441 1724 5494 Α.
1802 5437 1958 5494 ¹¹οὖν
1987 5434 2100 5493 om.
2133 5434 2193 5494 Β.
2271 5439 2316 5470 ¹¹
2337 5435 2735 5508 ἐξατμισθέντα
2764 5437 2806 5508 Β
2833 5434 2905 5508 C._
2971 5435 3016 5467 ¹³
3045 5436 3506 5508 καθυγραίνοντες

1512 5511 1556 5582 ‘7'
1584 5513 1650 5582 τῇ
1680 5510 1840 5582 οὐσίᾳ
1866 5512 1932 5564 Α.
1968 5509 2058 5582 7“
2076 5509 2149 5582 ob
2173 5503 2580 5582 χορηγούμενον
2605 5506 2668 5560 Β.
2693 5506 2788 5582 καὶ
2811 5503 2908 5582 τοῦ
2935 5503 3345 5582 χορηγούμένου
3368 5503 3410 5558 C
3440 5506 3502 5560 P.

2710 5579 2752 5610 ¹⁹
2781 5579 2878 5630 καὶ
2912 5594 2960 5631 ν.
2987 5593 3048 5628 π.
3080 5576 3122 5631 C
3157 5577 3258 5630 Ρκ.
3286 5595 3334 5628 ν.
3366 5591 3507 5631 παι)⁴

2391 5650 2435 5682 ⁸⁸
2478 5649 2533 5701 αί
2559 5647 2749 5718 ἐξαιμ.
2786 5647 2828 5700 Β
2855 5648 2916 5700 Ρ.
2993 5646 3039 5718 ’_’
3077 5645 3317 5718 αἰάναδ.
3367 5645 3408 5696 Β
3441 5645 3504 5699 Ρ.

2003 5784 2496 5870 ’ξ-ἐναπειξιήμένη
2520 5789 2592 5870 Β..
2629 5784 2703 5820 ⁷³⁸
2725 5785 2974 5870 άπεπτόν
3003 5803 3063 5842 τε
3091 5786 3186 5841 καὶ
3215 5784 3507 5841 άδιάπνευ-

242 5871 368 5912 στον
394 5857 436 5910 Β
465 5855 506 5913 C
527 5858 592 5912 P.
668 5857 708 5890 "
753 5853 889 5912 ἀλλὰ
915 5855 1023 5929 γὰρ
1049 5853 1140 5912 καὶ
1179 5860 1241 5914 Β.
1319 5862 1363 5893 ³⁸
1390 5853 1457 5916 οὐ
1483 5853 1768 5935 κρατεῖται
1790 5853 1859 5930 7A,
1895 5862 1990 5919 καὶ
2019 5853 2391 5933 ἐξαματοῦται
2415 5853 2508 5914 καὶ
2542 5859 2698 5933 εύκρ.
2732 5860 2796 5915 Ρ.
