3842 6432
411 444 551 499 H35

1713 436 1995 494 MELETII
2034 436 2343 497 MONACHI

3527 442 3673 499 “56

480 559 526 612 Α
546 573 741 614 somno
756 559 940 624 etiam,
960 569 1276 612 morborum
1297 557 1789 628 agritudinuutque
1807 557 1965 613 visat

2163 553 2286 612 Οἵδε
2323 556 2381 611 δὲ
2409 556 2454 588 ³³
2498 557 2527 608 ὁ
2563 555 2729 619 ὕπνος
2770 557 2865 609 καὶ
2913 556 3238 626 νοσημάτων
3291 557 3670 628 σφοδρότητας

408 665 518 718 quc
545 649 880 704 vehementia
899 649 1123 704 obtundi
1149 649 1305 704 solet.
1332 646 1556 715 Quin,et
1587 649 1756 704 animi
1778 649 1982 705 sollici-

409 742 645 800 tudines.
677 740 1020 810 doloresque,
1039 740 1225 804 solari,
1253 751 1308 794 et
1326 754 1446 795 esse
1463 740 1820 811 gaudiicausa
1838 755 1984 797 som-

409 849 514 888 nus
537 833 702 886 uovit.
726 831 861 887 Cum
880 832 1024 885 enim
1051 830 1294 886 diliiciles
1314 831 1492 886 morbi
1515 832 1581 886 ad
1594 831 1805 887 felicem
1833 832 1981 888 vale-

408 923 616 978 tudinis
639 932 892 978 eventum
914 930 1216 985 mutantur,
1249 923 1575 988 amicorum,
1599 933 1979 995 cognatorum.

405 1027 536 1081 que,
559 1020 723 1080 atque
743 1009 1116 1076 familiarium,
1153 1018 1268 1064 tum
1295 1012 1467 1082 ipsius
1495 1011 1694 1076 aﬂ‘ecti,
1721 1013 1978 1080 gaudium

406 1102 780 1173 subsequitur,
810 1103 954 1170 quod
981 1117 1090 1157 non
1121 1117 1186 1156 ex
1227 1104 1444 1174 propria
1484 1104 1655 1160 nostri
1679 1105 1977 1170 voluntate,

405 1195 501 1250 sed
538 1209 728 1250 eorum
774 1209 896 1264 quae
951 1194 1266 1249 acciderunt
1311 1209 1473 1250 causa
1525 1195 1813 1265 provenire
1857 1211 1978 1251 seru

408 1295 521 1340 tmn
565 1295 668 1341 est.
696 1285 801 1352 Qui
843 1286 988 1340 enim
1033 1286 1230 1342 valenti
1277 1301 1505 1357 corpore
1539 1287 1706 1342 vitam
1747 1289 1976 1360 peragit,

405 1378 566 1448 eique
615 1386 811 1434 cuncta
855 1393 978 1448 quae
1024 1378 1201 1433 oculis
1243 1379 1605 1452 auribusque;
1632 1380 1975 1436 animadver-

407 1471 489 1532 tit,
515 1469 758 1523 aninium
800 1469 1095 1533 oblectant,
1123 1485 1225 1524 nec
1269 1469 1370 1525 sibi
1421 1471 1718 1541 quidquam
1763 1473 1976 1528 adversi

405 1560 737 1627 suspicatur,
773 1560 973 1626 gaudio
1011 1559 1264 1615 atlicitur.
1297 1561 1400 1627 Qui
1446 1577 1596 1626 vero,
1641 1565 1724 1618 vel
1771 1576 1972 1621 contu-

405 1647 582 1701 meliis
626 1648 906 1703 insecutus
937 1656 1042 1714 est,
1071 1649 1152 1702 vel
1189 1649 1448 1703 damnum
1484 1651 1672 1714 sentit,
1701 1653 1816 1707 sive
1839 1669 1976 1722 pau-

404 1744 610 1804 pertate
651 1738 933 1807 premitur,
958 1753 1132 1808 neque
1157 1740 1308 1794 illum
1334 1755 1572 1810 unquam
1600 1757 1724 1811 spes
1754 1743 1978 1800 laetioris

403 1829 637 1887 fortuna;
699 1827 892 1884 fovet:
955 1845 1080 1886 eum
1145 1830 1362 1886 tristitia
1407 1830 1542 1887 allici
1594 1847 1818 1890 necesse
1868 1845 1972 1890 est.

2087 647 2408 718 ἀμϐλύνειν,
2444 647 2538 702 καὶ
2587 647 2825 718 ψυχικὰς
2865 647 3106 715 ἀγωνίας
3137 648 3231 700 καὶ
3269 647 3448 710 λύπας
3481 666 3670 719 παρα-

2087 737 2409 808 μυθεῖσθαι,
2437 739 2534 792 καὶ
2561 738 2738 810 χαράν
2781 739 3050 808 ἐμποιεῖν.
3091 739 3157 792 Ἦ
3187 739 3296 809 γὰρ
3328 740 3393 793 ἐκ
3418 740 3669 809 χαλεπῆς

2083 830 2398 900 ἀρρωστίας
2455 829 2592 898 πρὸς
2655 828 2846 896 ὑγείαν
2899 828 2945 859 ³⁵
3007 830 3280 899 γενομένη
3333 830 3518 899 κρίσις
3570 831 3666 882 ἐπ’

2083 920 2272 990 ἀγαθῷ
2296 921 2362 987 ³⁸,
2392 921 2486 974 καὶ
2527 920 2699 990 φίλων
2730 921 2821 973 καὶ
2856 922 3134 988 συγγενῶν
3169 923 3266 974 καὶ
3295 921 3534 984 οἰκείων,
3564 922 3667 974 καὶ

2082 1011 2249 1065 αὐτοῦ
2279 1011 2373 1064 τοῦ
2407 1012 2710 1082 κάμνοντος
2732 1011 2776 1044 ³⁸
2818 1011 3054 1082 ὑπάρχει
3085 1011 3254 1081 χαρά.
3281 1010 3441 1080 Λύπη
3470 1011 3528 1064 δὲ
3563 1013 3665 1064 καὶ

2081 1102 2230 1173 χαρὰ
2274 1103 2350 1168 ³⁷,
2394 1102 2496 1156 οὐκ
2523 1102 2567 1134 ³⁸
2598 1105 2663 1156 ὲκ
2708 1102 3118 1174 προαιρέσεως,
3160 1102 3274 1154 ἀλλ’
3314 1104 3377 1155 ὲκ
3421 1103 3521 1171 τῆς
3550 1102 3664 1155 τῶν

2082 1192 2488 1263 συμϐαινόντων
2543 1190 2872 1254 ἀκολουθίας
2899 1190 2944 1222 ⁸⁵
2999 1190 3370 1243 συνίστανται.
3437 1189 3498 1241 ’0
3549 1187 3666 1256 γὰρ

2080 1285 2221 1338 κατά
2254 1284 2346 1336 τὸν
2385 1283 2497 1353 βίον
2531 1281 2929 1353 εὐθηνούμενος
2951 1280 3028 1344 ⁸⁸,
3071 1280 3288 1334 ἀκούων
3321 1297 3379 1332 τε
3410 1280 3506 1334 καὶ
3536 1280 3666 1349 βλὲο

2079 1393 2197 1430 πων
2237 1375 2307 1430 τά
2339 1375 2491 1444 αὐτῷ
2539 1373 2856 1444 καταθύμια
2878 1413 2894 1440 ,
2944 1373 3052 1426 τῶν
3078 1372 3353 1426 δυσκόλων
3399 1371 3457 1424 δέ
3490 1388 3543 1423 τι
3580 1371 3663 1441 μή

2079 1467 2396 1539 προσδοκῶν
2418 1465 2570 1538 αύτῷ
2596 1466 2640 1498 δι
2671 1465 3002 1535 γενήσεσθαι
3026 1464 3072 1497 ⁸¹
3106 1463 3286 1536 χαίρει
3310 1481 3324 1493 ο
3356 1465 3385 1516 δ
3413 1463 3470 1516 δὲ
3499 1463 3662 1515 πενόο

2080 1575 2260 1630 μενος,
2311 1558 2349 1628 ἦ
2392 1557 2768 1627 τυπτόμενος,
2815 1557 2849 1626 ἢ
2899 1553 3308 1626 ζημιούμενος,
3350 1554 3385 1623 ἡ
3435 1570 3492 1604 τι
3543 1551 3662 1604 τῶν

2077 1649 2177 1702 οὐκ
2202 1649 2246 1680 ⁸³
2273 1646 2498 1716 ἀγαθῶν
2525 1647 2616 1701 ἀεὶ
2647 1645 2985 1718 προσδοκῶν,
3020 1645 3235 1715 ἀνάγκη
3266 1641 3560 1697 λυπεῖσθαι
3585 1642 3657 1692 ⁸⁸.

469 1967 603 2022 Nam
630 1969 774 2024 risus
809 1969 1052 2026 deﬂuens
1083 1986 1113 2025 a
1140 1971 1337 2041 gaudio
1372 1970 1658 2037 nascitur;
1694 1985 1724 2025 a
1752 1970 1965 2026 tristitia

2145 1975 2188 2027 Τ
2195 1973 2402 2026 ίκτεται
2422 1972 2468 2003 ⁸⁸
2491 1971 2608 2034 οὖν,
2637 1973 2701 2026 ὲκ
2722 1972 2770 2004 ⁸⁸
2805 1972 2905 2044 μὲν
2929 1970 3029 2043 τῆς
3055 1971 3252 2042 χαρᾶς,
3279 1967 3529 2038 διάχυσις
3555 1967 3662 2020 καὶ

398 2075 529 2115 vero
571 2067 807 2132 gemitus
849 2072 903 2117 et
947 2063 1205 2134 lacryma:
1252 2073 1704 2135 progenerantur.
1783 2062 1972 2134 Siqui-

397 2154 519 2206 dem
588 2153 816 2209 allectus
887 2155 1084 2210 anima:
1153 2153 1264 2226 40
1315 2154 1409 2225 qui
1467 2155 1745 2225 voluptate
1801 2167 1971 2220 caret,

396 2243 618 2300 tristitia
657 2255 762 2308 est,
795 2262 917 2316 quae
947 2263 1071 2303 cum
1112 2245 1297 2302 Graece
1347 2246 1492 2318 λύπη
1550 2247 1784 2314 dicatur,
1821 2247 1974 2318 παρὰ

395 2334 458 2388 τὸ
482 2334 650 2402 λύειν,
693 2338 840 2408 quod
909 2340 1106 2392 solvere
1162 2338 1399 2401 diceres,
1448 2353 1514 2392 ex
1543 2351 1610 2392 eo
1643 2337 1810 2402 dicta,
1841 2339 1971 2408 quia

394 2427 584 2488 oculos
643 2427 696 2481 in
765 2428 1034 2500 lacrymas
1086 2429 1281 2484 solvat.
1347 2426 1472 2483 Sive
1522 2445 1552 2483 a
1591 2427 1966 2497 λυμαίνεσθαι,

388 2517 542 2593 quod
597 2517 723 2573 lardi
775 2519 1099 2588 explicares,
1164 2521 1322 2590 quasi
1384 2521 1631 2591 quadam
1685 2521 1968 2577 oculorum

391 2607 548 2664 laesio
573 2607 664 2664 sit.
699 2607 890 2665 Passio
916 2611 1062 2665 enim
1093 2611 1251 2681 plena
1275 2611 1502 2679 doloris,
1539 2613 1740 2668 solutio
1772 2613 1970 2667 anima:

389 2707 494 2758 est.
526 2699 798 2761 (laudium
847 2685 996 2769 vero,
1054 2702 1310 2758 allectum
1367 2713 1615 2758 votorum
1656 2711 1965 2773 compotem

387 2805 531 2856 esse,
596 2792 818 2863 quidam
899 2801 1165 2848 statuunt.
1223 2793 1502 2866 Lacryma:
1549 2803 1774 2858 autem,
1845 2789 1968 2864 qua:

389 2881 580 2938 Graeco
608 2885 829 2940 nomine
873 2884 1086 2958 δάκρυα
1117 2896 1524 2955 nuncupantur,
1583 2879 1694 2940 οἷον
1733 2884 1965 2956 δάκρυον

387 2971 599 3038 τίὲστι,
631 2975 786 3044 quasi
813 2991 1074 3034 remorsus
1113 2977 1328 3047 quidam
1367 2977 1436 3030 sit
1485 2990 1655 3030 :nam
1714 2976 1966 3047 lucryma:

384 3079 421 3128 ρ
453 3079 697 3128 remorso
723 3065 888 3122 corde
944 3068 1274 3142 proveniunt
1311 3085 1323 3121 :
1362 3067 1444 3122 hac
1482 3078 1660 3123 autem
1720 3068 1800 3123 sic
1836 3082 1964 3138 pro-

388 3164 665 3212 creantur.
698 3154 833 3211 Cum
869 3156 1031 3216 homo
1091 3158 1310 3214 tristitia
1344 3169 1664 3230 occupatur,
1697 3176 1818 3234 quae
1839 3160 1963 3214 ani-

388 3261 534 3309 mam
567 3248 857 3314 contrahit,
915 3250 1204 3310 concussio
1252 3267 1374 3322 qua:
1401 3253 1707 3323 angustiam
1772 3251 1957 3320 infert,

385 3352 510 3406 quae
539 3337 692 3394 intus
722 3349 851 3395 sunt
888 3341 1094 3396 viscera
1118 3353 1368 3414 occupat,
1406 3343 1549 3400 unde
1584 3343 1816 3416 plurima
1861 3344 1960 3400 hu-

2072 2067 2279 2136 γὲλωςο
2314 2064 2380 2116 ἐκ
2401 2061 2458 2115 δὲ
2487 2063 2586 2133 τῆς
2617 2064 2826 2136 λύπης,
2861 2061 3161 2131 στεναγμοί
3191 2077 3251 2113 τε
3289 2062 3384 2113 κα)⁵
3411 2059 3660 2130 δάκρυα.

2075 2161 2232 2216 Ἐστι
2255 2161 2313 2217 δὲ
2338 2163 2485 2234 λύπη
2504 2159 2744 2220 διάθεσις
2766 2157 2945 2228 ψυχῆς
2968 2155 3172 2226 ἡδονῶν
3194 2153 3538 2223 ἑστερημένη
3574 2153 3622 2183 δ”
3643 2169 3659 2181 ο

2073 2255 2385 2327 παράγεται
2418 2255 2476 2309 δὲ
2516 2254 2683 2319 λύπη
2716 2249 2868 2324 παρά
2919 2247 2985 2302 τὸ
3025 2247 3177 2328 λύειν
3202 2248 3329 2310 τοὺς
3366 2237 3526 2308 ὦπας
3574 2247 3661 2306 εις

2069 2347 2281 2419 δάκρυα
2303 2347 2348 2379 ⁸⁸
2375 2387 2390 2412 ,
2422 2346 2518 2401 καὶ
2544 2342 2907 2416 λυμαίνεσθαι
2933 2339 3157 2404 τούτους
3185 2355 3198 2369 ο
3238 2337 3430 2407 λυώπη
3478 2336 3524 2368 ⁸⁸
3569 2336 3662 2398 ti;

2069 2434 2230 2494 οὖσα.
2263 2437 2432 2502 Λύσις
2460 2438 2570 2509 γὰρ
2607 2436 2707 2506 τῆς
2733 2434 2912 2505 ψυχῆς
2939 2434 3056 2486 ἐστι
3089 2430 3150 2484 τδ
3178 2429 3350 2493 πάθος
3385 2429 3447 2482 τὸ
3480 2427 3658 2494 λυπη-

2073 2527 2164 2599 ρόν
2189 2544 2204 2558 ο
2240 2527 2420 2599 χαράν
2469 2526 2526 2580 δὲ
2565 2525 2839 2596 ὁρίζονται
2872 2523 2971 2594 τὴν
2999 2521 3110 2575 τῶν
3153 2519 3514 2591 καταθυμίων
3561 2520 3659 2571 ὲκ-

2069 2615 2378 2687 πλήρωσιν.
2415 2614 2488 2668 Τὸ
2523 2613 2582 2668 δὲ
2631 2613 2898 2682 δάκρυον
2925 2607 3038 2666 οἷόν
3068 2627 3121 2664 τι
3150 2610 3381 2664 δάκνυόν
3411 2611 3534 2662 ἔστι
3559 2608 3616 2639 ⁸⁸
3636 2624 3653 2639 ·

2065 2703 2407 2774 δακνομένης
2425 2705 2471 2736 ⁵⁸
2511 2703 2622 2774 γὰρ
2669 2702 2771 2773 τῆς
2824 2699 3006 2771 ψυχῆς
3032 2699 3078 2732 ⁸⁸
3126 2698 3413 2769 ιξέρχεται
3459 2696 3522 2748 τὸ
3551 2695 3654 2748 δάρ-

2067 2811 2253 2865 κρυον.
2301 2794 2365 2847 Ἦ
2397 2793 2455 2848 δὲ
2481 2794 2694 2862 γένεσις
2727 2791 2892 2846 αὑτοῦ
2917 2791 3117 2845 τοιάδεο
3164 2789 3280 2859 Τῆς
3305 2785 3652 2854 ἐπελθούσης

2066 2885 2220 2950 ἀνίας
2238 2885 2316 2957 τῷ
2337 2883 2609 2958 ἀνθρώπῳ
2632 2885 2679 2918 ⁸³
2701 2885 2801 2956 τὴν
2823 2884 3002 2955 ψυχὴν
3025 2880 3441 2952 συστελλούσης,
3477 2879 3651 2949 βρασ-

2072 2976 2256 3050 μὼδης
2311 2976 2644 3048 στενοχωρία
2679 2977 2793 3038 τοῖς
2839 2974 3052 3030 ἔνδοθεν
3096 2971 3399 3041 ἐπιγίνεται
3432 2969 3647 3036 σπλάγ·

2065 3086 2215 3142 χνοις
2235 3084 2251 3100 ⁸
2293 3065 2356 3134 ἐξ
2385 3063 2454 3141 ἦς
2485 3068 2852 3136 ἀναθυμίασις
2885 3066 3112 3137 πλείστη
3147 3064 3332 3135 ύγρῶν
3380 3062 3522 3133 πρὸς
3551 3061 3649 3114 τὸν

2063 3161 2366 3233 ἐγκέφαλον
2408 3162 2616 3233 γίνεται
2641 3176 2656 3191 ·
2685 3162 2814 3215 ὅταν
2856 3159 2913 3213 δὲ
2942 3159 3109 3213 αὐτοῦ
3151 3157 3221 3211 τά
3249 3157 3404 3209 κοῖλα
3438 3153 3554 3207 τῶν
3581 3156 3648 3206 ὲκ

2064 3256 2166 3326 τῆς
2213 3255 2392 3326 λύπης
2437 3254 2856 3326 ἀναθυμιάσεων
2896 3251 3272 3324 πληρωθῶσι,
3333 3249 3477 3320 πρὸς
3517 3246 3646 3309 τοὺς

2065 3347 2362 3418 ὀφθαλμῶν
2385 3348 2432 3380 ⁸⁸
2465 3347 2768 3400 ἀπωθεῖται
2808 3345 3043 3416 χιτῶνας
3072 3345 3174 3414 τὴν
3203 3342 3477 3414 ὑγρασίαν
3504 3356 3518 3371 ο
3551 3341 3650 3393 καὶ

388 3445 603 3488 morum
658 3431 929 3488 exhalatio
976 3433 1044 3494 ad
1108 3435 1395 3495 cerebrum
1445 3437 1632 3492 tendit.
1663 3437 1798 3492 Cum
1832 3453 1960 3495 vero

2078 3444 2132 3513 τῇ
2159 3439 2252 3495 τοῦ
2282 3439 2582 3512 ἀδουλήτου
2606 3440 2654 3472 ⁸⁸
2683 3438 2830 3509 δήξει
2859 3440 2905 3471 ⁵⁸
2929 3437 3024 3492 τοῦ
3056 3436 3224 3509 ὑγροῦ
3266 3434 3648 3497 ἀποσκευαζὸ-

382 3535 518 3581 .cava
555 3522 674 3592 ejus
733 3523 1080 3582 exhalatione
1135 3541 1201 3582 ex
1237 3528 1455 3584 tristitia
1486 3529 1836 3600 proveniente
1873 3544 1959 3585 re-

2078 3549 2230 3605 μενον
2271 3532 2335 3586 τὸ
2366 3532 2532 3604 βάρος
2563 3532 2967 3602 καταφέρεται,
3003 3530 3193 3601 ῶσπερ
3239 3529 3401 3596 νέφος
3432 3528 3513 3588 εἰς
3544 3525 3647 3594 ψε-

380 3612 619 3682 plentur,
650 3615 716 3669 ad
748 3615 1030 3673 oculorum
1065 3617 1276 3674 tunicas
1305 3619 1499 3678 humor
1549 3621 1864 3690 impellitur,
1904 3631 1959 3677 et

2078 3623 2225 3684 ιάδα,
2279 3621 2454 3687 οὕτως
2499 3620 2594 3675 τοῦ
2625 3620 2832 3691 πάχους
2848 3621 2893 3654 ⁸⁷
2932 3617 3042 3672 τῶν
3073 3615 3264 3688 ἀτμῶν
3295 3613 3644 3672 διαλυθέντος

383 3703 453 3759 ad
506 3707 924 3764 ostentationem
987 3709 1141 3771 inviti
1177 3720 1358 3771 motus
1412 3712 1672 3782 disiectus
1709 3713 1955 3768 humoris

2078 3715 2144 3778 είς
2181 3713 2440 3786 δάκρυον.
2500 3712 2670 3766 Ἔνθα
2714 3711 2811 3766 καὶ
2860 3710 3023 3781 ἠδὸνη
3058 3708 3143 3772 τίς
3190 3709 3347 3772 ἐστι,
3406 3705 3578 3774 φησὶν
3615 3705 3646 3754 ὁ

384 3795 621 3867 pondus.
653 3813 752 3856 ceu
779 3814 906 3856 cum
959 3802 1243 3864 nubecula:
1278 3803 1330 3857 in
1363 3819 1540 3863 rorem
1584 3805 1828 3860 converti
1867 3820 1960 3862 so-

2078 3807 2238 3875 ιέγας
2269 3805 2571 3868 Βασίλειος,
2601 3807 2714 3868 τοῖς
2738 3801 3102 3873 λυπουμένοις
3129 3799 3258 3871 περὶ⁸
3283 3798 3377 3851 τὸν
3401 3796 3637 3868 θρῆνον·

385 3888 519 3954 lent,
547 3889 615 3952 ad
651 3890 756 3952 ima
780 3891 971 3958 tendit,
991 3901 1045 3948 et
1078 3893 1182 3948 hoc
1207 3903 1366 3963 pacto
1396 3906 1801 3952 crassos-centes
1833 3897 1956 3955 illos

2078 3895 2432 3960 tavOavdvrw;
2459 3894 2548 3949 διὰ
2573 3894 2669 3949 τοῦ
2701 3893 2913 3949 κλαίειν
2942 3892 3273 3964 κενουμένου
3307 3889 3496 3952 αὐτοῖς
3543 3885 3638 3940 τοῦ

383 3994 614 4050 vapores
644 3981 694 4035 iu
716 3982 985 4054 lacrymas
1018 3984 1217 4039 resolvi
1253 3985 1536 4056 contingit.
1568 3985 1724 4042 Unde
1740 3987 1954 4056 ﬂentes,
2058 3986 2408 4058 βαρύνοντος.

382 4085 701 4144 “lmagnus
734 4077 963 4134 Basilius
1011 4089 1306 4142 asseverat,
1372 4080 1501 4139 dmn
1554 4082 1686 4152 ipsis
1713 4084 1858 4156 quod
1889 4083 2171 4140 cerebrum
2221 4083 2480 4155 degravat
2535 4081 2868 4147 exinanitur,
2925 4079 3205 4150 voluptate
3263 4076 3502 4148 quadarn
3534 4073 3637 4132 sub

380 4175 534 4237 luctu
573 4175 773 4230 latente
819 4175 1148 4234 atliciuntur.

453 4331 528 4388 Ex
552 4332 655 4388 hac
677 4373 692 4398 ,
715 4333 962 4407 inquam,
991 4349 1156 4405 quam
1175 4335 1516 4392 asseruimus
1549 4337 1817 4394 viscerum
1848 4354 1950 4395 an-

377 4425 580 4494 gustia,
612 4439 678 4483 ac
710 4426 942 4493 plurima
978 4427 1346 4492 exhalatione,
1380 4443 1505 4484 cum
1553 4439 1606 4484 et
1631 4431 1952 4502 respiratio-

377 4515 464 4573 uis
516 4516 880 4576 instrumenta
944 4518 1400 4588 comprimantur,
1459 4534 1834 4590 saepenumero
1881 4520 1952 4577 ab

376 4610 492 4679 ipsa
523 4618 715 4664 natura
734 4611 963 4680 spiritus
995 4618 1201 4666 tractus
1227 4610 1578 4668 violentiores
1599 4615 1944 4682 emittuntur,

374 4717 486 4773 quo
506 4703 591 4758 his
613 4718 734 4774 qua:
771 4713 1066 4759 evenerant
1095 4704 1386 4760 dilatandis
1451 4706 1726 4775 suppetias
1784 4709 1945 4762 ades-

373 4804 475 4851 set.
535 4794 635 4849 Cui
684 4796 902 4863 quidem
945 4795 1212 4851 accidenti
1271 4795 1511 4851 tristitiae
1573 4812 1771 4852 nomen
1841 4796 1946 4851 im-

371 4900 580 4954 pones;
617 4896 970 4956 quapropter,
1020 4887 1305 4956 gemitum,
1364 4886 1471 4942 hoc
1525 4887 1947 4942 exhalationem-

367 4991 476 5046 que
517 4992 915 5047 nuncupamus.
973 4977 1168 5032 Anima
1227 4993 1462 5047 namque
1502 4979 1620 5047 ipsa
1669 4993 1764 5048 per
1803 4978 1946 5034 hunc

365 5069 630 5138 gemitum
665 5084 784 5125 sese
828 5069 986 5140 quasi
1029 5069 1223 5131 reiicit,
1277 5069 1347 5124 ab
1389 5069 1484 5124 illo
1506 5070 1703 5124 ardore
1736 5069 1830 5137 qui
1873 5069 1946 5124 ob

368 5158 1100 5229 supervenientemtristitiaa
1156 5172 1449 5214 maerorem
1484 5157 1537 5212 in
1585 5159 1750 5215 corde
1782 5173 1934 5216 cras-

439 5379 484 5410 ³³
515 5377 624 5452 γάρ
652 5378 713 5432 Β.
746 5449 756 5452 _
787 5379 1175 5452 “undavit.
1242 5379 1288 5452 ’ξ
1319 5378 1406 5432 ἐπ’
1436 5378 1659 5452 ἀγαθῶν
1691 5379 1754 5434 C.
1815 5380 1865 5452 “7
1885 5397 1941 5434 κ.
1983 5398 2038 5435 α.
2070 5380 2168 5452 τοῦθ
2190 5380 2533 5452 κάμνοντος
2555 5395 2665 5436 om.
2693 5381 2755 5434 Β.
2833 5381 2880 5415 ³⁷
2904 5380 2967 5452 λ.
3001 5379 3059 5452 δε
3090 5379 3186 5434 καὶ

664 5449 909 5521 patebit
943 5447 1003 5521 P_.
1041 5519 1052 5521 _
1081 5449 1126 5483 "
1158 5449 1464 5521 ﬁxok._om.
1497 5449 1559 5502 B.
1593 5463 1718 5521 mox
1747 5451 2084 5521 συνίσταται.
2159 5451 2205 5483 ⁸ο
2245 5447 2706 5521 ὲνευθηνούμενος
2737 5452 2797 5505 Β.
2829 5447 3315 5518 εὐθυνούμενοςᾯ.
3387 5452 3435 5482 ⁶¹
3477 5453 3619 5521 αὐτῷ

365 5450 412 5480 ³⁸
429 5448 580 5530 χαρά
601 5449 635 5517 ἡ

361 5517 467 5591 τοῦ
493 5517 704 5591 γενηΒ.
781 5519 828 5550 δ’
868 5519 1125 5591 γενέσθαι
1301 5519 1347 5550 ⁸³
1384 5521 1484 5591 ούκ
1518 5536 1627 5574 om.
1657 5520 1722 5573 A.
1798 5520 1847 5552 “
1871 5537 1969 5591 πρ,
1995 5519 2221 5590 εὕδηλον
2255 5520 2339 5573 ὅτι
2361 5517 2611 5574 λυπεῖται
2639 5521 2704 5574 P.

1193 5590 1238 5621 “
1276 5591 1367 5655 qui
1403 5589 1564 5646 habet
1591 5591 1699 5642 ἀπό
1729 5605 1828 5656 pro
1849 5586 1946 5644 οὖν
1969 5593 2054 5644 ἐκ.

1563 5659 1612 5691 ⁸⁹
1639 5660 1692 5712 τί
1710 5661 1926 5714 δάκνιον
1971 5661 2023 5713 τί
2053 5661 2170 5714 ἐστι
2211 5662 2277 5724 Δ,
2306 5655 2432 5713 ὀἷον
2483 5658 2713 5713 δάκνυον
2759 5655 2964 5724 ιᾱτιΒ,
2999 5655 3112 5714 οἷόν
3136 5677 3189 5712 τι
3225 5655 3466 5714 δάκνυον
3492 5664 3534 5712 (Σ
3558 5664 3612 5712 Ρ.
3709 5713 3711 5724 ,

359 5589 456 5645 οὖν
496 5578 557 5642 Β.
583 5578 828 5642 τίκτεται
863 5578 920 5642 δὲ
946 5590 987 5643 C
1016 5592 1079 5644 P.

359 5661 406 5691 ⁵⁸
440 5661 521 5723 είς
556 5659 603 5711 δ.
632 5661 759 5719 τοὺς
782 5651 1037 5730 ὢπαςίΒ.
1113 5659 1159 5691 δ’
1202 5651 1373 5730 λυάπη
1398 5659 1458 5713 Β.

2137 4339 2232 4392 Ἐκ
2251 4337 2309 4392 δὲ
2335 4337 2437 4408 τῆς
2462 4335 2760 4408 εἰρημένης
2779 4335 2891 4390 τῶν
2921 4333 3245 4405 σπλάγχνων
3267 4334 3628 4404 στενοχωρίας

2054 4431 2152 4485 καὶ
2177 4430 2279 4501 τῆς
2326 4429 2532 4501 πολλῆς
2575 4427 3032 4499 ἀναθυμιάσεως,
3066 4427 3161 4479 καὶ
3210 4424 3322 4479 τῶν
3351 4428 3628 4480 ἀναπνευ·

2055 4521 2257 4576 στικῶν
2329 4520 2855 4592 στενοχωρουμένων
2907 4519 3158 4589 ὀργάνων
3196 4518 3244 4552 ³⁸
3267 4559 3283 4584 ,
3349 4516 3629 4588 βιαιοτέρα
3745 4557 3747 4565 ,

2052 4614 2314 4678 πολλάκις
2343 4615 2378 4684 ἡ
2411 4613 2547 4684 ὁλκὴ
2573 4611 2667 4667 τοῦ
2721 4611 3035 4682 πνεύματος
3087 4610 3340 4679 γενιται,
3388 4609 3501 4663 ὖπδ
3532 4609 3628 4678 τῆς
3741 4619 3745 4697 ί

1977 4671 2024 4730 D
2049 4707 2268 4777 φύσεως
2293 4671 2436 4777 πρὸς
2465 4671 2566 4776 τὴν
2615 4705 2726 4758 τῶν
2760 4671 3243 4775 συμπεπτωοούτων
3259 4671 3626 4770 “eraqu
3739 4751 3741 4763 ,

2044 4797 2106 4850 τὸ
2152 4796 2428 4850 στενωθὲν
2455 4793 2812 4867 εὐρυνούσης.
2843 4793 2917 4848 Τὸ
2941 4793 3000 4847 δὲ
3029 4792 3272 4847 τοιοῦτον
3303 4791 3626 4862 σύμπτωμα
3737 4821 3739 4829 ί

2045 4888 2225 4960 λύπης
2255 4888 2412 4941 ἐστί’
2449 4887 2533 4941 διὸ
2564 4887 2870 4956 στεναγμὸν
2905 4885 3040 4939 αὐτὸ
3083 4886 3178 4939 καὶ
3209 4884 3562 4954 ἀποπιεσμδν
3584 4885 3623 4915 ⁸³
3733 4879 3737 4961 ς

2044 4981 2405 5051 ὀνομάζομεν.
2451 4981 2776 5033 Ἀνακτᾶται
2803 4977 2912 5049 γὰρ
2932 4979 2991 5032 ἐν
3017 4977 3194 5049 τούτῳ
3214 4977 3293 5046 τῷ
3328 4977 3621 5047 στεναγμῷ
3732 5007 3733 5027 ι

2043 5065 2152 5124 οἷον
2182 5071 2383 5142 ἑαυτὴν
2413 5073 2445 5141 ἡ
2483 5071 2652 5142 ψυχὴ,
2696 5073 2763 5141 τῇ
2801 5069 3091 5140 ἀποκρίσει
3113 5069 3216 5139 τῆς
3248 5069 3619 5139 “Immin;
3727 5089 3731 5159 ι’

2042 5164 2100 5216 ἐν
2124 5167 2191 5235 τῇ
2225 5164 2424 5236 καρδίᾳ
2447 5163 2534 5217 διὰ
2557 5163 2657 5234 τῆς
2691 5163 2868 5234 λύπης
2891 5162 2934 5196 ⁸³
2973 5162 3203 5234 αἰθάλης
3224 5202 3240 5229 ,
3269 5161 3368 5217 καὶ
3401 5165 3472 5233 τῇ
3506 5179 3618 5216 απ·
3725 5209 3727 5225 ,

3228 5398 3282 5450 χ.
3325 5395 3440 5435 orn.
3486 5381 3532 5433 Β
3561 5383 3643 5436 C.I
3719 5351 3723 5423 ι’

2780 5522 2825 5553 ⁵⁸
2862 5524 3092 5591 τήκεται
3119 5521 3185 5573 Δ.
3215 5521 3488 5591 τίκτεται
3528 5524 3619 5591 μὲν

2165 5591 2210 5623 ⁸⁷
2252 5592 2375 5662 ham:
2413 5591 2622 5662 mnsiA.
2683 5590 3079 5662 ὲστεριγμένης
3135 5590 3358 5662 Ρ
3415 5590 3613 5654 οιιιζΡ,

359 5731 403 5760 ³⁸
428 5730 786 5798 δακνωμένης
809 5731 872 5783 Α.
948 5729 995 5762 ⁸’
1025 5730 1250 5799 καρδίας
1283 5728 1324 5781 Β
1349 5728 1388 5800 t2
1414 5731 1474 5782 P.
1552 5729 1599 5760 ⁸³
1636 5730 1728 5800 τὸν
1759 5730 2048 5800 ἄνθρωπον
2085 5732 2146 5784 Β.
2222 5731 2269 5762 ⁸⁸
2293 5731 2403 5782 τῶν
2443 5728 2569 5800 ὁφθ.
2601 5729 2641 5780 Β
2665 5731 2705 5800 C
2741 5731 2803 5784 P.
2879 5733 2922 5764 ⁵⁵
2959 5729 3246 5785 ἀδουλίτου
3273 5729 3338 5783 C.
3415 5731 3464 5760 "
3493 5731 3610 5798 δόξῃ

361 5800 423 5860 Β.
514 5801 559 5830 ⁸⁷
599 5801 660 5851 τὸ
693 5801 866 5869 πάχος
920 5800 978 5852 Β.
1013 5817 1132 5854 mox
1188 5799 1457 5852 διαλυθέν.

1558 5800 1605 5830 ⁵⁸
1635 5799 1706 5853 τά
1723 5797 2133 5855 ἀναπνευστικὰ
2164 5797 2642 5922 στενοχωρούμενοι
2674 5799 2883 5871 ὄργανα
2934 5800 2993 5854 Β.
3063 5802 3108 5834 ³⁸
3150 5800 3525 5855 πεπτωκότων
3552 5808 3605 5856 Δ.

1558 5871 1586 5921 i.
1628 5887 1672 5922 ν.
1709 5868 1887 5922 λύπης
1909 5886 2019 5922 om.
2057 5873 2116 5922 Β.
2149 5871 2254 5922 ὑπὸ
2287 5887 2338 5922 τ.
2372 5868 2480 5922 ktl
2549 5906 2564 5922 .

360 5869 407 5910 ⁸³
431 5869 762 5944 ποτνιασμδν
788 5868 848 5940 Δ,
884 5870 1290 5941 ἀποπνειασμὺν
1325 5870 1385 5927 Β.
1463 5871 1502 5902 ⁶¹
1540 5869 1586 5921 δ.
1628 5887 1672 5925 ν.
1709 5868 1887 5940 λύπης
1909 5886 2019 5928 om.
2057 5873 2116 5927 Β.
2149 5871 2254 5925 ὑπὸ
2287 5887 2338 5924 τ.
2372 5868 2564 5944 λ.(Σ.Ρ.
