3842 6386
208 336 349 393 1137

198 456 485 524 εισαγωγῇ
532 455 627 508 τοῦ
678 456 924 527 καθαροῦ
981 459 1142 529 ἀέρος
1199 460 1263 514 ⁸⁸.

195 545 441 616 δάκρυον
472 548 566 602 καὶ
598 550 628 602 6
662 551 967 621 στεναγμὸς
998 553 1350 608 συνίστανται
1381 555 1429 587 ⁸³
1470 557 1531 608 ὲν
1562 558 1715 627 ἡμῖν.

288 719 354 773 Ἦ
405 720 463 773 δὲ
504 722 650 791 χαρὰ
692 718 807 777 οἷον
856 726 1142 798 σκίρτημὰ
1195 728 1248 780 τί
1303 730 1422 783 ἐστι
1465 730 1567 800 τῆς
1610 731 1789 803 ψυχῆς

201 811 584 884 ἑπαλλομένης
616 815 662 845 ⁸⁸
690 818 750 869 ὲν
792 818 909 881 τοῖς
955 820 1097 873 κατὰ
1127 820 1360 892 γνώμην
1407 823 1581 892 αὐτῆς
1611 826 1788 879 ἁπαν-

200 901 393 955 τῶσιν.
429 903 526 966 Ὠς
567 904 678 976 γὰρ
706 907 765 961 ἐν
794 910 861 977 τῇ
900 907 1081 978 θλίψει
1113 910 1341 980 μύουσιν
1370 913 1429 963 αί
1473 911 1669 965 λεπταὶ
1698 913 1792 966 καὶ

202 992 394 1063 ἄδηλοι
448 994 561 1049 τῶν
616 996 802 1067 πόρων
852 998 1142 1065 διαπνοαὶ,
1185 1002 1282 1055 καὶ
1334 1002 1506 1069 ἀτμὸς
1528 1004 1575 1035 ⁸⁸
1622 1004 1792 1057 ἀνιῶν

202 1093 392 1144 σκοτοῖ
418 1092 509 1144 τὸν
551 1094 856 1163 ἐγκέφαλον
881 1136 897 1160 ,
946 1097 1041 1150 καὶ
1081 1099 1113 1167 ἡ
1145 1096 1292 1167 ψυχὴ
1322 1098 1669 1151 συστέλλεται
1697 1100 1793 1152 καὶ

205 1182 487 1251 κατηφιᾷ·
536 1182 711 1247 οὕτως
761 1187 822 1238 ὲν
856 1187 927 1255 τῇ
966 1188 1115 1257 χαρᾷ
1167 1186 1477 1257 διαχέονταί
1528 1205 1648 1251 πως
1697 1189 1794 1242 καὶ

202 1268 513 1325 διαλύονται
558 1274 609 1325 οί
658 1272 755 1326 τοῦ
797 1274 1052 1345 σώματος
1105 1277 1299 1347 πόρον
1348 1278 1445 1331 καὶ
1488 1276 1652 1330 πλέον
1696 1278 1793 1332 τοῦ

210 1359 476 1430 συνήθους
516 1362 903 1435 εύρυνομένων
932 1365 1113 1419 αὐτῶν
1148 1366 1457 1420 εἰσέλκεται
1483 1369 1528 1399 θ’*
1574 1367 1795 1439 πνεῦμα

206 1453 303 1507 ἐπὶ
330 1457 392 1506 τὸ
422 1455 587 1524 βάθος
630 1458 833 1527 θερμόν
866 1458 909 1489 ⁸⁷
935 1472 948 1486 ·
993 1459 1175 1511 ἐκεῖσε
1199 1459 1257 1512 δὲ
1296 1459 1460 1513 πάλιν
1501 1460 1795 1531 θερμαινό-

170 1538 181 1539 ί
207 1562 374 1615 μενον
417 1547 510 1600 ἐπὶ
544 1547 765 1615 πλεῖον,
810 1550 912 1602 οὐκ
950 1550 1030 1604 ἔτι
1084 1551 1268 1619 στέγει
1292 1552 1360 1605 τὰ
1400 1553 1692 1623 σπλάγχνα
1734 1554 1797 1606 τὸ

206 1636 413 1706 πλῆθος
441 1636 538 1690 τοῦ
573 1638 887 1708 πνεύματος
906 1680 922 1702 ,
956 1642 1054 1696 καὶ
1082 1642 1142 1695 τὸ
1171 1642 1377 1714 θερμὸν
1407 1644 1593 1699 αὑτοῦ.
1630 1644 1796 1703 Ὅθεν

205 1724 462 1780 εὐκολίαν
507 1728 631 1780 τινὰ
658 1730 725 1799 τῇ
767 1728 987 1800 διεξόδῳ
1034 1731 1133 1785 τοῦ
1185 1732 1498 1803 πνεύματος
1534 1752 1795 1805 μηχανω-

1418 350 1504 404 DE
1547 346 1833 405 NATURA
1876 349 2181 408 IIOMINIS.

1324 461 1512 527 Οὕτως
1567 465 1671 534 μὲν
1725 466 1786 519 τὸ

1903 475 2151 529 sescerat,
2196 473 2361 535 atque
2393 465 2591 521 vicaria
2654 466 2773 535 puri
2810 466 2953 521 acris
2990 463 3043 519 lu
3076 477 3135 519 se
3172 463 3343 533 ipsam
3370 466 3467 518 ad-

3336 350 3468 404 1158

1894 555 2155 611 missione
2196 557 2549 614 instauratur.
2616 555 2731 611 Hoc
2791 558 2939 612 enim
2974 564 3132 627 pacto
3194 554 3248 608 in
3309 554 3471 609 nobis

1892 651 2146 722 lacryma:
2190 652 2535 723 gemitusque
2576 652 3007 706 constituuntur.

1961 741 2230 799 Gaudium
2310 759 2484 807 vero,
2540 742 2833 799 exsultatio
2900 741 3153 797 videlicet
3217 738 3468 810 quasdam

1891 837 2087 891 animm
2132 836 2381 900 habetur,
2440 835 2570 890 dum
2626 850 2745 889 eam
2812 834 2866 888 in
2926 833 3012 888 his
3067 847 3189 903 qua:
3233 831 3301 885 ad
3369 844 3469 883 vo-
3525 839 3537 847 '

1892 936 2007 982 tum
2055 927 2159 982 sibi
2217 926 2553 992 succedunt,
2603 924 2893 980 exhilarari
2947 923 3230 992 contingit.
3270 920 3471 987 Quem-

1894 1019 2187 1074 admodum
2272 1016 2419 1073 enim
2507 1032 2633 1072 cum
2716 1014 3007 1085 angimur,
3093 1014 3323 1069 subtiles
3419 1021 3470 1066 et

1896 1111 2113 1166 incerta:
2184 1120 2461 1165 meatuum
2541 1106 2929 1176 respirationes
3005 1106 3471 1175 comprimuntur,

1894 1209 2057 1269 atque
2114 1215 2145 1253 a
2193 1213 2398 1268 vapore
2453 1197 2731 1267 aperiente
2797 1194 3084 1249 cerebrum
3141 1193 3475 1247 adumbran-

1896 1301 2023 1353 tur,
2084 1289 2376 1358 animaque
2428 1288 2546 1358 ipsa
2615 1285 2999 1346 contrahitur,
3052 1283 3157 1355 ιι
3203 1283 3475 1352 simulque

1897 1382 2088 1430 maesta
2123 1375 2399 1430 redditur:
2447 1375 2637 1430 eodem
2670 1381 2850 1444 pacto,
2879 1388 3005 1427 cum
3043 1372 3310 1435 laetamur,
3350 1388 3475 1426 cor-

1896 1468 2044 1538 poris
2072 1475 2286 1524 meatus
2308 1466 2690 1523 dill‘unduntur
2732 1464 2967 1535 quodam
2997 1465 3158 1520 modo
3192 1464 3478 1519 rebolvun-

1898 1567 2115 1628 turque,
2147 1565 2202 1613 et
2242 1557 2365 1627 ipsi,
2399 1572 2523 1612 eum
2562 1557 2685 1626 plus
2710 1558 2871 1612 solito
2900 1556 3220 1618 dilatantur,
3262 1554 3477 1608 subtilis

1896 1649 2217 1718 calidusque
2263 1647 2396 1704 inibi
2427 1647 2654 1718 spiritus
2683 1648 2751 1702 ad
2784 1649 2973 1703 intima
3005 1648 3311 1703 demittitur
3340 1688 3354 1711 ,
3409 1663 3477 1703 ac

1897 1737 2077 1792 denuo
2104 1736 2369 1809 majorem
2401 1739 2639 1793 calorem
2673 1738 2918 1809 adeptus,
2955 1740 3162 1794 viscera
3188 1739 3303 1808 ipsa
3326 1739 3476 1792 illum

208 1818 351 1888 μὲνη
375 1819 420 1851 ⁸⁸
449 1819 481 1888 ἡ
510 1819 693 1888 φύσις,
721 1821 822 1873 οὐκ
852 1820 934 1877 ἔτι
964 1822 1057 1875 ἐπὶ
1084 1822 1175 1876 τὸν
1203 1825 1505 1894 ἐγκέφαλον
1540 1828 1789 1899 ἀναπέμ-

1903 1828 2308 1894 exuberantem,
2334 1828 2567 1899 ejusque
2599 1830 2834 1886 calorem
2874 1830 3144 1886 sustinere
3175 1842 3471 1900 nequeunt.

207 1927 302 1963 πει
347 1911 591 1981 ἀτμοὺς,
630 1911 746 1966 ἀλλ’
798 1912 1017 1984 εύρύνει
1041 1915 1089 1947 ⁶⁹
1122 1917 1215 1969 τὸν
1257 1916 1429 1986 πόρον
1458 1916 1554 1971 τοῦ
1593 1920 1793 1990 στόμα-

204 2018 339 2065 τος,
393 2004 490 2057 καὶ
518 2003 580 2057 τδ
615 2004 859 2058 τοιοῦτον
903 2006 1123 2077 πνεῦμα
1170 2008 1469 2075 συνεξωθεί
1516 2009 1607 2064 διὰ
1644 2028 1791 2076 τινος

205 2094 401 2148 κλόνου
428 2094 785 2167 βρασμώδους
815 2096 911 2151 τοῦ
934 2098 1145 2170 ἥπατος
1172 2100 1270 2154 καὶ
1289 2101 1560 2172 κινήσεως
1580 2118 1594 2133 ·
1621 2102 1794 2173 ὄνομα

201 2184 266 2238 δὶ
296 2186 374 2256 τῷ
411 2188 689 2259 γενομένῳ
708 2190 758 2221 ⁷⁸
792 2188 968 2257 γέλως
1004 2193 1174 2245 ἐστίν.
1215 2192 1401 2258 Οὕτως
1431 2194 1541 2265 γὰρ
1572 2196 1667 2249 καὶ
1693 2196 1792 2248 αὐ-

204 2276 305 2331 τὸν
350 2279 663 2349 ὁρίζονται·
711 2280 1011 2353 βρασμώδη
1065 2284 1109 2315 ⁷⁸
1162 2284 1377 2355 κίνησιν
1413 2286 1523 2339 τῶν
1556 2286 1686 2357 περὶ
1730 2287 1792 2341 τὸ

207 2370 509 2442 πρόσωπον
539 2372 690 2443 μυῶν
712 2375 780 2441 τ’,
810 2375 929 2445 ἦτοι
970 2374 1068 2428 τοῦ
1113 2377 1363 2447 μυὼδους
1402 2378 1792 2449 πλατύσματος

204 2462 279 2515 ὲκ
322 2462 429 2516 τῶν
462 2463 675 2518 ἔνδοθεν
719 2466 1045 2537 σπλάγχνων
1073 2466 1171 2521 τοῦ
1207 2469 1531 2539 κινουμένου
1552 2470 1598 2502 ⁷³
1627 2470 1792 2524 πνεύ-

208 2571 390 2625 ματος
421 2555 763 2625 ὠθουμένου.
800 2559 957 2630 Παρὰ
988 2558 1050 2612 τὺ
1072 2559 1214 2628 γελῶ
1237 2560 1282 2592 ⁷⁸
1313 2560 1504 2630 γέλως
1545 2562 1751 2634 ἐκλήθη
1777 2579 1791 2595 ’

207 2646 276 2699 τὸ
299 2646 356 2700 δὶ
379 2646 535 2715 γελῶ
560 2649 709 2717 παρὰ
734 2649 796 2703 τὸ
824 2650 944 2720 ἕλη,
972 2649 1001 2703 δ
1032 2650 1290 2721 σημαίνει
1317 2651 1418 2723 τὴν
1450 2652 1757 2725 θερμασίαν
1777 2672 1791 2691 ·

208 2737 265 2789 οί
301 2738 409 2809 γὰρ
441 2738 637 2809 θερμοὶ
668 2740 840 2794 πολλὰ
868 2740 1121 2809 γελῶσιν.

1893 1919 2255 1989 Quapropter,
2304 1918 2435 1974 dum
2464 1929 2659 1975 natura
2690 1919 2903 1976 facilem
2933 1920 3160 1990 spiritus
3188 1935 3471 1990 egressum

1896 2013 2141 2074 molitur,
2184 2010 2367 2067 fumos
2394 2011 2463 2067 ad
2498 2012 2785 2067 cerebrum
2840 2027 2951 2068 non
2990 2012 3225 2082 amplius
3252 2012 3474 2077 emittit,

1896 2104 1990 2160 sed
2035 2104 2148 2158 oris
2186 2114 2424 2158 meatum
2456 2104 2666 2169 dilatat,
2710 2120 2811 2160 nec
2844 2120 2952 2160 non
3000 2118 3110 2175 prae
3148 2103 3355 2161 fervida
3390 2102 3476 2171 je—

1898 2194 2105 2250 cinoris
2128 2194 2513 2259 concussione,
2547 2206 2829 2266 motuque,
2865 2196 3025 2253 talem
3051 2196 3299 2273 spiritum
3322 2203 3476 2251 extra

1898 2285 2227 2356 ejaculatur,
2259 2300 2457 2341 nomen
2486 2296 2665 2345 autem
2692 2287 2819 2343 huic
2842 2288 2917 2342 rei
2949 2287 3118 2343 risum
3143 2287 3473 2356 imponeres.

1900 2375 2041 2434 Sunt
2076 2378 2169 2448 qui
2206 2377 2308 2432 hoc
2334 2392 2456 2432 esse
2491 2378 2661 2434 risum
2688 2378 2971 2442 deliniant,
3010 2378 3329 2441 motionem,
3355 2391 3478 2446 qua:

1898 2472 1954 2527 in
1992 2469 2131 2527 facie
2152 2470 2479 2529 exsistentes
2497 2470 2779 2527 musculos
2801 2470 3082 2537 distendit,
3111 2470 3227 2526 sive
3256 2484 3476 2523 muscu-

1898 2563 2030 2621 laris
2072 2564 2412 2623 dilatamenti
2446 2574 2676 2630 motum,
2707 2565 2801 2635 qui
2832 2580 2863 2619 a
2909 2566 3133 2635 spiritus
3161 2562 3474 2634 agitatione.

1898 2655 1969 2711 ab
1996 2654 2205 2713 intimis
2234 2655 2537 2711 visceribus
2570 2655 2887 2726 impellitur.
2926 2655 3090 2712 Risus
3123 2657 3269 2712 enim
3300 2654 3473 2724 γέλως

1899 2760 1930 2800 a
1959 2745 2163 2801 Graecis
2192 2745 2419 2809 dicitur,
2452 2762 2482 2799 a
2504 2746 2666 2815 γελῶ,
2693 2746 2839 2817 quod
2873 2747 3044 2801 ridere
3073 2746 3304 2810 diceres,
3333 2745 3476 2813 γελῶ

205 2833 275 2888 δὲ
316 2836 467 2906 παρὰ
493 2835 554 2888 τὸ
579 2835 698 2905 έλη,
735 2836 880 2904 quod
925 2835 1164 2908 calorem
1221 2834 1515 2906 signiﬁcat,
1564 2835 1981 2908 interpretatur;
2034 2852 2159 2897 nam
2201 2838 2295 2911 qui
2362 2838 2545 2895 calore
2597 2837 2807 2908 pratditi
2875 2848 3024 2903 sunt,
3068 2838 3134 2893 ad
3176 2837 3472 2908 plurimum

207 2930 389 2985 risum
427 2929 679 2997 propensi
723 2928 1010 2984 habentur.

300 3022 453 3074 Ἐπεὶ
478 3017 574 3073 οὖν
597 3020 643 3050 ⁷⁸
675 3019 822 3091 λύπη
856 3020 949 3073 καὶ
980 3019 1128 3091 χαρά
1151 3019 1421 3090 διαφέρει,
1452 3020 1547 3076 καὶ
1573 3020 1642 3075 τὰ
1671 3019 1801 3093 περὶ

1977 3018 2247 3087 Quoniam
2309 3021 2473 3093 igitur
2530 3020 2749 3077 tristitia
2802 3021 3169 3093 gaudiumque
3242 3020 3473 3075 invicem

201 3111 281 3167 τὸ
299 3111 459 3181 σῶμα
478 3112 542 3163 ὲκ
557 3109 764 3163 τούτων
796 3109 1061 3180 γινόμενα
1090 3107 1480 3181 συμπτώματα
1502 3110 1789 3181 διενήνοχε.

1903 3112 2229 3183 discrepant,
2280 3122 2337 3169 et
2376 3129 2499 3184 qua:
2541 3114 2611 3167 ab
2646 3114 2853 3184 ipsisin
2900 3128 3129 3183 corpore
3168 3112 3321 3182 signa
3351 3128 3477 3166 eve-

200 3205 343 3267 Τοῖς
375 3203 476 3275 μὲν
510 3204 621 3275 γὰρ
649 3202 1017 3273 λυπουμένοις
1044 3203 1091 3236 ⁷⁸
1139 3201 1393 3274 ὓπωχρος
1429 3203 1521 3259 καὶ
1556 3202 1799 3267 πελιδνὸς

202 3301 309 3356 καὶ
342 3297 757 3367 κατεψυγμένος
777 3297 805 3349 6
835 3296 997 3366 ὅγκος
1024 3297 1119 3353 τοῦ
1155 3296 1407 3367 σώματος
1435 3296 1797 3365 διαφαίνεταιο

201 3397 327 3455 τοῖς
360 3392 417 3447 δὲ
466 3391 922 3463 φαιδρυνομένοις
955 3389 1255 3456 έξανθοῦσα
1294 3391 1389 3444 καὶ
1425 3389 1734 3462 ὑπέρυθρος
1763 3390 1799 3462 ἡ

202 3482 310 3539 τοῦ
329 3484 575 3554 σώματος
603 3484 735 3550 ἔξιςι
768 3483 1053 3554 μονονουχὶ
1085 3481 1347 3553 πηδὼσης
1380 3484 1479 3553 τῆς
1502 3481 1681 3553 ψυχῆς
1704 3482 1800 3536 καὶ

203 3577 645 3653 προωθουμένης
700 3576 791 3645 ὑφ’
837 3575 1032 3647 ἡδονῆς
1067 3577 1148 3638 εἰς
1192 3575 1254 3628 τὸ
1297 3574 1403 3643 ἔξω
1450 3575 1551 3644 τὴν
1588 3574 1799 3629 ἔνδοθεν

202 3669 386 3745 αὐτὴν
415 3670 457 3700 ⁷⁷
488 3669 896 3722 ὲπικυκλοῦσαν
927 3669 1124 3740 χαράν.

287 3842 410 3905 Πῶς
458 3838 552 3898 οὗν
588 3845 846 3914 γεννᾶται
891 3843 1052 3898 τοῦτο
1084 3844 1147 3899 τὸ
1181 3843 1344 3910 ζῶον,
1377 3848 1473 3899 καὶ
1516 3846 1635 3910 πῶς
1667 3846 1800 3900 ἀνα·

206 3934 503 4004 τρέφεται,
553 3936 644 3989 καὶ
678 3934 795 3998 πῶς
823 3937 878 3988 αί
909 3934 1143 3997 ζωτικαὶ
1170 3937 1265 3989 καὶ
1297 3937 1355 3990 αί
1380 3937 1608 4006 φυσικαὶ
1630 3937 1673 3969 ⁷⁸
1706 3937 1800 3991 δυ-

201 4026 410 4096 νάμεις
443 4029 501 4080 ἐν
528 4027 679 4098 αὐτῷ
714 4026 1016 4099 ἐνεργοῦσι·
1051 4028 1149 4081 καὶ
1184 4028 1300 4093 πῶς
1328 4029 1359 4083 6
1392 4028 1517 4091 νοῦς
1562 4029 1651 4083 διὰ
1690 4029 1800 4083 τῶν

201 4118 527 4189 αἰσθήσεων
555 4120 789 4191 ἐνεργεῖ·
818 4123 914 4175 καὶ
937 4123 982 4155 τ’
1012 4121 1065 4175 τί
1088 4121 1150 4174 τὸ
1176 4122 1440 4193 τριμερὲς
1469 4124 1567 4193 τῆς
1595 4120 1795 4192 ψυχῆςο

205 4208 315 4263 καὶ
344 4208 507 4262 πόσαι
536 4209 582 4240 ⁸⁸
625 4211 844 4277 γενικαὶ
880 4210 1095 4279 ἀρεταίο
1148 4212 1245 4266 καὶ
1274 4212 1399 4266 τίνα
1431 4211 1500 4265 τὰ
1530 4212 1588 4279 ἐξ
1616 4211 1800 4266 αὐτῶν

201 4300 484 4369 γενόμενα
512 4300 645 4369 γένη
675 4300 774 4371 τῆς
802 4302 1000 4365 κακίας
1029 4302 1063 4373 ἢ
1111 4303 1335 4375 ἀρετῆς
1373 4303 1469 4357 καὶ
1505 4302 1626 4366 πῶς
1652 4302 1798 4373 χαρὰ

1899 3203 2078 3267 niunt,
2102 3202 2317 3258 diversa
2353 3211 2505 3258 sunt.
2538 3201 2641 3269 Qui
2671 3202 2816 3257 enim
2860 3203 3081 3257 tristitia
3144 3200 3470 3264 adiciuntur,

1897 3297 2145 3365 corporis
2196 3305 2449 3367 aspectus
2488 3295 2764 3367 pallidus,
2818 3295 3241 3366 exsanguisque,
3290 3303 3343 3350 et
3369 3284 3469 3350 ceu

1901 3384 2099 3459 frigore
2142 3401 2435 3458 Oppressus
2470 3386 2825 3457 conspicitur.
2872 3385 2974 3452 Qui
3031 3400 3159 3441 vero
3213 3386 3470 3456 gaudent,

1900 3478 2151 3533 ﬂoridum
2195 3477 2682 3546 rubescentemqne
2709 3476 2954 3546 corporis
3001 3475 3242 3530 habitum
3278 3491 3387 3545 pra:
3414 3491 3474 3530 se

1898 3570 2100 3637 ferunt,
2127 3570 2397 3640 quasique
2434 3570 2619 3622 anima
2644 3568 2761 3638 ipsa
2792 3568 3036 3631 exsiliat,
3100 3583 3167 3622 ac
3189 3568 3471 3639 gaudium,

1898 3664 2046 3736 quod
2073 3664 2219 3717 intus
2244 3676 2355 3733 prae
2390 3661 2664 3731 voluptate
2690 3662 2805 3731 ipsa
2835 3667 3178 3730 conceperat,
3221 3660 3290 3714 ad
3328 3666 3477 3714 exte-

1900 3756 2046 3812 riora
2084 3755 2434 3826 perspieuum
2481 3753 2707 3809 reddere
2740 3752 2954 3824 gestiat.

1970 3845 2221 3913 Quonam
2259 3846 2426 3914 igitur
2472 3853 2632 3915 pacto
2676 3845 2780 3900 hoc
2808 3842 3014 3899 animal
3064 3843 3323 3913 gignitur,
3362 3843 3467 3898 ali-

1899 3948 2252 4009 mentumque
2289 3940 2477 4005 sumit,
2534 3951 2598 3992 ac
2640 3930 2777 4007 quot
2834 3935 3027 3991 vitales
3064 3935 3471 4006 naturalesque,

1899 4046 1964 4087 ac
1988 4031 2255 4086 animales
2284 4029 2569 4085 facultates
2594 4044 2723 4084 suas
2776 4027 2831 4082 in
2855 4027 2974 4097 ipso
3017 4027 3260 4082 actiones
3288 4037 3475 4082 osten-

1899 4121 2066 4190 dunt;
2104 4135 2171 4176 ae
2215 4135 2457 4191 quonam
2516 4127 2676 4191 pacto
2732 4135 2889 4174 mens
2936 4134 3032 4188 per
3078 4134 3274 4174 sensus
3320 4118 3472 4189 agit;

1898 4213 2031 4284 quid
2069 4212 2265 4284 triplex
2314 4212 2512 4267 animae
2554 4210 2787 4267 facultas
2838 4211 2929 4277 sit,
2984 4226 3083 4265 nec
3140 4224 3271 4273 non,
3329 4210 3473 4276 quml

1897 4307 2129 4363 virtutes
2182 4319 2305 4375 qua:
2363 4303 2692 4373 principales
2724 4304 3085 4373 appellantur,
3133 4315 3323 4371 qua-ve
3363 4300 3474 4353 vir-
3568 4350 3587 4361 .

203 4391 313 4447 καὶ
348 4392 493 4461 λύπη
541 4393 912 4446 συνίστανταιο
945 4396 1040 4451 καὶ
1087 4395 1208 4458 πῶς
1250 4394 1426 4463 γέλως
1456 4394 1552 4451 καὶ
1579 4393 1789 4465 δάκρυα

1903 4397 2033 4451 tutis
2078 4410 2143 4451 ac
2184 4395 2440 4449 vitiorum
2470 4408 2691 4465 genera,
2714 4408 2836 4463 qua:
2866 4408 2935 4448 ex
2962 4392 3096 4463 ipsis
3120 4401 3470 4462 proveniunt,

206 4483 313 4538 καὶ
342 4484 508 4546 ὕπνος
543 4484 918 4549 συνείλεκται,
950 4486 1053 4556 ἠδη
1097 4485 1192 4543 καὶ
1233 4485 1311 4551 ὡς
1349 4485 1469 4538 ὲνὸν
1509 4484 1789 4556 διηγόρευ-

1903 4488 2013 4543 sint
2046 4503 2062 4540 :
2097 4485 2394 4555 simulque,
2437 4498 2680 4555 quonam
2730 4493 2889 4554 pacto
2921 4483 3201 4554 gaudium,
3231 4482 3475 4537 tristitia-

202 4591 307 4633 ται
329 4574 397 4631 ⁸³.
430 4574 633 4631 Λοιπὸν
662 4574 863 4645 ῐδωμεν
892 4575 984 4629 καὶ
1007 4574 1078 4627 τὰ
1102 4574 1199 4627 τοῦ
1230 4573 1483 4645 σώματος
1512 4574 1696 4643 μόρια·
1725 4573 1789 4627 τά

1903 4589 2029 4645 que,
2051 4589 2116 4630 ac
2144 4562 2316 4639 risus,
2340 4574 2701 4645 lacrymatque
2725 4580 2780 4628 et
2796 4588 3023 4629 somnus
3048 4574 3475 4636 constituantur,

203 4650 456 4728 τέ’ὰπλᾶ
486 4669 581 4727 καὶ⁵
610 4667 805 4739 πρῶτα
833 4667 877 4699 ⁸³
909 4666 1200 4739 λεγόμενα,
1233 4665 1331 4721 καὶ
1374 4665 1446 4721 τὰ
1482 4666 1548 4717 ἐκ
1585 4665 1789 4723 τούτων

1903 4668 2035 4723 satis
2068 4683 2098 4721 a
2152 4667 2311 4722 nobis
2343 4666 2671 4737 explicatum
2702 4679 2804 4721 est.
2859 4666 3148 4735 Reliquum
3180 4672 3264 4720 est
3296 4664 3372 4717 uti
3407 4663 3476 4718 de

208 4760 573 4831 συγκείμενα,
602 4761 696 4818 καὶ
720 4757 986 4830 ὀργανικὰ
1010 4756 1551 4829 προσαγορευόμεναο
1585 4756 1705 4820 πῶς
1732 4774 1789 4809 τε

1912 4758 2159 4829 corporis
2188 4758 2433 4828 partibus
2470 4775 2591 4827 quae
2621 4759 2900 4829 simplices
2926 4759 3221 4829 primaeque
3260 4772 3472 4810 nuncu-

206 4852 511 4910 καλοῦνται
538 4853 605 4919 ⁸³,
640 4852 734 4905 καὶ
772 4850 889 4915 πῶς
917 4850 1281 4915 συνδέδενται,
1314 4850 1409 4905 καὶ
1438 4848 1582 4903 διατί
1617 4848 1789 4913 οὕτως

1903 4858 2118 4919 pantur,
2154 4858 2268 4903 tum
2308 4850 2374 4904 de
2396 4849 2503 4906 illis
2529 4865 2651 4923 qua:
2697 4865 2762 4904 ex
2810 4850 2944 4919 ipsis
2984 4850 3285 4919 composita
3320 4855 3469 4908 sunt,

206 4940 705 5011 κατονομάζονται.

1903 4955 2126 5013 quaeque
2140 4938 2248 5011 42
2265 4938 2521 5010 organica
2537 4939 2978 5005 denominanlur,
3017 4953 3117 4994 nec
3138 4952 3246 4993 non
3270 4936 3472 5015 quibus

212 5032 533 5086 nominibus
565 5019 930 5098 censeantur,
982 5044 1049 5087 ac
1081 5044 1323 5100 quonam
1367 5037 1526 5105 pacto
1576 5027 1805 5089 invicem
1844 5031 2187 5102 colligantur,
2214 5038 2331 5086 tum
2380 5044 2548 5099 quam
2570 5030 2641 5087 ob
2663 5045 2886 5086 causam
2944 5028 3070 5083 talia
3094 5028 3313 5097 nomina
3349 5042 3471 5085 sor-

211 5127 318 5183 tita
374 5124 507 5189 sint,
540 5126 863 5180 referamus.

178 5267 265 5362 ιη
290 5284 337 5362 ⁸⁷
371 5283 466 5362 ¹τοῦ
495 5283 678 5362 Δἀέρος
714 5282 775 5362 έν
818 5281 955 5362 αὐτῇ
1000 5282 1127 5336 καθ.
1160 5278 1207 5362 Β
1240 5284 1282 5362 ρ
1320 5284 1430 5362 P.__
1469 5282 1535 5362 _"
1576 5282 1894 5362 συνίσταται
1941 5282 2102 5362 B_P:‘
2189 5280 2245 5362 θλ
2264 5278 2643 5362 ἀγαλλομένης
2682 5278 2761 5362 -Β,
2806 5277 3277 5362 ἔπαγαλλομένηὶ

212 5356 268 5430 ξς
306 5358 336 5407 6
379 5355 552 5430 ἀτμὸς
585 5347 703 5430 ’Β.“
728 5353 774 5383 ⁵⁸
801 5347 1120 5430 είοέρχεται
1160 5354 1202 5404 Β
1469 5353 1665 5405 λεπτόν
1697 5354 1796 5430 καὶ
1831 5352 2042 5430 θερμόν
2066 5351 2123 5405 Ρ.
2141 5421 2184 5430 __
2202 5347 2656 5430 ⁴⁵⁶⁵ιμηχανομένη⁸
2682 5350 2771 5430 B.“
2818 5347 3193 5430 οίηὰένευρρνει

138 5450 179 5509 λ
214 5423 269 5455 ⁷ο
308 5417 634 5494 γεννωμένῳ
667 5423 725 5476 Β.
758 5421 869 5473 τῶν
911 5417 1214 5488 γινομένων
1257 5423 1318 5478 (Ξ.
1394 5424 1436 5455 ⁷⁸
1480 5422 1786 5492 σπασμώδη
1831 5417 1973 5476 Β.’(]
2006 5422 2061 5474 Ρ.
2122 5421 2186 5455 -’⁷²
2225 5417 2303 5473 τα
2332 5417 2521 5489 πρόσω
2547 5417 2699 5488 μυῶν
2733 5417 2794 5477 Β.
2870 5419 2915 5450 ⁷³
2949 5417 3223 5480 κινοῦντος
3259 5418 3297 5467 Β
3327 5417 3368 5471 C
3410 5418 3474 5469 P.

216 5495 270 5527 Ὶὶ
310 5494 459 5527 ιιι-ιι.Λᾶ
492 5495 547 5527 κδ
597 5493 759 5527 aqu-ﬂans
786 5491 961 5527 νιὶωρ
1014 5493 1053 5527 Π
1102 5493 1179 5527 ,ειη
1231 5494 1313 5527 λιλ
1350 5492 1439 5527 νηὶ
1483 5496 1596 5527 ηΛῗρ
1627 5494 1851 5527 nuncin?»
1906 5491 2072 5527 omni»
2117 5492 2146 5527 Α
2186 5490 2358 5527 νέὶιιιρ
2408 5490 2448 5527 Ρ
2495 5489 2545 5527 in
2598 5498 2743 5527 Ιρςιη
2876 5489 2923 5519 ⁷⁵
2959 5488 3090 5527 νῆῆυ
3128 5488 3185 5527 R-
3263 5487 3315 5523 ⁷⁸.
3348 5487 3474 5527 enim

220 5495 270 5527 “
310 5488 461 5564 παρὰ
488 5488 550 5548 δὲ
597 5488 759 5546 τοῦτο
786 5491 961 5559 γέλως
1014 5493 1073 5544 Β.
1102 5493 1202 5546 ὼθ.
1231 5494 1313 5546 διὸ
1350 5492 1445 5546 καὶ
1483 5496 1596 5555 τοῖς
1627 5488 1851 5562 θερμοῖς
1906 5491 2072 5553 πολὺς
2117 5492 2146 5542 ό
2186 5490 2358 5558 γέλως
2407 5490 2448 5541 Ρ
2495 5489 2546 5541 in
2598 5498 2768 5543 textu.
2876 5489 2923 5519 ⁷⁵
2959 5488 3090 5556 γοῦν
3127 5488 3187 5542 Β.
3263 5488 3315 5523 τί
3348 5488 3477 5548 τοὺς

220 5583 285 5634 μ.
326 5581 380 5632 γ.
410 5562 876 5634 λυπουμένους-Β.
990 5564 1032 5593 ⁷⁷
1061 5563 1199 5634 aut?)
1235 5563 1294 5615 Β.
1326 5564 1423 5633 τὴν
1453 5562 1665 5634 ἔνδοθεν
1687 5564 1889 5634 χαράν.
1912 5561 1973 5614 C.
2044 5561 2127 5634 ‘4"
2168 5560 2263 5634 κα).
2284 5558 2687 5634 έυχικαὶ-οιιάζ
2729 5559 2787 5617 Β,
2861 5560 2935 5634 ,⁷⁸
2971 5560 3065 5634 καὶ
3090 5554 3382 5634 ὲνεργείων
3414 5556 3473 5634 ξι.

212 5625 269 5667 δ’
300 5625 396 5689 καὶ
423 5625 604 5688 πόσαι
638 5632 1068 5718 συνείλκταιμιι.
1113 5625 1256 5718 ξ’ἶηι
1279 5625 1448 5718 textu.
1557 5632 1600 5663 ⁸¹
1639 5625 2015 5718 διαγορεύεται
2041 5632 2106 5684 Λ.
2156 5630 2268 5718 “3;
2283 5625 2481 5718 Ταπρ.
2513 5630 2576 5709 Β.
2611 5628 2731 5718 πῶΙξ
2750 5648 2812 5685 τε
2847 5625 3263 5718 ἔνοιγήσεταιιὲ
3301 5639 3390 5678 an.
3422 5625 3475 5678 iu

218 5715 375 5763 textu
398 5723 412 5769 ;
434 5713 692 5830 printe‘r’ea
723 5704 817 5757 καὶ
848 5702 1059 5776 ρητέων
1080 5702 1221 5757 οὕτω
1243 5703 1401 5762 habet
1426 5718 1522 5774 pro
1543 5697 1789 5774 προσαγο

217 5785 446 5832 seautur
526 5817 540 5835 .
633 5812 646 5827 .

1903 5702 2077 5773 βμενα.
2155 5702 2199 5733 ⁸³
2226 5698 2349 5764 Πῶς
2385 5697 2664 5761 τελοῦνται
2692 5700 2732 5753 Β
2769 5700 2967 5771 quibus
3008 5697 3317 5757 nominibus
3346 5708 3469 5755 ιω·
