3842 6404
406 322 551 382 “5.9

476 441 576 500 Dei
601 456 730 500 vero
760 441 815 497 in
849 440 936 496 his
997 441 1125 498 item
1159 438 1318 498 nobis
1369 447 1456 497 est
1485 439 1750 498 auxilium
1787 441 1984 512 implo-
2016 463 2058 518 Α

407 534 663 600 randum,
714 549 824 606 quo
870 533 1154 606 proposito
1193 541 1383 589 nostro
1417 534 1472 589 in
1522 535 1716 590 horum
1781 547 1981 592 conatu

350 618 351 621 “
409 626 728 697 opituletur,
763 641 830 680 ne
889 625 1101 682 scilicet
1145 625 1428 695 sapientiae
1475 626 1595 695 ejus
1625 642 1764 697 opus
1795 628 1986 698 depre-

409 719 644 774 hendere
673 726 956 783 conantes,
976 717 1043 772 ab
1063 717 1277 772 inscitia
1310 731 1412 772 nos
1441 718 1560 786 plus
1590 719 1759 774 nimio
1780 719 1987 789 impru-

407 811 701 886 dentiaque
763 809 964 864 irretiri
1008 809 1266 878 patiatur.
1319 808 1623 880 Siquidem,
1680 810 1774 881 qui
1820 826 1988 880 supra

406 901 553 956 vires
577 900 856 970 quidpiam
880 901 1201 964 moliuntur,
1236 900 1289 955 in
1312 900 1539 957 modicis
1566 900 1731 956 etiam
1761 899 1995 962 frustra-

406 991 452 1048 ri
494 991 690 1047 solent.
754 991 1256 1058 Verumenimvero,
1291 992 1348 1050 in
1383 991 1486 1046 hoc
1516 1001 1738 1053 conatu,
1765 991 1993 1046 minime

406 1083 626 1152 quidem
676 1081 920 1153 segnitia:
940 1083 1243 1142 vacandum
1292 1083 1803 1153 desperandumque
1851 1083 1995 1140 vide-

408 1187 531 1244 tur;
555 1191 681 1232 nam
713 1177 828 1246 ipse
854 1186 935 1232 est
966 1177 1059 1251 qui
1085 1177 1198 1232 ait:
1233 1196 1250 1226 ι
1275 1177 1377 1243 Qui
1403 1177 1532 1247 petit
1560 1177 1782 1246 accipit,
1815 1185 1872 1232 et
1894 1176 1987 1247 qui

407 1270 604 1340 quaerit
627 1270 856 1335 invenit,
901 1286 966 1326 ac
1003 1270 1242 1342 pulsanti
1275 1271 1567 1343 aperietur.
1607 1291 1627 1320 ι

1714 317 1760 372 Μ
1772 317 1998 374 ELETII
2039 318 2354 376 MONACHI

3553 313 3702 369 1140

2165 441 2358 496 Ἔσται
2385 438 2482 493 καὶ
2525 440 2584 492 ἐν
2623 437 2803 506 τούτῳ
2851 437 2898 469 ⁸⁸
2936 435 3073 506 εὐχὴ
3103 435 3256 505 παρά
3299 435 3512 506 Κυρίου
3553 435 3699 489 Θεοῦ

2089 532 2186 586 τοῦ
2223 530 2491 602 βοηθῆσαι
2521 531 2655 600 ἡμῖν
2688 531 2802 590 τοῖς
2853 527 3218 597 διανοήμασιν
3267 526 3361 580 ἐπὶ
3411 523 3598 597 ταύτῃ
3629 529 3697 594 τῇ

2096 627 2318 696 σκέψει·
2354 627 2504 689 ὅπως
2541 625 2615 696 μὴ
2647 623 3035 693 πληθυνθῶσιν
3075 624 3131 676 αἱ
3183 622 3399 690 ἄγνοιαί
3436 640 3568 693 μου,
3603 625 3700 674 καὶ

2096 721 2151 772 αἱ
2184 719 2467 773 ἀσυνεσίαι
2493 736 2596 788 μου
2621 717 3018 778 πλεονάσωσιν,
3048 715 3189 783 ἔργα
3220 713 3417 782 σοφίας
3450 714 3630 767 αὑτοῦ
3651 716 3698 746 ⁸³

2093 812 2343 879 ἀνάγνως
2372 812 2468 866 καὶ
2506 809 2740 881 ἀμαθῶς
2791 808 3106 876 ὲρευνῶντι.
3145 809 3207 861 Οί
3256 809 3368 876 γάρ
3396 808 3511 861 τῶν
3554 808 3701 875 ὑπὲρ

2095 902 2324 973 δύναμιν
2354 902 2632 972 ἐφιέμενοι
2667 901 2766 954 καὶ
2798 900 2910 953 τῶν
2944 900 3182 971 μετρίων
3217 899 3696 969 ἀποτυγχάνουσι.

2096 995 2244 1064 Πλὴν
2287 996 2388 1048 οὐκ
2418 993 2758 1063 ἀποκνητέον
2807 991 2930 1045 οὐδὲ
2965 991 3350 1059 ἀπογνωστέον
3374 992 3478 1060 τῆς
3508 992 3699 1059 ἐγχειο

2100 1088 2330 1156 ρήσεωςο
2363 1086 2526 1149 αὐτὸς
2554 1086 2664 1157 γάρ
2687 1086 2837 1139 ἐστιν
2855 1086 2886 1138 ὀ
2908 1083 2955 1116 ⁸⁸
2983 1101 3001 1134 ι
3028 1085 3143 1145 Πᾶς
3171 1085 3199 1137 ὀ
3221 1084 3392 1136 αίτῶν
3422 1082 3698 1150 λαμϐάνει

2095 1177 2289 1234 εἰπών·
2318 1179 2416 1232 καὶ
2452 1180 2482 1232 ὁ
2517 1176 2702 1248 ζητῶν
2732 1175 2980 1246 εὑρήσει,
3014 1177 3110 1228 καὶ
3141 1173 3224 1244 τῷ
3251 1172 3512 1244 κρούοντι
3542 1173 3700 1226 ἀνοι-

2094 1272 2165 1342 γή
2174 1287 2348 1325 σεται.
2381 1290 2401 1322 ι

1255 1381 1334 1436 De
1358 1383 1598 1452 partibus
1619 1397 1737 1452 qua
1766 1382 2031 1436 similares
2060 1379 2515 1450 dissimilaresque
2539 1380 2816 1435 dicuntur.

479 1487 670 1552 Partes
717 1511 839 1566 quae
889 1505 1081 1552 nostro
1139 1496 1194 1550 in
1237 1509 1469 1566 corpore
1517 1508 1645 1552 sunt
1674 1539 1688 1568 ,
1738 1500 1986 1568 quaedam

407 1589 626 1659 quidem
653 1588 948 1654 similares,
981 1589 1227 1659 quaedam
1257 1604 1386 1644 vero
1407 1575 1765 1646 dissimilares
1789 1590 1990 1644 haben-

409 1692 518 1736 tur.
583 1681 650 1735 Et
710 1679 982 1735 similares
1047 1680 1289 1750 quidem,
1343 1679 1620 1747 simplices
1669 1688 1725 1735 et
1797 1681 1987 1751 primae

2167 1494 2291 1549 Τῶν
2325 1495 2383 1548 ὲν
2413 1495 2525 1557 τοῖς
2551 1493 2802 1564 σώμασιν
2842 1491 3002 1565 ἡμῶν
3035 1489 3242 1564 μερῶν,
3270 1486 3342 1542 τὰ
3373 1487 3476 1559 μὲν
3505 1488 3698 1556 ὁμοιο-

2100 1589 2242 1660 μερῆ
2271 1588 2524 1656 λέγεται,
2555 1585 2626 1640 τά
2654 1586 2710 1639 δὲ
2757 1585 3150 1656 ἀνομοιομερῆ.
3200 1581 3544 1652 Ὀμοιομερῆ
3598 1578 3702 1649 μὲν

2092 1681 2162 1732 τὰ
2193 1677 2342 1732 ἁπλᾶ
2373 1677 2468 1731 καὶ
2498 1676 2712 1748 πρῶτα·
2753 1670 2887 1741 οἷον,
2913 1669 3086 1745 αἷμα,
3128 1670 3382 1742 φλέγμα,
3420 1668 3563 1740 χολὴ
3600 1669 3701 1739 μὲ-

407 1779 558 1838 sunt,
589 1779 651 1825 ut
705 1771 953 1838 sanguis,
992 1769 1210 1840 pituita,
1267 1771 1517 1839 flavaque
1571 1778 1624 1824 et
1664 1779 1781 1824 atra
1833 1771 1982 1826 bilis.

2126 1786 2252 1824 αινα
2293 1768 2388 1821 καὶ
2433 1767 2602 1839 ξανθή
2623 1768 2692 1820 ⁸⁷.
2743 1769 2810 1820 Ἀ
2851 1765 2911 1822 δὲ
2950 1765 3191 1834 στοιχεῖα
3209 1761 3256 1794 ⁸⁸
3283 1760 3380 1815 τοῦ
3435 1759 3703 1830 σώματὰ

408 1859 535 1915 Ηιοσ
563 1868 618 1914 et
643 1859 891 1928 corporis
915 1865 1044 1912 sunt
1075 1857 1362 1922 elementa,
1393 1872 1456 1912 ex
1506 1855 1729 1928 quibus,
1768 1871 1830 1910 ac
1860 1871 1983 1910 cum

407 1951 627 2022 quibus,
655 1949 963 2014 cerebrum,
999 1949 1354 2016 membrana,
1397 1949 1653 2015 musculi,
1682 1950 1850 2010 nervi,
1880 1964 1990 2003 me-

405 2041 554 2098 dulla
572 2055 695 2112 quae
719 2039 775 2094 in
806 2039 1026 2095 ossibus
1043 2047 1146 2105 est,
1165 2054 1292 2094 ossa
1314 2039 1453 2110 ipsa,
1472 2037 1683 2101 dentes,
1703 2037 1986 2108 cartilago,

406 2133 592 2188 carnis
628 2132 684 2186 in
721 2143 780 2188 se
810 2131 1118 2187 convolutae
1172 2130 1426 2197 durities,
1479 2128 1626 2200 quod
1661 2128 1737 2183 illi
1771 2129 1987 2192 ἀδένας,

406 2242 508 2282 nos
539 2225 789 2290 tonsillae
810 2225 1066 2289 dicimus,
1101 2225 1420 2294 ligamenta,
1453 2223 1663 2289 cerebri
1687 2221 1986 2293 panniculi,

408 2319 578 2381 ﬁbrae,
612 2318 730 2387 pili,
777 2332 1013 2387 ungues,
1045 2331 1198 2381 caro,
1228 2331 1400 2383 venae,
1459 2315 1693 2379 arteriae,
1750 2325 1986 2381 meatus,

409 2409 598 2479 adeps,
652 2408 818 2472 cutis,
854 2408 1022 2472 tendi,
1066 2407 1124 2462 hi
1178 2417 1381 2473 autem,
1432 2406 1888 2477 quemadmodum
1938 2416 1992 2461 et

409 2500 664 2562 musculi,
695 2515 764 2555 ex
806 2499 1115 2569 ligamentis
1152 2498 1546 2566 venalibusque
1584 2496 1738 2552 ﬁbris
1763 2511 1990 2567 compo-

408 2590 499 2646 siti
540 2600 669 2646 sunt
700 2609 713 2644 :
745 2600 798 2646 et
840 2590 956 2645 haec
989 2589 1207 2659 quidem
1261 2588 1520 2644 similaria
1577 2597 1632 2642 et
1675 2589 1847 2658 prima
1897 2589 1986 2642 ha-

410 2683 630 2737 bentur.
664 2681 742 2736 Ex
770 2681 878 2747 his,
931 2681 1365 2746 dissimilarium,
1395 2691 1448 2735 et
1500 2696 1621 2750 qua:
1655 2681 1993 2736 instrumen-

411 2771 540 2826 tulia
569 2781 718 2837 sunt,
740 2771 1065 2842 compositio
1087 2773 1165 2836 tit,
1187 2771 1384 2841 capitis
1411 2770 1685 2835 videlicet,
1726 2772 1990 2842 pectoris,

409 2879 696 2929 manuum,
727 2865 925 2933 pedum
946 2873 999 2919 et
1022 2879 1212 2918 eorum
1235 2878 1355 2930 quae
1377 2878 1442 2917 ex
1470 2863 1806 2918 similaribus
1843 2880 1995 2919 com—

411 2957 586 3024 posita
608 2966 753 3010 sunt.
779 2954 987 3010 Etenim
1007 2970 1198 3010 omnes
1221 2953 1585 3010 dissimilares
1617 2963 1802 3025 partes
1836 2971 1901 3010 ex
1925 2955 1994 3012 si-

412 3047 700 3102 milaribus
731 3045 1065 3117 compositas
1105 3063 1228 3102 esse
1261 3059 1472 3102 certum
1502 3056 1606 3114 est;
1641 3047 1820 3104 abhis
1846 3049 1993 3104 enim

2090 1863 2248 1926 εἰσιν,
2285 1861 2343 1928 ἐξ
2373 1855 2446 1914 ὧν
2478 1861 2572 1913 καὶ
2625 1861 2744 1930 μεθ’
2779 1852 2854 1915 ὧν
2883 1859 2928 1892 ⁸⁸
2985 1855 3290 1926 ἐγκέφαλος
3312 1894 3327 1918 9
3381 1854 3668 1924 μήνιγγες
3688 1894 3702 1913 .

2092 1953 2264 2024 μῦες,
2296 1953 2464 2024 νεῦρα
2491 1993 2505 2014 ,
2547 1952 2742 2024 μυελὸς
2785 1952 2813 2005 ὀ
2863 1952 2920 2004 ὲν
2971 1951 3084 2013 τοῖς
3134 1948 3387 2010 ὀστέοις,
3440 1945 3593 1999 αύτὰ
3636 1945 3704 1998 τὰ

2089 2047 2228 2100 ὀστᾶ
2249 2047 2320 2110 ³⁸,
2355 2045 2576 2117 χόνδρος
2596 2086 2610 2109 ,
2647 2042 2836 2107 ἀδένες
2852 2083 2866 2106 ,
2903 2041 3195 2112 σύνδεσμοι
3214 2079 3230 2104 ,
3269 2037 3474 2109 ὑμένες
3495 2077 3511 2102 ,
3539 2031 3664 2098 ἶνες
3685 2077 3701 2101 ,

2088 2137 2305 2208 τρίχες,
2350 2136 2576 2206 ὄνυχες,
2612 2134 2816 2205 σάρκες
2843 2173 2856 2196 ,
2893 2131 3119 2203 φλέϐες,
3155 2129 3460 2202 ἀρτηρίαι,
3496 2125 3701 2196 πόροι,

2090 2229 2318 2302 πιμελὴ,
2347 2228 2550 2300 δέρμα,
2580 2227 2828 2288 τένοντες
2849 2225 2917 2290 ⁹¹,
2951 2223 3200 2277 σύνθετοι
3229 2222 3286 2275 δὲ
3315 2213 3470 2275 οὗτοι
3501 2217 3702 2288 ὥσπερ

2091 2323 2185 2376 καὶ
2215 2323 2263 2374 oi
2300 2320 2458 2391 μῦες,
2492 2319 2556 2373 ἔκ
2589 2336 2649 2372 τε
2683 2316 3003 2388 συνδέσμων
3032 2315 3127 2370 καὶ
3156 2311 3450 2383 νευρωδῶν
3487 2309 3628 2363 ἰνῶν
3654 2309 3701 2339 ’⁸

2092 2412 2467 2483 συγκείμενοι·
2488 2409 2665 2464 ταῦτα
2690 2409 2790 2480 μὲν
2813 2403 2906 2461 οὖν
2929 2406 3000 2460 τὰ
3022 2401 3327 2477 ὁμοιομερῆ
3350 2403 3448 2458 καὶ
3473 2399 3699 2470 πρῶτα.

2104 2505 2193 2575 Ἐξ
2216 2497 2292 2559 ὧν
2318 2503 2387 2558 ea
2411 2501 2780 2574 ἀνομοιομερῆ
2803 2501 2897 2554 καὶ
2924 2497 3192 2573 ὀργανικὰ
3222 2493 3607 2562 συνετέθησαν
3631 2492 3698 2523 "-

2091 2593 2226 2661 οἷον,
2263 2597 2496 2667 κεφαλὴ,
2530 2594 2735 2668 Θώραξ,
2773 2595 2986 2664 χεῖρες,
3025 2590 3204 2653 πόδες.
3234 2587 3332 2642 καὶ
3358 2587 3465 2640 ὅσα
3492 2586 3558 2638 ἐκ
3591 2583 3701 2636 τῶν

2091 2685 2436 2758 ὁμοιομερῶν
2497 2685 2754 2753 συνέστη.
2814 2684 2929 2736 Πᾶν
3000 2680 3110 2750 γὰρ
3171 2675 3583 2748 ἀνομοιομερὲς
3645 2675 3698 2737 έΞ

2094 2777 2439 2850 ὁμοιομερῶν
2462 2778 2798 2846 συνέστηκεν
2818 2791 2831 2804 ·
2862 2775 2927 2828 ἐκ
2955 2773 3164 2827 τούτων
3185 2771 3242 2824 δὲ
3274 2770 3336 2823 τὸ
3369 2768 3700 2838 σύμμετρον

2095 2871 2128 2941 ἦ
2159 2871 2516 2942 ἀσύμμετρον
2552 2868 2714 2940 σῶμα
2740 2885 2754 2898 ·
2793 2867 2893 2938 τῆς
2920 2866 2968 2899 ⁸⁸
3000 2863 3345 2936 συμμετρίας
3381 2864 3441 2915 ἐν
3465 2860 3698 2929 τέτρασι

2097 2961 2308 3024 τούτοις
2339 2960 2725 3031 οεωρουμένης
2749 2960 2816 2992 ⁸³⁸
2853 2959 2911 3011 έν
2945 2957 3221 3026 σχήματι,
3255 2955 3312 3005 ἐν
3343 2951 3605 3022 ἀριθμῷ,
3646 2953 3698 3001 ἐν

2101 3052 2355 3124 μεγέθει,
2389 3054 2446 3105 ἐν
2489 3052 2673 3105 θέσειο
2714 3049 2918 3119 ὁμοίως
2949 3047 3046 3100 καὶ
3087 3046 3189 3115 τῆς
3215 3043 3620 3114 ἀσυμμετρίας
3645 3041 3698 3091 ἐν

409 3140 676 3194 concinne
710 3141 1146 3210 inconcinneque
1194 3140 1498 3210 composita
1529 3155 1758 3211 corpora
1793 3143 1997 3198 consti-

2124 3149 2212 3210 τοῖς
2258 3144 2550 3200 ἀνάπαλιν.
2603 3143 2678 3196 Τὸ
2720 3142 2829 3214 γάρ
2869 3140 3067 3202 κάλλος
3096 3137 3190 3192 τοῦ
3235 3135 3500 3206 σώματος
3537 3135 3695 3204 εὐρυ-

410 3243 658 3286 tuuntur.
677 3231 1032 3286 Concinnitas
1049 3231 1194 3287 enim
1224 3231 1278 3285 in
1298 3231 1385 3287 his
1405 3241 1661 3302 quatuor,
1694 3233 1886 3304 figura,
1909 3251 2000 3290 nu-

2107 3235 2244 3306 θμία
2278 3236 2396 3287 ἐστὶ
2449 3232 2649 3304 μελῶν,
2697 3231 2816 3303 μετ’
2847 3230 3122 3302 εύχροίας.
3169 3227 3344 3281 Τοῦτο
3386 3224 3448 3277 δὲ
3484 3225 3694 3292 γίνεται

411 3339 586 3387 mero,
601 3323 975 3392 magnitudine
987 3331 1148 3393 atque
1166 3323 1272 3377 situ
1294 3325 1570 3390 cernitur;
1599 3323 2001 3381 inconcinnitas

2124 3326 2386 3398 ,ύκράτως
2419 3326 2521 3395 μὲν
2553 3326 2663 3379 τῶν
2705 3321 3071 3396 ὁμοιομερῶν,
3111 3319 3452 3390 συμμέτρως
3501 3317 3560 3370 δὲ
3594 3317 3697 3368 τῶν

410 3431 561 3478 vero,
596 3416 648 3469 in
670 3416 755 3470 his
780 3431 900 3487 qua:
929 3414 998 3469 ab
1035 3413 1116 3469 his
1139 3414 1350 3470 diversa
1373 3414 1662 3469 habentur.
1712 3413 2004 3470 Enimvero

2124 3419 2412 3489 ›ργανιγῶν
2462 3417 2720 3491 ἐχόντων.
2793 3413 3018 3487 Ἀρεταὶ
3067 3411 3178 3481 γάρ
3228 3410 3490 3481 σώματος
3541 3407 3696 3476 ὑγεία

412 3509 662 3578 corporis
722 3507 1072 3578 pulchritudo
1138 3522 1204 3562 ex
1275 3507 1547 3563 concinna
1626 3507 2000 3563 membrorum

2124 3512 2219 3564 ,στὶ
2258 3511 2354 3564 καὶ
2380 3509 2561 3582 ρὡη⁶
2603 3507 2804 3571 κάλλος
2831 3508 2925 3562 καὶ
2950 3505 3226 3578 ἀρτιότης,
3262 3503 3437 3574 ἧγουν
3467 3501 3692 3570 ὁλοκλη-

412 3600 826 3669 compOsitione,
879 3602 924 3654 si
948 3599 1125 3653 bonus
1178 3597 1330 3654 color
1390 3597 1554 3665 adsit,
1613 3606 1845 3655 constat.
1889 3597 2004 3655 Hoc

2124 3603 2216 3658 aia.
2258 3602 2479 3673 Ἀρεταὶ
2522 3601 2580 3655 δὲ
2609 3602 2810 3671 ψυχῆς,
2847 3597 3145 3672 φρόνησις,
3187 3592 3562 3666 σωφροσύνη,
3612 3593 3695 3646 ἀδι-

414 3699 600 3746 autem
652 3693 735 3758 ﬁt,
798 3707 924 3747 cum
995 3691 1266 3747 similares
1331 3690 1440 3763 ἥδ
1481 3700 1700 3761 partes,
1769 3691 2006 3748 salubris

2124 3694 2255 3766 ἱρεία
2281 3696 2328 3727 ⁸⁸
2363 3694 2460 3747 καὶ
2490 3692 2831 3760 δικαιοσύνη.
2921 3711 2924 3714 ’

417 3784 866 3854 temperamenti,
931 3799 995 3840 ac
1055 3783 1498 3839 instrumentalia
1555 3784 1672 3855 ipsa
1735 3785 2004 3839 concinne
2044 3783 2849 3843 fuerintconstituta.Virtutes
2902 3781 3691 3854 namquecorporis,sanitas,

417 3891 483 3932 ac
519 3870 804 3939 fortitudo,
863 3873 1171 3946 formaque.
1218 3891 1430 3932 necnon
1504 3875 1812 3946 integritas,
1888 3877 2150 3943 perfectio
2213 3879 2466 3934 videlicet
2525 3887 2674 3938 sunt.
2706 3879 2811 3937 Sed
2861 3880 3058 3935 animae
3081 3881 3336 3944 virtutes,
3372 3877 3692 3949 prudentia,

417 3971 803 4040 temperantia,
835 3969 1099 4024 fortitudo
1139 3985 1202 4024 ac
1233 3970 1447 4039 jusﬁtia
1494 3979 1640 4025 sunt.

489 4062 1064 4134 Siquidem,fortitudo
1082 4063 1348 4132 corporis,
1367 4063 1708 4118 concinnitas
1741 4077 1806 4118 ac
1831 4063 1998 4118 robur

417 4146 524 4221 est,
546 4158 690 4228 quod
717 4157 802 4212 his
842 4157 937 4228 qui
985 4156 1050 4211 ad
1083 4157 1281 4210 malam
1319 4156 1683 4211 valetudinem
1728 4157 2000 4226 proclives

417 4250 577 4317 tlunt,
600 4259 886 4320 repugnat.
910 4248 1154 4303 Virilitas
1178 4259 1382 4314 autem,
1421 4249 1617 4304 anima:
1647 4247 1909 4303 fortitudo
1935 4265 2000 4305 ac

418 4338 588 4392 robur
604 4347 709 4402 cst,
735 4353 859 4408 quae
881 4353 1071 4409 graves
1087 4339 1489 4403 meditationes,
1510 4339 1704 4394 mortis
1729 4339 1996 4402 videlicet.

2193 4065 2476 4134 Ἀναλογετ
2501 4065 2546 4098 ⁸⁷
2595 4059 2688 4119 οὖν
2732 4066 2764 4135 ἡ
2797 4066 2892 4119 τοῦ
2929 4064 3180 4138 σώματος
3227 4063 3390 4136 ῥώμη
3422 4061 3564 4134 πρὸς
3602 4061 3694 4131 τὴν

2105 4161 2206 4226 τῆς
2226 4157 2406 4229 ψυχῆς
2434 4157 2690 4228 ἀνδρείαν
2715 4158 2784 4191 ³⁸·
2816 4159 2849 4230 ἡ
2889 4159 2986 4229 μὲν
3012 4157 3122 4228 γὰρ
3148 4157 3306 4228 ῥώμη
3333 4157 3562 4210 εὐτονία
3584 4156 3693 4208 ἐστὶ

2111 4249 2394 4320 σώματος,
2441 4249 2539 4302 καὶ
2594 4250 2749 4320 ἰσχὺς
2802 4249 3306 4318 δυσανταγώνιστος
3355 4250 3476 4308 τοῖς
3534 4246 3692 4298 νοσα-

2108 4342 2260 4408 ζουσι
2285 4343 2332 4375 ”
2373 4343 2434 4396 τὸ
2467 4341 2630 4415 σῶμα
2668 4341 3015 4413 δυναμένοις·
3052 4343 3080 4412 ί]
3123 4341 3180 4393 δὲ
3209 4339 3437 4409 ἀνδρεία
3483 4341 3499 4370 ¹
3537 4337 3690 4408 ῥώμη

418 4428 751 4493 formidinis,
772 4429 975 4485 laboris
1000 4429 1501 4495 incommodorum,
1529 4432 1890 4501 voluptatum,
1932 4447 1997 4488 ac

2124 4434 2285 4507 ρυχῆς
2327 4435 2425 4490 καὶ
2473 4435 2626 4507 ἰσχὺς
2656 4435 2792 4508 πρὸς
2824 4434 2922 4516 τάς
2977 4434 3250 4504 ὑπομονὰς
3291 4432 3402 4485 τῶν
3452 4431 3691 4500 ἰσχυρῶν

417 4521 802 4578 universorum
824 4537 946 4592 qua:
980 4521 1164 4593 gravia
1195 4521 1656 4592 formidolosaque
1685 4530 1999 4588 censentur,

417 4615 692 4670 sustinere
717 4614 930 4669 nititur.
952 4612 1172 4670 Justitia
1195 4623 1372 4670 autem
1413 4613 1660 4684 corporis
1697 4614 2001 4683 pulchritu~

417 4707 534 4764 dini
593 4709 882 4764 similatur.
907 4707 1012 4763 Sed
1043 4707 1502 4778 pulchritudinem
1529 4707 1725 4778 ipsam,
1759 4707 1811 4760 in
1833 4722 2005 4762 mem-

418 4801 644 4855 brorum
667 4801 1033 4857 concinnitate
1050 4815 1173 4855 cum
1193 4799 1430 4855 salubris
1463 4800 1617 4854 color
1649 4800 1838 4865 aderit,
1868 4814 2002 4854 con-

422 4890 775 4960 templabere.
803 4893 875 4945 At
900 4891 1111 4960 justitia
1150 4891 1265 4960 ipsa
1308 4898 1411 4957 est,
1450 4891 1670 4960 quando
1711 4891 2006 4960 unicuique

421 4981 605 5036 omnia
639 4997 738 5051 pro
766 4982 1028 5053 dignitate
1052 4982 1298 5051 largitur.
1323 4979 1632 5036 Prudentia:
1655 4996 1788 5036 vero
1812 4997 2010 5052 corpo-

423 5071 503 5127 ris
535 5070 818 5141 integritas
852 5070 1050 5126 similis
1078 5070 1158 5124 tit.
1195 5068 1505 5124 Prudentiae
1526 5085 1762 5140 namque
1784 5087 2005 5135 munus,

421 5180 489 5221 ea
535 5181 660 5236 quae.
687 5165 871 5219 anima
907 5164 1071 5220 semel
1102 5175 1250 5220 recte
1273 5165 1709 5234 deprehenderit,
1742 5166 2002 5235 perlicere

421 5266 542 5325 est,
597 5256 1055 5328 quemadmodum
1105 5257 1434 5327 integritatis
1478 5273 1543 5313 ea
1588 5273 1711 5328 quae
1769 5257 1836 5312 ad
1881 5273 2004 5313 cor-

422 5350 578 5422 poris
629 5351 874 5406 membra
931 5350 1182 5406 attinent.

1029 5509 1072 5540 ⁸⁵
1112 5507 1279 5561 αὑτοῦ
1309 5523 1418 5562 om.
1453 5508 1517 5560 A.

1078 5579 1120 5611 ⁹¹
1161 5578 1406 5640 τένεντες
1441 5580 1478 5629 Α
1491 5620 1504 5632 .

1485 5648 1533 5680 ⁸⁸
1571 5646 1794 5716 ἀνδρίαν
1824 5647 1864 5699 Β
1895 5647 1958 5702 Ρ.

495 5512 543 5544 ⁸⁸
580 5510 639 5566 δὲ
676 5511 736 5564 ὲν
765 5525 817 5561 τ.
854 5507 916 5561 Β.

425 5583 474 5618 ’⁸
508 5583 647 5638 ὀστᾶ
675 5579 886 5641 ὀδόντες
909 5580 972 5634 Ρ.

427 5655 477 5690 ’⁸
507 5652 702 5723 ἀνδρία
731 5650 789 5704 Β.
819 5722 829 5723 7
866 5647 910 5723 ’_’
950 5649 1296 5723 ἀνα).οχεῖται
1325 5649 1384 5723 Β.

428 5718 623 5792 φόδουί
661 5739 719 5777 π.
813 5722 834 5752 ³
876 5721 1066 5792 hom.
1111 5720 1171 5774 Β.
1276 5728 1296 5752 ⁵
1335 5719 1395 5773 τὸ
1433 5718 1530 5788 μὲν
1572 5718 1682 5789 γὰρ
1723 5718 1785 5771 Β.

430 5791 451 5831 ⁶
488 5795 606 5851 ιιωο
637 5807 747 5849 om.
782 5791 902 5867 B.C
944 5791 1008 5847 P.

1622 5505 1671 5537 “
1698 5507 1726 5558 ὁ
1765 5503 1938 5559 εἰπὼν
1966 5505 2025 5558 Β.

1603 5579 1650 5609 θ’
1693 5576 1820 5629 ίνῶν
1849 5591 1960 5630 om.
1987 5577 2053 5628 A.

2050 5646 2097 5677 ”
2133 5645 2352 5698 νοσοῦσι
2375 5647 2435 5709 Β,
2465 5644 2705 5707 νοσίζειν
2727 5645 2788 5699 C.

1881 5718 1901 5749 ⁸
1945 5715 2122 5787 μελῶν
2169 5715 2209 5768 Β
2265 5716 2306 5772 C
2349 5717 2412 5770 P.

2109 4527 2442 4598 φαντασιῶψ
2475 4527 2709 4582 Θανάτου
2727 4529 2770 4594 ⁸,
2804 4527 2990 4592 πόνου,
3031 4524 3432 4595 ταλαιπωρίας.
3463 4522 3688 4594 ἡδονῶν,

2109 4617 2205 4672 καὶ
2245 4618 2462 4672 πάντων
2488 4617 2596 4670 τῶν
2625 4616 2814 4670 δεινῶν
2850 4633 2908 4669 τε
2947 4616 3044 4669 καὶ
3074 4615 3323 4686 φοϐερῶν
3370 4611 3520 4667 εἶναι
3546 4631 3692 4683 νομι-

2111 4709 2373 4780 ζομένων.
2411 4709 2500 4782 Τῷ
2530 4708 2586 4763 δὲ
2617 4708 2802 4762 κάλλει
2828 4711 2862 4780 ἡ
2885 4711 2904 4741 ³
2934 4706 3252 4778 δικαιοσύνη
3287 4706 3612 4774 προσέοικε·
3639 4703 3692 4757 ab

2097 4801 2219 4874 γὰρ
2247 4801 2269 4832 ⁸
2294 4801 2489 4865 κάλλος
2518 4803 2576 4854 ὲν
2618 4801 2930 4873 συμμετρίᾳ
2962 4799 3212 4867 σώματος
3235 4803 3255 4832 ⁵
3291 4799 3411 4868 μετ’
3441 4798 3691 4869 εὐχροεας

2109 4896 2345 4947 νοεῖται·
2393 4894 2426 4964 ἡ
2476 4892 2534 4945 δὲ
2561 4891 2873 4962 δικαιοσύνη
2911 4894 2968 4943 ἐν
3014 4894 3080 4962 τῇ
3128 4892 3360 4961 διανομῇ
3414 4890 3531 4942 τῶν
3581 4891 3690 4942 κατ’

2109 4985 2269 5052 ἀξίαν
2295 4985 2512 5056 ἑκάστῳ
2539 4986 2581 5039 ⁸.
2615 4987 2696 5056 Τῇ
2743 4984 2797 5037 δὲ
2832 4985 3096 5053 φρονήσει
3129 4985 3162 5053 ἡ
3210 4985 3474 5054 ἀρτιότης
3497 4999 3512 5012 ’
3561 4983 3694 5053 alr}-

2112 5097 2282 5151 ρωσις
2305 5081 2325 5112 ⁷
2362 5079 2470 5150 γάρ
2502 5081 2652 5132 ἐστιν
2680 5081 2712 5149 ὴ
2747 5078 3010 5148 φρόνησις
3038 5077 3147 5130 τῶν
3178 5078 3277 5147 τῆς
3303 5076 3493 5146 ψυχῆς
3524 5075 3693 5146 ὀρθῶν

2109 5170 2492 5240 καταλήψεων,
2533 5169 2722 5240 ῶσπερ
2768 5171 2800 5239 ὴ
2847 5171 3103 5240 ἀρτιότης
3147 5167 3255 5222 τῶν
3295 5167 3393 5220 τοῦ
3445 5165 3718 5252 σώματοςπ

2114 5263 2311 5334 μελῶν.
2341 5265 2419 5334 Τῇ
2447 5263 2503 5316 δὲ
2531 5263 2692 5334 ὑγεία
2719 5264 2753 5333 ἠ
2789 5261 3112 5333 σωφροσύνη
3133 5262 3176 5315 ⁸.
3710 5261 3717 5266 ”

2121 5505 2166 5538 ⁸⁷
2209 5504 2258 5571 ξ.
2286 5505 2380 5558 καὶ
2419 5504 2541 5574 μέλ.
2578 5505 2639 5560 Β.

2153 5576 2201 5607 ⁸³
2244 5575 2506 5647 συνετέθη
2534 5576 2580 5647 BV
2593 5577 2667 5647 ΔΡ.

2739 5504 2783 5538 ⁸³
2826 5504 2922 5558 καὶ
2964 5521 3048 5558 στ.
3075 5502 3118 5558 Β
3150 5503 3215 5557 P.

2771 5573 2818 5607 "’
2857 5573 3038 5648 tradi}.
3094 5645 3104 5648 _
3133 5573 3606 5648 ”_0_ewpoUp.évou
3641 5577 3690 5648 Βἐ

2893 5645 2909 5675 ⁸
2929 5645 3143 5718 ᾃάνδρία
3172 5644 3214 5696 Β
3236 5645 3315 5718 Ρ.Δ
3348 5715 3359 5718 _
3380 5646 3401 5675 '
3439 5644 3688 5718 Oavéfzp‘

2520 5718 2540 5748 θ
2595 5715 2828 5770 ἑκάστου
2857 5715 2899 5768 Β
2926 5716 2990 5770 Ρ.
3048 5714 3062 5786 ξ
3086 5719 3105 5748 ⁷
3147 5714 3546 5787 συμπλήρωσις
3571 5715 3611 5768 Β
3635 5715 3687 5769 Ρ.

3329 5503 3376 5536 ⁸⁹
3424 5502 3551 5574 μεθ’
3577 5504 3612 5558 ἀ
3637 5507 3691 5557 Α.
