3842 6426
86 351 254 410 1141

1369 369 1455 425 ΒΕ
1494 370 1781 431 NATUBA
1823 375 2134 433 HOMINIS.

3267 381 3403 436 flii

184 468 412 567 ’λ’γεία
459 473 517 528 δέ
564 477 715 530 ἐστιν
764 477 949 543 εὐεξία
997 479 1332 555 σύμμετρος·
1366 489 1400 558 ἠ
1445 490 1503 543 δὲ
1539 491 1688 556 ειίσιιξίΙ

1895 493 2114 550 Sanitas
2149 512 2276 550 vero
2315 505 2428 559 est,
2464 510 2587 549 cum
2624 504 2918 566 temperate
2951 509 3151 567 corpus
3181 497 3402 554 salubre

82 560 282 628 ὑγεία
319 567 715 640 ἐπιτεταμένη.
744 571 1058 642 Παρέπεται
1109 574 1166 629 δὲ
1202 580 1270 650 τῇ
1303 580 1466 652 ὑγεία
1494 583 1712 650 κάλλος,

79 655 311 744 εὐεξία
335 699 352 723 ,
383 661 660 734 ἀρτιότης·
691 664 888 728 κάλλος
908 708 923 732 ,
959 667 1019 720 οὐ
1046 667 1107 720 τὸ
1136 671 1244 724 άπὸ
1274 675 1645 744 κομμωτικῶν
1668 678 1712 742 ⁸,

79 743 123 814 ἦ
171 746 249 799 τὸ
305 749 381 804 δι’
425 753 843 824 ὲπιχρισμάτων
871 757 914 788 ¹⁰
961 759 1272 829 προσώπων
1307 764 1345 796 ¹¹
1391 743 1485 818 κοιλ⁹
1526 766 1711 838 βαφῆς

77 839 356 909 τριχῶν,
400 843 536 898 ἀλλὰ
574 846 636 899 τὸ
667 850 790 902 κατ’
833 850 1268 923 ἐπακολούθησιν
1299 859 1400 927 τῆς
1444 858 1636 926 ὑγείας
1671 861 1712 890 “

83 934 544 1004 cuvto-tdpevov'
573 939 696 992 κατ’
721 941 1019 1011 εὐκράσιαν
1044 944 1139 998 τοῦ
1173 947 1416 1016 ἐμφύτου
1457 949 1662 1021 θερμοῦ
1690 989 1707 1014 ,

78 1020 212 1074 τῶν
241 1040 316 1077 τε
360 1026 707 1100 ὁμοιομερῶν
748 1035 843 1086 καὶ
879 1035 987 1087 τῶν
1029 1036 1342 1107 ὀργανικῶν
1391 1020 1570 1111 μελῶν
1611 1043 1707 1096 καὶ

86 1113 355 1183 μορίων.
403 1116 465 1170 Ἦ
506 1119 617 1190 γὰρ
648 1121 808 1187 ὑγεία
847 1125 1116 1194 εὐκρασία
1157 1129 1274 1181 ἐστὶ
1303 1129 1410 1182 τῶν
1468 1131 1527 1184 ἐν
1574 1132 1705 1200 ἡμῖν

80 1204 342 1272 χυμῶψ
375 1207 474 1260 καὶ
515 1209 622 1263 τῶν
650 1213 901 1278 φυσικῶν
935 1217 1030 1267 καὶ
1053 1215 1301 1286 ψυχικῶν
1331 1221 1426 1272 καὶ
1456 1219 1704 1283 ζωτικῶν

78 1293 408 1366 δυνάμεων
436 1303 920 1373 ἀπαρεμπόδιστος
944 1307 986 1338 ¹³
1015 1309 1268 1378 ὲνέργεια
1293 1310 1386 1364 τοῦ
1415 1312 1579 1383 ἦθους
1605 1313 1703 1382 τῆς

79 1384 295 1457 ψυχῆς
337 1392 430 1444 καὶ
461 1393 555 1445 τοῦ
584 1394 839 1463 σώματος
866 1398 1043 1461 καλῶς
1077 1399 1520 1470 διαφαινομένου.

1817 588 2054 641 exsistit.
2116 587 2222 642 Sed
2286 589 2427 643 bona
2499 589 2804 654 habitudo,
2861 589 3113 659 corporis
3172 598 3397 645 extensa

1817 678 2068 732 valetudo
2089 685 2193 732 est.
2231 677 2368 730 Nam
2419 677 2788 747 pulchritudo,
2823 677 3077 746 bonaque
3114 676 3396 740 habitudo,

1818 786 1917 824 nec
1955 785 2062 825 non
2122 771 2427 841 integritas,
2488 771 2774 826 sanitatem
2807 781 3144 839 sequuntur.
3174 785 3280 824 non
3303 769 3395 823 illa

1817 863 2004 930 utique
2020 859 2364 930 pulchritudo
2380 876 2500 929 quae
2515 862 2760 916 subtrahi
2782 871 2979 930 potest,
3007 862 3095 914 illa
3121 860 3390 922 videlicet.

1815 966 1937 1020 qua:
1961 951 2013 1004 in
2050 951 2504 1007 medicaminibus
2531 951 2713 1014 faciei,
2731 952 3394 1020 inficiendisquecrinibus

1813 1051 2083 1108 versatur,
2105 1043 2199 1097 sed
2225 1058 2347 1112 qua:
2363 1059 2486 1098 cum
2504 1045 2741 1098 sanitate
2772 1043 3090 1097 continuato
3113 1041 3302 1096 ordine
3321 1039 3394 1096 ob

1812 1135 2124 1202 temperiem
2166 1134 2316 1190 insiti
2363 1137 2458 1205 qui
2485 1139 2534 1189 in
2561 1136 2719 1189 nobis
2763 1144 2846 1190 est
2865 1135 3082 1197 caloris,
3121 1132 3396 1196 simulque

1812 1224 2185 1288 similiarium,
2251 1226 2867 1287 instrumentaliumque
2917 1223 3178 1291 partium.
3219 1235 3393 1271 mem-

1810 1313 2528 1383 brorumqueconstituitur.
2557 1315 2777 1376 Verum,
2814 1316 3022 1366 sanitas
3051 1311 3167 1378 ipsa
3200 1309 3393 1360 Immo-

1812 1419 1932 1455 rum
1955 1403 2048 1473 qui
2073 1405 2125 1458 in
2141 1407 2298 1459 nobis
2315 1417 2444 1462 sunt
2463 1408 2600 1460 bona
2630 1405 2920 1474 temperies
2936 1413 3038 1466 est,
3055 1412 3110 1456 et
3125 1399 3266 1455 actio
3289 1413 3390 1451 na-

82 1479 380 1534 turalium
424 1482 933 1554 animaliumqueac
959 1487 1204 1542 vitalium
1239 1489 1556 1544 facultatum
1583 1506 1704 1558 quae
1741 1491 1892 1546 nullo
1924 1494 2313 1562 impedimento
2348 1494 2541 1562 fertur,
2602 1510 2724 1550 cum
2749 1503 2804 1548 et
2851 1492 3048 1547 animm
3069 1501 3123 1546 et
3143 1488 3390 1558 corporis

83 1583 248 1634 mos,
296 1588 401 1630 seu
431 1574 640 1630 indoles
675 1577 958 1647 perspicua
1008 1580 1374 1646 pulcherrime
1434 1584 1702 1638 redditur.

165 1664 352 1718 Ἐστι
394 1665 451 1721 δὲ
491 1666 671 1738 ψυχῆς
711 1669 810 1739 μὲν
841 1665 973 1740 ἦθος
1017 1673 1240 1745 ποιότης
1281 1675 1325 1706 ¹⁵
1352 1675 1534 1729 τοιάδε
1589 1677 1700 1729 ἀπ-

1876 1678 2089 1734 Etenim
2135 1680 2333 1734 animae
2389 1692 2528 1740 mos,
2581 1678 2816 1746 qualitas
2871 1676 3080 1731 scilicet
3141 1674 3260 1742 ejus
3308 1681 3389 1726 ta-

84 1756 508 1828 εσκιρρωμένη
540 1759 636 1811 καὶ
663 1759 1096 1833 δυσαπόόλητος,
1123 1765 1373 1818 τουτέστι
1397 1766 1572 1835 παγία
1603 1767 1688 1819 καὶ

1810 1772 1867 1830 iis
1906 1781 2010 1836 est,
2057 1785 2182 1839 qua:
2239 1767 2540 1822 fortissime
2596 1767 2651 1821 in
2713 1766 2991 1836 proposito
3051 1771 3386 1832 permaneat,

85 1847 177 1908 είς
222 1846 352 1912 ἕξιν
384 1848 635 1904 ἐλθοῦσα.
679 1850 938 1921 Σώματος
977 1855 1036 1909 δέ
1067 1857 1214 1908 ἐστιν
1256 1853 1442 1932 ἦθοςθὸ
1468 1859 1698 1912 ἑκάστου

86 1938 326 2010 κόσμος
349 1979 366 2003 ,
393 1940 561 2011 ἧγουν
586 1943 866 2014 τελειότης
895 1947 927 2014 ή
955 1945 1045 2000 διὰ
1073 1947 1172 2016 τῆς
1212 1949 1317 2002 τῶν
1356 1950 1541 2021 ἄκρων
1577 1969 1702 2004 στε-

88 2032 333 2101 ρήσεως
361 2033 462 2104 τῆς
489 2051 548 2087 τε
574 2035 850 2106 ὑπεροχῆς
881 2037 976 2091 καὶ
1007 2037 1214 2104 ἐνδείας
1243 2039 1594 2113 θεωρουμένη
1633 2044 1696 2096 ³⁸.

103 2122 400 2193 Ἀκοσμία
429 2125 485 2179 δὲ
509 2127 537 2180 ὅ
558 2143 618 2179 τε
648 2127 988 2198 πλεονασμὸς
1016 2131 1111 2183 καὶ
1139 2132 1171 2201 ἡ
1210 2131 1469 2202 ἔλλειψις.
1511 2134 1568 2187 Ὁ
1593 2135 1701 2206 γὰρ

90 2214 435 2280 πλεονάζων
460 2217 604 2282 τινὸς
639 2218 855 2290 μορίου,
887 2219 965 2284 ὦς
989 2221 1137 2286 τινές
1159 2224 1298 2277 είσιν
1325 2224 1696 2292 ὲξαδάκτυλοι,

91 2305 128 2374 ἢ
160 2304 495 2379 λειπόμενοι
520 2308 563 2340 ¹⁶
591 2311 772 2381 χειρὸς
806 2311 840 2382 ἢ
867 2311 1046 2378 ποδὸς,
1076 2314 1109 2384 ἢ
1153 2314 1466 2386 ὀφθαλμοῦ,
1494 2317 1527 2388 ἧ
1557 2335 1702 2380 τινος

92 2397 274 2452 ἄλλου
323 2398 552 2471 μορίου,
585 2400 829 2472 άκοσμός
869 2404 987 2456 ἐστι
1033 2405 1130 2457 καὶ
1175 2404 1552 2478 ἀσύμμετρος·
1606 2411 1702 2462 καὶ

94 2488 222 2544 ἐστι
249 2491 420 2544 τοῦτο
458 2492 610 2564 παρὰ
645 2492 737 2547 τδν
774 2494 1006 2566 ἀριθμὸν
1049 2497 1296 2568 σφάλμα.
1336 2500 1497 2552 Ἀλλὰ
1540 2501 1636 2554 καὶ
1673 2505 1702 2555 6

96 2583 264 2654 παρὰ
321 2583 386 2636 τὸ
441 2587 628 2655 σχῆμα
683 2586 734 2638 τί
773 2585 940 2656 ἔχων·
990 2581 1102 2641 οἷον
1166 2588 1520 2660 διαστρόφους
1573 2593 1698 2657 τοὺς

97 2674 439 2748 ὀφθαλμοὺς
481 2677 516 2748 ἢ
565 2679 690 2742 τοὺς
722 2679 891 2742 πόδας
911 2717 927 2743 ,
957 2679 1110 2752 ἢτὴν
1155 2684 1312 2753 χεῖρα
1355 2683 1576 2753 μείζονα
1603 2686 1700 2754 τῆς

99 2768 336 2840 ἑτέρας.
390 2769 688 2840 Ἐσφάλθαι
713 2770 770 2824 δὲ
810 2770 1028 2839 λέγεται
1051 2772 1094 2803 ¹⁷
1125 2773 1220 2826 καὶ
1248 2776 1275 2827 6
1301 2777 1452 2845 παρὰ
1483 2775 1584 2847 τὴν
1617 2776 1700 2829 θέ-

105 2877 217 2915 σιν·
252 2855 372 2915 οἴον
400 2860 591 2934 ἔντερα
629 2864 686 2915 ἐν
734 2862 912 2933 ίσχίῳ,
951 2863 984 2934 ἢ
1017 2864 1192 2934 μηρὸν
1233 2865 1338 2931 ἔξω
1368 2867 1635 2938 κοτύλης,
1666 2868 1700 2939 ἢ

102 2953 212 3023 τὴν
237 2955 408 3027 χεῖρα
431 2955 474 2988 ¹⁸
503 2957 844 3026 συμφυείσαν
866 2958 935 3026 τῇ
956 2954 1259 3028 ὠμοπλάτη
1289 2960 1354 3021 ¹⁹,
1385 2959 1418 3030 ἢ
1447 2959 1499 3012 τί
1526 2958 1702 3013 τοιοῦ-

102 3061 225 3101 τον.
273 3044 512 3116 Ὁμοίως
535 3048 629 3100 κα)⁵
654 3049 681 3101 6
711 3048 864 3120 παρὰ
889 3047 951 3102 τὸ
977 3047 1228 3118 μέγεθος,
1253 3047 1326 3112 ὡς
1350 3048 1497 3120 ἔχειν
1526 3067 1700 3121 κεφα-

1804 1872 1858 1919 et
1905 1876 2027 1930 qua:
2071 1858 2266 1913 abduci
2320 1873 2426 1911 non
2487 1856 2647 1912 facile
2693 1867 2877 1927 queat,
2929 1865 3211 1916 constans,
3271 1860 3386 1906 sta-

1805 1953 2058 2021 bilisque,
2093 1956 2147 2004 et
2204 1949 2256 2002 in
2295 1947 2538 2002 habitum
2601 1947 2848 2002 veniens.
2903 1946 2994 1999 Est
3041 1955 3225 1998 autem
3261 1959 3388 1997 cor-

1803 2045 1954 2115 poris
1996 2058 2134 2106 mos,
2169 2039 2537 2110 pulchritudo,
2579 2039 2842 2109 perfectio
2902 2038 3151 2092 videlicet
3198 2034 3388 2104 cujus-

1803 2136 1932 2191 libet
1981 2133 2171 2204 partis,
2214 2145 2379 2201 quam
2417 2143 2644 2184 cernere
2671 2136 2779 2192 est,
2807 2142 2934 2182 cum
2981 2141 3182 2195 corpus
3204 2126 3272 2178 ab
3298 2123 3387 2178 his

1803 2244 1924 2298 quae
1963 2233 2295 2294 exsuperant
2337 2238 2402 2278 ac
2443 2221 2705 2276 deficiunt
2751 2227 3065 2288 exemptum
3117 2216 3382 2270 redditur.

1808 2319 2137 2375 Deformitas
2176 2331 2306 2370 vero
2351 2314 2473 2384 ejus
2515 2325 2619 2374 est,
2665 2310 2776 2383 44.
2818 2327 2941 2366 cum
2974 2319 3170 2380 praeter
3214 2305 3390 2377 legiti-

1802 2429 1952 2467 mum
1998 2419 2207 2466 natura:
2238 2407 2486 2462 ordinem
2520 2418 2917 2474 supervacuum
2962 2399 3093 2470 quid
3134 2399 3187 2452 in
3215 2413 3389 2451 mem-

1802 2503 1937 2567 bris,
1964 2510 2056 2556 aut
2081 2499 2339 2554 deficiens
2387 2499 2466 2551 tit.
2493 2495 2816 2562 Cuicnnque
2842 2491 2990 2546 enim
3027 2504 3155 2558 pars
3201 2486 3388 2555 aliqua

1802 2602 2116 2664 exsuperat,
2151 2600 2209 2646 ut
2234 2589 2326 2661 qui
2355 2588 2505 2644 senis
2543 2586 2727 2657 digitis
2755 2584 3015 2654 praeditus
3057 2581 3269 2642 visitur,
3296 2584 3389 2630 aut

1804 2702 1993 2750 manu,
2025 2700 2119 2738 seu
2157 2684 2292 2752 pede
2325 2680 2549 2734 mutilus
2578 2677 2831 2740 exsistit,
2864 2675 2980 2730 sive
3033 2671 3258 2726 alterius
3293 2684 3389 2722 ex-

1804 2795 1928 2848 pers
1965 2778 2110 2832 oculi
2136 2784 2238 2840 est,
2269 2775 2350 2829 vel
2384 2774 2487 2827 alia
2517 2770 2710 2841 quavis
2743 2777 2896 2837 parte
2923 2773 3093 2827 caret,
3124 2760 3389 2816 deformis

1804 2871 2272 2936 inconcinnusque
2321 2867 2567 2929 habetur,
2617 2874 2672 2919 et
2719 2863 2823 2917 hoc
2847 2860 3066 2929 quidem
3119 2866 3224 2921 est,
3259 2870 3388 2910 cum

1802 2977 2002 3032 corpus
2041 2960 2156 3016 suis
2202 2959 2446 3014 numeris
2479 2957 2703 3012 minime
2735 2952 3046 3009 absolutum
3113 2947 3383 3003 redditur.

1807 3054 1910 3110 Sed
1957 3062 2011 3110 et
2056 3069 2178 3122 qua:
2239 3052 2305 3106 ad
2367 3051 2598 3105 formam
2637 3048 2944 3118 pertinent,
2995 3042 3144 3097 verbi
3193 3039 3387 3111 gratia,

106 3135 210 3207 λὴν
232 3138 282 3170 ²⁰
309 3138 690 3210 ὑπερμεγέθη,
717 3139 751 3210 ἢ
776 3141 1115 3212 μικρότεραν
1135 3140 1230 3194 τοῦ
1266 3141 1410 3195 κατὰ
1447 3141 1630 3211 φύσιν·
1665 3144 1688 3215 ἦ

1810 3162 1926 3202 cum
1952 3146 2006 3199 in
2037 3145 2221 3214 aliquo
2243 3142 2456 3198 distorti
2492 3139 2636 3196 oculi
2690 3146 2787 3192 aut
2829 3136 2992 3204 pedes
3038 3130 3389 3200 conspiciun-

111 3230 240 3300 ῥῖνα
272 3230 309 3301 ἢ
345 3230 623 3302 ὀφθαλμόν
650 3234 714 3266 ²¹ο
750 3233 784 3304 ἢ
829 3233 922 3287 καὶ
951 3233 1084 3287 αὐτὸ
1124 3233 1272 3288 ἆπαν
1299 3236 1361 3289 τὺ
1403 3235 1586 3307 σῶμα,
1629 3236 1706 3302 ὡς

106 3315 159 3392 οἱ
191 3316 462 3385 γίγαντες
496 3318 530 3389 ἢ
559 3319 933 3392 ἀνθρωπίσκοι
957 3324 1028 3378 ²¹.
1244 3343 1252 3350 ·

1815 3245 1924 3301 tur,
1958 3236 2074 3290 sive
2128 3250 2252 3290 cum
2318 3234 2484 3286 altera
2530 3244 2725 3283 manus
2774 3227 3000 3281 alteram
3032 3223 3265 3278 excedit.
3323 3217 3392 3272 Et

1811 3329 1958 3398 quod
2010 3328 2076 3382 ad
2129 3328 2294 3381 situm
2344 3323 2846 3394 perfectionemque
2896 3318 3110 3380 attinet,
3156 3323 3215 3368 ut
3260 3327 3388 3366 cum

109 3386 301 3466 femur
343 3427 372 3466 a
401 3411 659 3499 junctum
696 3421 894 3478 exstat,
947 3422 1001 3468 et
1029 3429 1228 3470 manus
1272 3416 1508 3486 scapulae
1532 3386 1863 3483 adnectitur,
1919 3435 2014 3474 seu
2071 3418 2123 3470 in
2175 3419 2296 3471 aliis
2354 3413 2614 3468 membris
2663 3410 2940 3480 quidpiam
2969 3405 3171 3466 taletit,
3205 3402 3256 3457 id
3282 3401 3392 3456 fru—

109 3503 313 3558 stratio
347 3498 712 3572 nuncupatur.
747 3503 949 3557 Eodem
972 3511 1151 3572 pacto,
1179 3517 1233 3558 et
1262 3520 1382 3575 qua:
1413 3508 1806 3577 magnitudinis
1831 3519 1979 3571 sunt,
2036 3518 2237 3561 utcum
2291 3515 2456 3575 caput
2493 3515 2685 3558 natura
2750 3501 2868 3569 plus
2906 3498 3074 3552 nimio
3129 3511 3386 3565 niagnum

107 3604 207 3648 aut
230 3595 402 3650 breve
422 3595 500 3659 tit,
534 3595 614 3648 vel
645 3609 832 3657 nasus,
854 3594 970 3651 sive
1002 3596 1215 3662 oculus,
1249 3605 1344 3651 aut
1375 3614 1498 3653 cum
1535 3607 1705 3654 totum
1742 3616 1941 3670 corpus
1989 3602 2230 3654 immane
2291 3607 2382 3652 aut
2435 3597 2718 3666 pusillum,
2753 3603 2812 3647 ut
2874 3592 3176 3662 gigantum,
3202 3604 3266 3642 ac
3291 3587 3388 3656 qui

109 3687 266 3752 nani,
297 3703 397 3743 seu
437 3689 763 3758 pumiliones
783 3689 1164 3758 fappellantur,
1232 3692 1393 3747 alicui
1428 3694 1712 3762 contingit.

178 3781 309 3834 Τῶν
337 3779 448 3851 γὰρ
475 3781 532 3833 ὲν
573 3781 705 3850 ἡμῖν
738 3780 936 3850 μελῶν,
973 3781 1042 3835 τά
1075 3784 1172 3853 μὲν
1205 3785 1340 3854 πρὸς
1368 3785 1430 3838 τὸ
1470 3785 1593 3857 ζῇν,
1623 3786 1693 3840 τὰ

105 3872 167 3926 δὲ
197 3873 343 3944 πρὸς
388 3872 450 3926 τὸ
491 3868 549 3926 εὖ
583 3873 680 3944 ζῇν
716 3872 866 3926 ἐστιν
895 3874 1194 3945 ἐπιτήδεια*
1241 3876 1311 3929 τὰ
1355 3877 1455 3946 μὲν
1501 3874 1596 3932 οὖν
1625 3881 1694 3911 ’ν

108 3964 251 4036 πρὸς
285 3965 354 4020 τὸ
396 3963 494 4036 ζῇν
523 3967 787 4034 γεγονότα
828 3965 993 4038 κύρια
1035 3969 1321 4038 τυγχάνει·
1369 3965 1502 4035 οἷον,
1537 3971 1698 4040 ἐγκέ-

109 4057 303 4126 φαλος,
339 4058 558 4128 καρδία,
586 4058 821 4129 γαστὴρ,
873 4059 969 4112 καὶ
1001 4059 1045 4090 ’³
1070 4055 1223 4132 ἧπαρ
1243 4101 1258 4126 ,
1288 4063 1383 4115 καὶ
1418 4063 1696 4132 πνεύμων·

108 4147 186 4205 ὧν
217 4151 505 4205 παθόντων
530 4151 755 4224 τελευτᾷ
780 4153 841 4206 τὸ
865 4152 1025 4218 ζῶονο
1050 4157 1118 4208 τὰ
1145 4155 1202 4208 δὲ
1227 4156 1362 4227 πρὸς
1391 4157 1452 4210 τὸ
1481 4154 1539 4212 εὖ
1571 4159 1692 4229 ζῇν,

106 4243 381 4316 ὀφθαλμοί
412 4247 555 4308 εἰσι,
603 4245 700 4298 καὶ
745 4245 904 4309 πόδες
945 4247 1039 4300 καὶ
1084 4251 1268 4319 χεῖρες
1291 4289 1306 4312 ,
1337 4251 1431 4303 καὶ
1465 4252 1531 4304 τὰ
1558 4252 1696 4306 ἄλλα

111 4331 302 4402 μόριαο
330 4331 534 4386 τούτων
559 4334 667 4404 γὰρ
699 4333 1004 4399 παθόντων,
1031 4335 1098 4408 ζῇ
1133 4337 1232 4408 μὲν
1260 4338 1323 4390 τὸ
1355 4337 1516 4404 ζῶον,
1545 4340 1612 4411 ζῇ
1637 4341 1694 4393 δὲ

109 4424 170 4476 οὺ
201 4423 407 4488 καλῶς.

178 4517 282 4571 Διά
315 4517 476 4572 τοῦτο
515 4517 624 4588 γὰρ
649 4518 745 4571 καὶ⁹
771 4517 842 4572 τὰ
867 4518 1198 4590 αίσθητήρια
1227 4521 1296 4574 δι’
1327 4521 1698 4593 ὑπερϐάλλουο

113 4625 214 4661 σαν
251 4610 604 4681 κηδεμονίαν,
652 4611 822 4664 διπλᾶ
852 4612 1157 4683 πεποίηκεν
1178 4613 1224 4644 ’³
1248 4614 1276 4665 6
1305 4613 1456 4677 Θεόςο
1493 4615 1578 4668 ἵνα
1605 4614 1699 4668 τοῦ

111 4700 303 4772 ἑτέρου
351 4702 645 4765 παθόντος,
679 4703 738 4755 τὸ
761 4702 1221 4773 περιλειπόμενον
1261 4703 1409 4776 σώζῃ
1471 4706 1571 4776 τὴν
1617 4707 1702 4760 αῖ-

116 4792 334 4865 σθησιν.
369 4795 474 4848 Δύο
507 4795 615 4866 γὰρ
653 4795 926 4866 ὀφθαλμοὶ
948 4795 1043 4849 καὶ
1075 4790 1190 4850 ὦτα
1225 4797 1340 4850 δύου
1377 4797 1470 4851 δύο
1501 4800 1702 4870 πόρους

112 4886 209 4954 τῆς
236 4887 620 4958 ὀσφρήσεως³⁵
644 4891 700 4940 ἐν
722 4891 785 4958 τῇ
813 4887 921 4958 ῥινὶ
943 4890 1266 4958 πεποίηκεν,
1293 4891 1500 4943 καὶδύο
1524 4892 1696 4962 γλώτ-

112 4991 212 5040 τας
267 4979 405 5031 πᾶσι
450 4981 564 5040 τοῖς
611 4976 772 5042 ζώοις
814 4979 1095 5048 ἐνέφυσεν·
1139 4979 1276 5032 ἀλλὰ
1321 4984 1432 5045 τοῖς
1488 4981 1586 5052 μὲν
1625 4982 1700 5036 δι-

118 5068 399 5139 ηρημένας
425 5109 440 5135 ,
466 5069 542 5134 ὡς
566 5071 680 5133 τοῖς
714 5070 892 5138 ὄφεσι,
916 5074 1028 5133 τοῖς
1054 5073 1112 5126 δὲ
1147 5075 1498 5144 συνημμένας
1525 5074 1571 5106 ³⁸
1605 5075 1699 5128 καὶ

118 5163 528 5232 συνηνωμένας,
567 5162 644 5226 ὡς
683 5167 798 5228 τοῖς
829 5163 1161 5236 ἀνθρώποις.
1201 5167 1364 5219 Ἀλλά
1386 5167 1492 5219 τῶν
1519 5167 1617 5237 μὲν
1649 5170 1690 5200 ⁸⁷

119 5249 388 5306 πλείστων
449 5254 825 5325 αἰσθητηρίων
874 5255 1343 5328 διαφθειρομένων
1398 5259 1550 5312 οὐδὲν
1608 5261 1693 5322 είς

117 5342 287 5414 αὐτὴν
324 5345 421 5416 τὴν
455 5345 602 5418 ζωὴν
644 5347 1090 5402 καταϐλάπτεται
1136 5351 1196 5402 τὸ
1250 5351 1387 5415 ζῶον
1457 5352 1600 5421 ἁφῆς
1633 5351 1691 5404 δὲ

1863 3785 1997 3841 Nam
2034 3786 2401 3840 membrorum
2450 3783 2504 3836 in
2550 3782 2742 3844 nobis,
2774 3779 3020 3850 quaedam
3082 3774 3149 3829 ad
3199 3773 3386 3826 νίνου.

1797 3881 1970 3943 dum,
2032 3879 2279 3948 qna-dam
2335 3891 2462 3930 vero
2511 3875 2576 3928 ad
2636 3873 2771 3928 bene
2840 3872 3151 3924 vivendum.
3189 3866 3383 3920 idonea

1799 3985 1962 4041 sunt;
2009 3985 2062 4028 et
2126 3990 2188 4028 ea
2257 3972 2476 4041 quidem
2532 3984 2654 4039 quae
2718 3967 2784 4020 ad
2846 3963 3132 4018 vivendum
3192 3959 3382 4011 idonea

1803 4076 1951 4130 sunt,
1998 4064 2305 4128 cerebrum,
2367 4076 2498 4122 cor,
2548 4058 2742 4127 jecur,
2795 4055 3017 4124 pulmo.
3086 4059 3384 4128 venterque

1796 4158 2083 4222 habentur,
2109 4156 2307 4225 quibus
2331 4153 2566 4217 oblaesis,
2621 4150 2821 4203 animal
2849 4145 3125 4200 interitum
3156 4145 3379 4212 patitur.

1795 4249 1927 4314 Quae
1979 4263 2106 4302 vero
2148 4246 2216 4301 ad
2244 4248 2379 4300 bene
2415 4245 2730 4306 vivendum,
2776 4240 2941 4301 oculi,
2965 4238 3149 4306 pedes,
3189 4249 3380 4287 manus

1796 4343 2025 4412 aliaeque
2074 4349 2256 4410 partes
2315 4347 2462 4400 sunt,
2512 4337 2713 4406 quibus
2757 4349 2882 4387 cum
2918 4329 3134 4384 adversi
3171 4326 3378 4395 aliquid

1728 4445 1771 4500 ι)
1801 4435 2062 4495 evenerit,
2094 4434 2259 4487 vitam
2320 4430 2523 4484 animal
2554 4442 2661 4481 non
2697 4437 2877 4480 tamen
2925 4431 3068 4476 recte
3105 4421 3375 4490 producit.

1867 4522 1981 4578 Hac
2011 4523 2078 4577 de
2101 4538 2268 4576 causa
2300 4521 2462 4582 Deus,
2491 4534 2599 4588 prae
2629 4519 2793 4570 nimia
2825 4516 2908 4570 sui
2934 4530 3065 4569 cura
3107 4512 3375 4580 geminata

1799 4614 1854 4668 in
1887 4614 2044 4669 nobis
2070 4614 2317 4668 sensoria
2347 4611 2656 4672 constituit,
2700 4618 2758 4662 ut
2791 4608 2964 4660 altero
2997 4605 3205 4668 vitiato,
3230 4602 3375 4671 quod

1801 4708 2069 4778 reliquum
2098 4721 2204 4771 est,
2243 4722 2440 4761 sensus
2483 4705 2656 4759 cilicia
2696 4710 3046 4770 exsequatur.
3097 4697 3376 4766 Siquidem

1800 4801 2046 4869 geminos
2118 4801 2328 4864 oculos,
2378 4798 2711 4867 totidemque
2779 4808 2960 4858 aures,
3020 4802 3373 4857 meatusque,

1803 4890 1896 4960 qui
1926 4890 2148 4945 olfactui
2192 4891 2515 4955 inserviunt,
2549 4890 2602 4942 in
2632 4903 2767 4942 naso
2790 4885 3106 4952 constituit;
3129 4891 3182 4937 et
3204 4882 3377 4952 gemi-

1805 4999 1927 5036 nam
1980 4983 2220 5054 linguam
2270 4983 2542 5038 universis
2575 4983 2628 5036 in
2672 4980 3002 5035 animalibus
3039 4977 3376 5048 procreavit,

1799 5076 1890 5129 sed
1916 5075 1968 5128 in
2000 5075 2277 5130 nonnullis
2301 5075 2543 5142 bitidam,
2574 5085 2632 5128 ut
2664 5074 2718 5127 in
2739 5079 3053 5142 serpentum
3076 5085 3273 5140 genere
3298 5068 3378 5120 vi-

1797 5168 1936 5221 situr
1973 5186 1988 5223 :
2036 5167 2089 5221 in
2145 5167 2458 5224 hominibus
2487 5209 2502 5234 ,
2562 5178 2870 5222 consertam
2907 5167 3379 5234 cohaerentemqne

1797 5262 2121 5330 procreavit.
2159 5261 2318 5329 Nam,
2383 5262 2598 5316 tametsi
2634 5262 2866 5332 plurima
2901 5277 2965 5315 ex
2999 5262 3262 5315 sensoriis
3296 5261 3374 5310 vi-

1799 5353 1921 5407 tiari
1953 5354 2234 5416 acciderit,
2284 5356 2493 5409 nullum
2545 5363 2724 5409 tamen
2754 5356 2878 5410 vitae
2913 5354 3206 5409 discrimen
3264 5352 3380 5407 ani-

187 5497 208 5528 ’
248 5497 592 5580 κομμιτικῶν
712 5501 1068 5580 κομμυτικῷν
1322 5503 1383 5580 τὸ
1415 5504 1484 5557 δι’
1524 5500 1947 5580 ὲπὶᾼῖςρωμάτων
1973 5509 2038 5580 Α,
2073 5508 2135 5580 τὸ
2169 5507 2430 5580 ont.iBC.
2507 5509 2551 5580 7“
2597 5509 2888 5580 προσώπου
2930 5510 2970 5561 Β
3000 5510 3075 5569 ξΡ.
3158 5512 3200 5541 ¹¹
3239 5527 3372 5562 κατ-

122 5568 562 5650 επακοὶρυθῆσαν
595 5571 692 5650 καὶ
977 5573 1065 5638 ὑγ.
1098 5574 1169 5650 Β.Δ
1236 5568 1934 5650 ¹⁸ΑάπαρεμποδίστωςΒη
1980 5568 2033 5650 εί
2057 5577 2237 5650 ψυχῆς
2277 5579 2337 5650 Β.
2417 5580 2459 5611 ’⁵
2498 5568 2660 5650 θεωρῖ
2685 5580 2944 5650 ἀρτιότης
2977 5568 3103 5636 ΒΡ.
3182 5582 3224 5611 ¹⁶
3263 5580 3372 5631 λειν

125 5634 352 5704 πόμενος
382 5634 454 5693 Βζ
522 5639 561 5669 ⁸⁷
603 5639 847 5711 ὲσφάλθη
895 5634 1113 5709 λέγεται
1143 5647 1208 5699 Α.
1287 5645 1328 5677 ¹⁸
1368 5644 1400 5715 ἢ
1432 5634 1620 5717 ξείραν
1649 5648 1708 5701 Β.

125 5718 230 5758 om.
270 5707 540 5768 ὑπερμεγ.
583 5710 643 5765 Β.
720 5711 760 5743 ⁸¹
803 5710 1116 5768 ὀφθαλμοὺς
1143 5714 1184 5767 Β
1221 5714 1282 5768 Ρ.
1343 5665 1479 5768 ’ν’ίὲ
1505 5718 1554 5768 οἱ
1581 5717 1701 5768 ἀνθ.

125 5718 230 5780 ﬁt";
270 5707 540 5780 ὑπερμεγ.
682 5707 693 5711 ’
720 5711 760 5743 ⁸¹
803 5707 1116 5780 ὀφθαλμοὺς
1143 5714 1184 5767 Β
1221 5714 1282 5771 Ρ.
1343 5707 1430 5748 ²²’⁹’

120 5771 172 5856 ’³³
208 5771 457 5853 ἐποίησέν

1540 5663 1620 5700 mw
1649 5648 1708 5701 Β.
1787 5648 1828 5679 ιθ
1869 5647 1945 5720 τῷ
1969 5647 2285 5739 (ἷζμοπλάτει
2319 5649 2376 5704 Β.

1540 5718 1554 5769 ί
1581 5717 1701 5771 ἀνθ.
1729 5719 1787 5769 Β.
1866 5720 1930 5750 ²²⁶
1967 5736 2058 5771 ουν
2085 5733 2193 5771 oin.
2221 5720 2280 5771 Β.
2316 5737 2376 5771 κο

583 5735 643 5765 D.
720 5735 760 5743 ··
803 5735 1115 5780 οφυαΑμους
1143 5735 1184 5767 D
1223 5735 1282 5771 ι’.
1344 5735 1387 5748 ⁸·
1434 5735 1476 5768 ιι
1505 5735 1554 5771 οι
1581 5735 1701 5771 avo.
1729 5735 1787 5769 IS.
1867 5735 1929 5750 "‘
1967 5735 2058 5773 οῡν
2085 5735 2193 5772 mn.
2221 5735 2280 5773 ὕ.
2316 5735 2410 5772 καί
2434 5735 2501 5772 τά
2542 5739 2554 5790 ι

555 5779 618 5838 C.
661 5782 706 5816 ”
738 5780 830 5836 δύο
854 5783 952 5854 τῆς
979 5783 1138 5855 ὀσφρ.
1167 5804 1292 5859 πορ.
1327 5788 1386 5843 Β.
1467 5791 1512 5822 ³⁸
1557 5791 1863 5862 συνημένας
1889 5790 1946 5846 Β.
2024 5793 2068 5826 ³⁷
2111 5791 2200 5844 καὶ
2229 5791 2337 5846 τῶν
2366 5791 2464 5862 μὲν
2494 5793 2554 5847 Β.

2486 5650 2530 5680 ¹⁹
2571 5668 2628 5704 π.
2658 5650 2719 5704 τὸ
2747 5667 2870 5720 μεγ.
2904 5651 3042 5721 ἔχων
3067 5667 3192 5718 κεφ.
3223 5665 3366 5721 mos.

1866 5717 1930 5792 '1‘
1967 5717 2058 5773 οὗν
2085 5733 2193 5772 oin.
2221 5720 2280 5773 Β.
2316 5720 2501 5792 καὶτὰ
2542 5721 2640 5790 μὲν
2663 5724 2702 5778 C
2723 5723 2785 5775 P.
2831 5717 2908 5753 "3
2934 5717 3040 5775 ’θεαὶ
3069 5717 3282 5792 γαστὴρ
3309 5717 3366 5775 Β*
