3842 6448
415 383 567 440 ’1143

1733 374 2013 432 MELETII
2056 371 2373 429 MONAClll

3569 361 3712 418 ll“

417 499 526 554 mal
554 497 736 554 subit:
773 503 916 550 tactu
969 509 1098 549 vero
1147 494 1454 566 deperdita,
1503 494 1666 549 simul
1695 503 1748 550 et
1788 495 1992 548 animal

2127 491 2496 562 πολλυμένης,
2525 488 2930 542 συναπόλλυται
2962 485 3056 540 καί
3081 485 3127 518 ⁸⁸
3156 486 3217 538 τὸ
3246 483 3409 550 ζῶον.
3439 483 3574 536 Πᾶν
3599 482 3717 548 γὰρ

415 606 540 645 cum
553 591 680 658 "ipso
701 589 858 658 perit.
887 587 1164 656 Siquidem
1179 598 1342 642 omne
1360 587 1569 641 animal
1587 595 1790 642 tactum
1811 587 1994 652 habet,

417 681 540 734 aliis
556 693 683 734 vero
699 678 965 733 sensoriis
980 679 1238 733 omnibus
1261 694 1368 732 non
1391 678 1577 732 omnia
1597 678 1824 748 praedita
1843 685 1997 743 sunt,

417 769 510 824 sed
534 770 782 839 quaedam
806 769 1104 838 aliquibus,
1136 769 1555 839 perfectioribus
1580 772 1779 824 autem
1811 769 1998 824 omnia

417 860 780 928 contigerunt.
798 857 1109 924 Enimvero,
1129 860 1293 913 homo
1315 869 1519 915 tactum
1538 869 1866 929 gustumque
1881 875 2004 914 exa-

416 951 658 1005 ctissime
682 953 909 1006 sortitus
934 952 1254 1023 est.quibus
1277 951 1382 1006 alia
1417 952 1674 1006 animalia
1696 951 1803 1023 45
1833 965 2000 1006 exsu-

418 1051 592 1111 perat.
620 1043 819 1097 Tribus
849 1057 975 1097 vero
993 1057 1116 1111 qua:
1133 1042 1338 1112 reliqua
1365 1052 1512 1106 sunt,
1531 1041 1881 1114 illisinlerior
1906 1042 2002 1095 ha-

419 1135 597 1188 betur.
617 1135 677 1188 Et
691 1134 833 1188 aliud
849 1133 1063 1203 quidem
1084 1134 1304 1198 animal,
1321 1134 1466 1188 aliud
1483 1151 1548 1188 cx
1565 1133 2003 1189 sensoriishomi-

421 1241 542 1280 nem
571 1226 757 1288 vincit,
776 1226 1064 1280 canisvero
1087 1228 1260 1281 tribus
1279 1227 1463 1291 simul,
1481 1227 1690 1292 auditu,
1709 1228 1850 1290 visu,
1869 1227 2003 1280 olfa-

420 1324 643 1383 ctuque,
665 1314 791 1367 utin
813 1314 897 1368 his
913 1314 1004 1383 qui
1017 1315 1184 1368 odore
1198 1309 1341 1369 feras
1355 1315 1641 1384 vestigant,
1661 1330 1882 1370 cernere
1897 1324 2001 1370 cst.

492 1397 610 1452 Non
683 1400 844 1454 modo
900 1410 1083 1454 autem
1145 1402 1432 1471 geminatis
1497 1404 1759 1458 sensoriis
1820 1419 2003 1458 rerum

420 1485 645 1540 Creator
707 1502 808 1542 nos
867 1487 1184 1557 insignivit,
1249 1492 1342 1545 sed
1406 1491 1524 1560 ipsa
1587 1492 1786 1561 duplici
1839 1509 2004 1549 sensu

421 1579 643 1648 praedita
697 1595 818 1636 esse
867 1581 1069 1646 voluit,
1127 1582 1320 1649 altero,
1375 1585 1469 1653 qui
1518 1599 1708 1639 eorum
1763 1586 2004 1654 peculia--

421 1671 498 1725 ris
547 1679 651 1735 est,
695 1672 868 1726 altero
925 1681 1120 1728 tactus.
1189 1673 1259 1729 Ut
1295 1675 1469 1741 visus,
1529 1675 1644 1742 ipse
1694 1677 1840 1731 enim
1892 1687 2002 1732 tum

419 1763 633 1819 colores
667 1764 969 1834 distinguit,
1017 1775 1132 1820 tum
1163 1783 1286 1836 qua:
1326 1768 1495 1823 calida
1541 1768 1840 1840 frigidaque
1879 1779 2006 1826 sunt

2103 581 2242 646 ζῶον
2278 580 2422 650 ἁφὴν
2459 579 2574 649 ἔχει
2596 621 2611 644 ,
2645 579 2746 642 τὰς
2787 577 2844 632 δὲ
2889 576 3058 640 ἄλλας
3096 577 3383 645 αἰσθήσεις
3421 574 3492 626 οὗ
3525 573 3717 625 πάντα

2104 670 2284 732 πάσας
2304 671 2372 733 ’⁸,
2415 669 2530 723 ἀλλ’
2561 667 2711 732 ὲνίας
2743 667 2882 720 ἔνιαο
2932 667 3113 729 πάσας
3147 665 3204 718 δὲ
3235 666 3349 735 ἔχει
3387 664 3462 717 τὰ
3498 662 3716 715 τελεώ-

2101 783 2236 837 τερα
2268 766 2335 820 ³⁸.
2399 765 2457 818 '0
2510 765 2567 818 δὲ
2637 763 2926 834 ἄνθρωπος
2971 763 3040 829 τῇ
3082 762 3194 830 ἀφῇ
3242 759 3335 812 καὶ
3379 761 3446 827 τῇ
3511 757 3716 824 γεύσει

2103 857 2265 912 πλέον
2290 857 2404 928 ἔχει
2439 857 2551 911 τῶν
2595 855 2770 910 ἄλλων
2797 855 2973 920 ζώων,
3021 855 3118 906 καὶ
3164 852 3606 923 ἀκριϐεστάτως
3643 850 3716 910 ³¹,

2104 950 2196 1003 καί
2218 967 2302 1002 τοι
2324 953 2444 1011 ταῖς
2475 950 2664 1014 ἄλλαις
2688 949 2864 1021 τρισὶν
2894 947 3227 1018 ἡττώμενος.
3261 944 3426 996 ’Δλλο
3455 943 3573 1012 μὲν
3602 944 3716 1009 γὰρ

2108 1039 2244 1102 ζῶον
2275 1039 2398 1092 κατ’
2425 1037 2592 1108 ἀλλην
2613 1038 2707 1090 καὶ
2739 1037 2908 1106 ἀλλην
2930 1037 2972 1068 ³⁸
3003 1035 3263 1102 αἰσθησιν
3290 1037 3355 1087 ἐκ
3380 1033 3500 1085 τῶν
3535 1032 3714 1101 τριῶν

2107 1129 2424 1182 πλεονεκτεῖ
2451 1129 2542 1182 τὸν
2572 1129 2860 1198 ἄνθρωπον
2884 1128 2949 1158 ⁸³⁸
2974 1128 3002 1179 ὁ
3023 1126 3080 1178 δὲ
3114 1125 3261 1178 κύων
3287 1127 3345 1178 ὲν
3366 1126 3493 1184 ταῖς
3523 1125 3712 1192 τρισὶν

2105 1220 2241 1290 ἅμα·
2272 1219 2527 1290 ὀξύτερον
2571 1219 2679 1290 γὰρ
2724 1220 2819 1272 καὶ
2868 1218 3058 1272 ἀκούει
3083 1218 3150 1280 ³⁸,
3199 1217 3294 1270 καί
3341 1215 3585 1286 βλέπει,
3611 1216 3712 1267 καὶ

2104 1314 2480 1384 ὀσφραίνεται,
2517 1312 2593 1375 ὡς
2614 1311 2770 1382 δῆλον
2803 1313 2868 1365 ὲκ
2904 1311 3013 1366 τῶν
3042 1311 3389 1380 ἰχνευόντων.

2177 1405 2252 1456 Οὐ
2296 1403 2456 1474 μόνον
2485 1402 2542 1455 δὲ
2571 1402 2736 1455 διπλᾶ
2764 1401 2999 1454 δέδωκεν
3026 1401 3156 1470 ήμῖν
3186 1399 3255 1452 τὰ
3294 1397 3654 1467 αἰσθητήρια
3683 1398 3712 1448 ὁ

2107 1493 2481 1564 Δημιουργδς,
2514 1492 2650 1546 ἀλλά
2695 1493 2791 1545 καὶ
2834 1490 3005 1553 αὑτὰς
3046 1490 3273 1559 ἐποίησε
3317 1489 3528 1549 διπλᾶς
3561 1487 3712 1557 ἔχειν

2106 1583 2388 1654 αἰσθήσεις
2410 1584 2476 1614 ³⁸·
2532 1583 2629 1654 τὴν
2677 1583 2776 1653 μὲν
2819 1580 2929 1634 τῶν
2978 1582 3124 1634 ἰδίων
3156 1579 3465 1650 αἰσθητῶν,
3522 1579 3625 1649 τὴν
3653 1579 3711 1630 δὲ

2106 1675 2206 1743 τῆς
2237 1674 2402 1743 ἁφῆς.
2442 1673 2530 1736 Ὧς
2565 1675 2598 1743 ἡ
2625 1671 2766 1741 ὕψιςο
2804 1673 2898 1724 καὶ
2929 1671 3038 1740 γὰρ
3070 1671 3138 1722 τὰ
3179 1671 3458 1740 χρώματα
3480 1669 3712 1739 διακρίο

2108 1782 2209 1826 νει,
2240 1766 2332 1817 καὶ
2357 1765 2465 1816 τῶν
2492 1763 2712 1835 θερμῶν
2747 1762 2840 1816 καὶ
2878 1761 3102 1832 ψυχρῶν
3123 1762 3168 1793 ³⁵
3201 1759 3708 1829 ἀντιλαμϐάνεταιο

419 1854 801 1923 deprehendit,
865 1855 958 1910 sed
1025 1856 1140 1911 haec
1194 1858 1410 1927 quidem
1465 1874 1567 1928 qua
1627 1874 1850 1924 corpus,
1911 1875 1999 1915 co-

2127 1856 2244 1908 ἰλλά
2269 1855 2477 1910 τούτων
2510 1856 2632 1926 μὲν,
2679 1854 2755 1917 ὡς
2785 1853 2964 1924 σῶμα⁹
3002 1852 3113 1905 τῶν
3151 1853 3207 1906 δὲ
3246 1853 3582 1923 χρωμάτων
3615 1853 3711 1903 καὶ

422 1945 566 1998 lores
612 1959 760 2010 vero,
809 1954 861 2000 et
893 1961 1015 2014 quae
1074 1947 1362 2016 splendore
1395 1949 1639 2018 pradita,
1688 1965 1796 2019 qua
1844 1950 1994 2003 visus

422 2034 826 2088 animadvertit.
858 2033 1149 2090 Enimvero
1204 2047 1398 2103 tactus,
1431 2047 1617 2108 utpote
1640 2039 1734 2110 qui
1759 2041 1995 2094 maxime

422 2130 696 2189 terrenus,
735 2139 1111 2195 supremaque
1146 2128 1499 2193 corpulentia:
1521 2139 1715 2198 praeter
1736 2129 1841 2183 alia
1868 2143 1996 2184 sen-

422 2216 569 2271 soria
603 2225 708 2280 est,
762 2234 886 2287 quae
930 2227 1158 2274 terrenae
1192 2229 1400 2274 natura:
1436 2231 1582 2287 sunt,
1633 2222 1995 2291 comprehen-

421 2305 520 2360 dit.
570 2305 701 2371 Quze
759 2323 890 2362 vero
929 2323 1102 2364 aereae
1132 2310 1408 2378 qualitatis
1439 2311 1734 2374 habentur,
1775 2311 1995 2367 auditus

424 2395 730 2452 ministerio
773 2398 866 2468 qui
927 2400 1071 2455 aeris
1134 2401 1406 2470 particeps
1438 2411 1540 2463 est,
1576 2402 1992 2472 dignoscuntur.

423 2488 493 2541 At
531 2506 560 2541 a
614 2489 820 2558 lingua,
874 2506 996 2560 qua:
1033 2494 1340 2563 spongiosa:
1383 2493 1670 2563 cujusdam
1714 2495 1996 2564 qualitatis

423 2588 532 2643 est,
574 2596 821 2650 sapores,
855 2583 948 2652 qui
980 2584 1140 2653 aquei
1175 2585 1585 2653 quodammodo
1620 2596 1769 2652 sunt,
1802 2597 1996 2659 gustus

2095 1950 2204 2002 τῶν
2246 1947 2563 2016 αὑγοειδῶν,
2593 1947 2668 2010 ὡς
2711 1945 2857 2017 ὄψις.
2889 1945 3002 2000 Καὶ
3033 1944 3219 2014 μέντοι
3248 1945 3345 1998 καὶ
3373 1943 3457 2014 τῷ
3500 1945 3710 2011 γεωδεο

2096 2043 2275 2112 στὰτῳ
2301 2041 2344 2071 ³⁷
2383 2040 2478 2093 καὶ
2505 2039 2954 2110 σωματικωτάτῳ
2973 2037 3082 2089 τῶν
3108 2037 3531 2108 αἰσθητηρίων,
3571 2037 3670 2089 δπε
3681 2056 3708 2105 ρ

2094 2133 2240 2184 ἐστὶν
2269 2133 2302 2198 ὴ
2354 2129 2487 2200 ἁφὴ,
2523 2130 2628 2198 τῆς
2673 2128 2914 2197 γεώδους
2962 2128 3178 2196 φύσεως
3219 2128 3587 2181 αἰσθάνεται.
3621 2128 3710 2196 Τῷ

2099 2222 2155 2274 δὲ
2180 2220 2465 2292 ἀεροειδεζ
2489 2219 2596 2273 τῶν
2616 2218 2710 2272 τοῦ
2732 2217 2892 2290 ἀέρος
2913 2216 3252 2285 παθημάτων
3269 2216 3361 2269 διὰ
3379 2217 3491 2284 τῆς
3510 2216 3708 2283 ἀπο-ἦς’

2101 2313 2198 2366 καὶ
2225 2314 2303 2384 τῷ
2330 2311 2678 2381 σπογγοειδεῖ,
2698 2311 2742 2342 ³⁸
2772 2312 2871 2381 τῆς
2900 2308 3171 2379 γλώττης,
3216 2309 3314 2362 καὶ
3342 2307 3429 2377 τῷ
3452 2307 3705 2360 ὑδατοει·

2098 2407 2180 2460 δεί
2207 2405 2284 2475 τῷ
2307 2404 2354 2436 ³⁸
2385 2405 2528 2459 κατά
2560 2405 2659 2474 τήν
2704 2401 2916 2472 γεῦσιν,
2957 2399 3069 2453 τῶν
3114 2401 3309 2470 χυμῶν
3348 2399 3709 2469 ἀντιλαμδὰο

2100 2515 2272 2552 νεταιο
2311 2498 2542 2551 ἕκαστον
2587 2496 2697 2567 γὰρ
2727 2496 2835 2550 τῶν
2871 2495 3149 2564 αἰσθητῶν
3191 2495 3284 2550 διὰ
3335 2494 3457 2548 τῶν
3481 2494 3707 2547 οἰκείων

2103 2589 2477 2661 αἰσθητηρίων
2521 2589 2892 2659 γνωρίζεσθαι
2938 2587 3209 2655 πέφυκεν.

426 2671 604 2726 ollicio
633 2673 1160 2740 deprehenduntur:
1200 2677 1468 2746 siquidem
1526 2679 1781 2735 universa
1841 2695 2036 2750 genera
2075 2697 2266 2737 eorum
2306 2698 2428 2753 qua:
2455 2682 2557 2738 sub
2587 2696 2810 2737 sensum
2861 2682 3086 2747 cadunt,
3157 2679 3550 2750 peculiaribus
3584 2695 3706 2735 scn-

426 2762 590 2818 soriis
630 2763 993 2818 animadverti
1024 2775 1216 2836 suapte
1256 2782 1450 2822 natura
1491 2769 1686 2825 idonea
1729 2781 1876 2826 sunt.

497 2852 613 2908 Hac
649 2854 815 2924 igitur
863 2857 1096 2923 ratione,
1141 2874 1266 2913 cum
1301 2869 1539 2930 quatuor
1567 2863 1834 2919 elementa
1867 2865 1998 2932 sint,

427 2948 504 3001 nti
523 2956 577 3002 et
603 2964 802 3004 sensus
824 2950 1046 3004 totidem
1066 2959 1270 3016 essent,
1288 2969 1510 3009 necesse
1528 2953 1725 3010 fuerat.
1740 2956 1843 3012 Sed
1863 2973 2001 3027 quo-

429 3038 576 3092 niam
599 3055 785 3108 vapor,
809 3041 1148 3110 odorumque
1173 3058 1365 3112 genus,
1385 3044 1525 3098 inter
1542 3061 1725 3100 aerem
1769 3063 2000 3117 aquam-

2183 2863 2330 2917 Ἔδει
2370 2863 2552 2918 τοίνυν
2579 2863 2723 2917 κατὰ
2761 2843 2953 2917 τοῦτον
2986 2862 3076 2917 τὸν
3107 2862 3292 2932 λόγον,
3341 2863 3549 2934 ἐπειδὴ
3579 2865 3703 2916 τέσ-

2107 2973 2250 3027 σαρα
2277 2959 2516 3026 στοιχεῖα
2546 2956 2677 3020 εἰσὶ,
2712 2956 2992 3027 τέσσαρας
3022 2952 3163 3009 εἶναι
3200 2955 3298 3009 καὶ
3338 2955 3446 3017 τὰς
3499 2957 3702 3023 αἰσθή-

2109 3064 2243 3111 σεις.
2289 3047 2430 3102 Ἀλλ’
2476 3048 2776 3119 ἐπειδήπερ
2827 3050 2856 3102 ὁ
2909 3048 3081 3118 ἀτμὸς
3133 3049 3224 3101 καὶ
3268 3047 3331 3101 τὸ
3366 3047 3486 3100 τῶν
3519 3049 3702 3118 ὄδμῶν

428 3145 558 3200 que.
583 3131 772 3186 mediae
797 3132 1081 3201 cujusdam
1105 3143 1314 3190 natura:
1335 3136 1465 3199 sint,
1486 3151 1610 3193 aere
1641 3147 1818 3194 tamen
1847 3155 1999 3196 cras-

2127 3139 2263 3204 révo;
2291 3139 2500 3210 μεταξὺ
2527 3139 2626 3211 τὴν
2674 3139 2836 3208 φύσιν
2860 3139 2908 3171 ⁸⁸
2942 3140 3083 3192 εἰσὶν
3113 3141 3278 3208 ἀέρος
3309 3139 3414 3193 καὶ
3467 3139 3698 3203 ὓδατος·

429 3225 616 3288 sioris,
643 3242 784 3296 aqua
808 3243 938 3283 vero
988 3228 1292 3285 subtilioris
1323 3230 1573 3291 habetur.
1611 3233 1714 3288 hac
1745 3234 1813 3287 de
1839 3249 2006 3290 causa

429 3328 625 3374 natura
648 3320 897 3388 quintum
920 3322 1082 3378 nobis
1104 3323 1413 3378 sensorium
1440 3325 1667 3380 interius
1685 3325 1876 3396 largita
1901 3336 2004 3382 est.

498 3489 655 3553 Quod
707 3505 873 3555 vero,
931 3501 1044 3547 tum
1103 3509 1387 3564 vaporum,
1447 3505 1563 3552 tum
1613 3497 1843 3552 odorum
1905 3513 2007 3554 na-

430 3588 549 3632 tura
582 3595 707 3634 aere
755 3581 995 3637 crassior
1026 3596 1130 3646 est,
1177 3600 1241 3638 ex
1278 3585 1363 3641 his
1406 3587 1499 3656 qni
1562 3587 1775 3640 narium
1822 3605 2004 3656 muco,

427 3683 525 3723 seu
575 3674 832 3727 calarrho
887 3675 1154 3742 laborant,
1210 3689 1552 3748 perspectum
1603 3679 1864 3745 redditur,
1913 3685 2006 3752 qui

428 3777 554 3816 cum
613 3779 794 3818 aerem
857 3767 1162 3830 attrahunt,
1231 3785 1462 3839 vapores
1516 3772 2008 3842 epilationis..gra-

429 3853 502 3906 tia
563 3855 990 3926 haudquaquam
1065 3861 1331 3924 sentiunt,
1392 3863 1488 3916 sed
1541 3863 1635 3917 diu
1701 3865 2008 3919 sensorium

428 3959 459 3997 a
521 3950 758 4004 scnsatis
814 3950 1286 4018 deprehendendis
1342 3953 1585 4009 immune
1628 3957 2006 4020 continentes,

429 4041 747 4113 perdurant.
797 4043 1006 4098 Etenim
1059 4060 1254 4100 sensus
1305 4046 1421 4115 ipse
1467 4047 1717 4101 alteratio
1756 4063 1864 4102 non
1902 4059 2007 4113 est,

429 4135 526 4190 sed
582 4134 678 4204 qui
756 4134 932 4204 ipsam
1003 4135 1381 4192 alterationem
1453 4137 1840 4207 deprehendit;
1881 4155 2008 4194 nam

428 4242 551 4294 qua:
598 4225 701 4280 sub
733 4241 956 4280 sensum
991 4225 1216 4290 cadunt,
1248 4227 1559 4282 alterationi
1607 4229 1844 4284 obnoxia
1887 4231 2010 4285 red-

428 4318 652 4370 duntur.
706 4317 1096 4372 Alterationem
1147 4333 1277 4373 vero
1305 4335 1502 4375 sensus
1555 4320 1864 4392 distinguit.

499 4407 778 4478 Siquidem
814 4410 1060 4465 sensoria
1103 4411 1346 4481 quinque
1373 4413 1660 4479 habentur,
1686 4414 1779 4469 sed
1812 4431 2008 4470 sensus

2109 3229 2272 3303 ἀέρος
2325 3231 2426 3301 μὲν
2454 3233 2563 3302 γάρ
2610 3233 2730 3284 ἐστι
2767 3231 3254 3302 παχυμερέστερος
3272 3231 3340 3296 ⁸⁸,
3392 3231 3600 3295 ὓδατος
3648 3233 3698 3284 ει

2107 3323 2611 3394 λεπτομερέστερος
2629 3324 2698 3387 δ’,
2729 3322 2923 3376 τούτου
2953 3323 3114 3394 χάριν
3163 3325 3196 3394 ή
3229 3324 3513 3394 ὄσφρησις
3557 3325 3696 3393 πέμ-

2111 3431 2245 3467 πτον
2273 3414 2429 3486 ἐδόθη
2464 3417 2596 3486 ἡμῖν
2614 3415 2659 3447 ⁸³
2690 3415 3070 3486 αἰσθητήριον.

2186 3507 2307 3560 ὐτι
2341 3506 2399 3560 δὲ
2426 3507 2460 3576 ή
2490 3506 2600 3559 τῶν
2635 3506 2824 3576 ἀτμῶν
2865 3508 2958 3558 καὶ
2984 3506 3168 3576 ὀδμῶν
3205 3507 3369 3574 φύσις
3407 3507 3698 3578 παχυτέρα

2111 3597 2230 3650 ἐστί
2257 3597 2353 3651 τοῦ
2387 3599 2551 3668 ἀέρος
2588 3597 2751 3668 δῆλον
2799 3597 2867 3651 ὲκ
2889 3596 2998 3650 τῶν
3027 3597 3264 3667 κόρυζαν
3305 3597 3341 3668 ἢ
3373 3599 3699 3670 κατάρρουν

2110 3687 2343 3758 ἐχοντων
2363 3687 2410 3720 ⁸⁵
2428 3703 2444 3718 ο
2489 3688 2743 3751 ἕλκοντες
2774 3688 2884 3759 γὰρ
2926 3688 3018 3741 τὸν
3046 3689 3184 3759 ἀέρα
3212 3689 3321 3741 τῶν
3353 3688 3556 3759 ἀτμῶν
3605 3691 3698 3742 οὐκ

2110 3779 2603 3850 ἀντιλαμϐάνονται
2627 3780 2716 3834 διὰ
2745 3780 2845 3851 τὴν
2875 3779 3169 3849 ἐμφραξιν,
3199 3779 3336 3834 ἀλλά
3373 3779 3698 3850 διαρκοῦσιν

2110 3872 2204 3924 ἐπὶ
2226 3872 2360 3925 πολὺ
2393 3872 2716 3944 ἀναίσθητον
2742 3871 2842 3942 τὴν
2869 3873 3123 3942 αἴσθησιν
3153 3872 3417 3942 φέροντες
3434 3875 3508 3928 ⁸⁸.
3546 3873 3696 3927 ἐστι

2109 3965 2166 4018 δὲ
2199 3966 2232 4035 ή
2280 3964 2536 4035 αἴσθησις
2571 3966 2673 4018 οὐκ
2705 3965 3015 4031 ἀλλοίωσις,
3066 3965 3204 4019 ἀλλά
3243 3966 3554 4035 διάγνωσις
3613 3969 3699 4020 ἀλα

2114 4055 2419 4120 λοιώσεως’
2467 4057 2777 4111 ἀλλοιοῦται
2812 4057 2911 4127 μὲν
2939 4056 3050 4127 γὰρ
3077 4055 3146 4110 τά
3174 4056 3550 4129 αἰσθητήρια,
3584 4059 3696 4114 δια-

2111 4148 2288 4218 κρίνει
2321 4147 2378 4201 δὲ
2411 4149 2511 4220 τὴν
2535 4149 2828 4202 ἀλλοίωσιν
2853 4150 2888 4220 ή
2916 4149 3190 4223 αἴσθησις.

2187 4408 2342 4462 Ἐστι
2365 4408 2424 4463 δὲ
2451 4409 2781 4481 αἰσθητήρια
2814 4409 2912 4480 μὶν
2941 4409 3134 4466 πέντε·
3160 4408 3420 4480 αἰσθησις
3444 4409 3505 4464 δὲ
3532 4409 3637 4480 μία
3663 4413 3693 4481 ἡ

429 4518 574 4556 unus
619 4511 724 4565 est,
783 4503 875 4571 qui
934 4503 1130 4557 animm
1182 4505 1414 4560 habetur
1465 4521 1588 4575 qua:
1619 4522 1714 4574 per
1759 4509 1999 4562 sensoria

2127 4497 2336 4569 ρυνικὴ,
2381 4502 2414 4572 ή
2462 4502 2811 4572 γνωρίζουσα
2851 4501 2938 4554 διὰ
2971 4501 3082 4555 τῶν
3112 4501 3498 4573 αἰσθητηρίων
3537 4502 3614 4554 τά
3640 4503 3694 4555 ἐν

431 4596 546 4663 ipsa
580 4593 896 4650 alfectiones
926 4610 1048 4665 quae
1085 4596 1187 4666 ipsi
1236 4597 1497 4652 eveniunt
1527 4598 1820 4668 dignoscit.
1867 4600 2004 4654 Cum

427 4685 572 4739 enim
600 4687 782 4740 album
822 4687 1094 4758 inspicere
1125 4691 1416 4761 contingit,
1449 4706 1516 4743 ex
1541 4705 1607 4744 eo
1638 4690 1781 4759 quod
1810 4705 2008 4746 sensus

431 4777 740 4832 ministerio
770 4778 881 4849 46
906 4779 1358 4848 deprehenderat,
1386 4781 1527 4834 idem
1552 4779 1780 4835 allectus
1807 4779 2006 4833 anima:

430 4865 753 4921 innascitur.
784 4865 985 4921 Eadem
1031 4870 1161 4922 item
1193 4867 1330 4922 ratio
1362 4876 1417 4922 et
1444 4868 1513 4922 de
1553 4868 1675 4924 aliis
1744 4868 2010 4922 sensoriis

434 4955 680 5009 habenda
731 4965 826 5010 cst.
896 4954 1030 5010 Nam
1069 4957 1213 5012 aliud
1249 4973 1466 5021 sensus,
1515 4958 1664 5012 aliud
1696 4959 2006 5014 sensorium

430 5056 534 5108 cst,
577 5056 631 5101 et
653 5047 798 5102 aliud
829 5055 1131 5116 scnsatum,
1159 5049 1302 5104 aliud
1341 5048 1618 5105 sensibile.

505 5137 713 5192 Sensus
762 5137 927 5207 igitur
955 5150 1041 5192 est
1081 5139 1280 5192 animae
1331 5139 1415 5194 vis
1448 5155 1572 5209 qua:
1625 5140 1738 5210 agit
1766 5155 2009 5209 ;-quam-

432 5225 618 5279 obrem
673 5228 776 5283 hoc
849 5236 1008 5296 pacto
1087 5227 1387 5284 deﬁnitioni
1451 5229 1750 5298 subjacet:
1800 5230 2008 5286 Sensus

431 5328 518 5373 est
561 5320 786 5390 spiritus
831 5321 1234 5388 intellectualis,
1269 5323 1364 5392 qui
1421 5339 1452 5377 a
1514 5323 1904 5394 principalibus
1938 5323 2007 5378 ad

2110 4591 2247 4661 αὐτῇ
2273 4590 2318 4622 ⁸⁸
2369 4592 2639 4662 γενόμενα
2691 4591 2864 4662 πάθη.
2899 4591 3068 4646 Ὅταν
3107 4590 3215 4661 γὰρ
3261 4590 3461 4643 λευκὸν
3495 4591 3692 4660 Erepsi;

2109 4683 2388 4752 ὲγγινεταί
2419 4700 2474 4736 τι
2511 4682 2684 4746 πάθος
2707 4686 2773 4755 τῇ
2803 4684 2949 4753 ψυχῇ
2983 4684 3049 4736 ἐκ
3075 4682 3178 4751 τῆς
3205 4682 3424 4752 λήψεως
3453 4681 3502 4712 δ’
3530 4682 3690 4734 αὐτώ

2109 4775 2198 4828 διά
2234 4778 2331 4846 τῆς
2378 4774 2708 4847 αἰσθήσεως.
2769 4777 3007 4846 Ὁμοίως
3051 4775 3150 4828 καὶ
3198 4775 3294 4828 ἐπὶ
3342 4774 3458 4827 τῶν
3493 4775 3691 4827 λοιπῶν

2112 4867 2506 4939 αἰσθητηρίων.
2540 4868 2710 4920 Ἀλλο
2751 4867 2810 4921 δέ
2840 4869 2988 4920 ἐστιν
3016 4866 3293 4934 αἴσθησις,
3322 4867 3417 4918 καὶ
3447 4865 3583 4920 ἄλλο
3612 4867 3689 4916 αἰ-

2116 4955 2440 5026 σθητήριον·
2503 4955 2601 5010 καὶ
2635 4955 2763 5012 ἄλλο
2819 4956 3099 5027 αἰσθητὸν,
3154 4956 3250 5009 καὶ
3301 4955 3436 5010 ἀλλο
3500 4955 3688 5024 αἰσθη-

2113 5049 2264 5100 τικόν
2285 5048 2348 5101 ⁸⁸.
2471 5077 2474 5080 ~

2183 5139 2448 5209 Αἴσθησις
2501 5139 2599 5208 μὲν
2654 5138 2748 5192 οὖν
2779 5139 2929 5192 ἐστιν
2974 5139 3008 5208 ή
3035 5136 3336 5209 ὲνεργοῦσα
3359 5136 3571 5206 ψυχικὴ
3603 5137 3687 5190 διὶ-

2112 5249 2175 5283 να
2185 5248 2298 5301 μις,
2327 5231 2408 5284 διὸ
2429 5233 2522 5283 καὶ
2543 5229 2716 5293 οὕτως
2736 5230 2907 5298 αὐτὴν
2928 5227 3230 5300 ὁρίζονται·
3257 5229 3485 5297 Πνεῦμα
3509 5230 3689 5298 νοερὸν

2115 5325 2223 5377 ἀπὸ
2250 5323 2344 5382 τοῦ
2382 5323 2714 5395 ήγεμονικοῦ
2762 5324 2856 5378 ἐπὶ
2883 5322 2952 5375 τὰ
2988 5321 3196 5392 ὄργανα
3226 5321 3531 5392 τεταμένον
3552 5321 3627 5353 δ”
3656 5323 3685 5390 ἢ

504 5475 550 5547 ξε
589 5475 683 5529 καὶ
717 5490 827 5547 om.
858 5474 921 5547 Β.
997 5477 1042 5509 ³³
1083 5477 1299 5541 πάντως
1339 5477 1516 5542 πάσας
1542 5478 1605 5542 Β,
1622 5477 1830 5540 πάντας
1847 5477 2027 5540 πάσας
2063 5476 2127 5531 C.
2189 5479 2245 5511 ’³ο
2283 5478 2592 5547 τελειότερα
2618 5478 2678 5532 Β.
2751 5479 2794 5510 ³³
2817 5474 3221 5547 ἀκριϐεστάτας
3245 5472 3437 5547 Β
3473 5475 3560 5547 ᾼ³⁸
3599 5478 3684 5547 καὶ

431 5545 601 5614 ἄλλην
629 5562 750 5618 _om.
796 5546 838 5597 Β
897 5546 960 5603 C.
1037 5547 1082 5580 ⁸³
1156 5547 1248 5601 τοῦ
1300 5547 1590 5617 ἀνθρώπου
1650 5549 1712 5601 Β.
1789 5548 1833 5580 ³³
1900 5551 1994 5602 καὶ
2029 5547 2287 5618 ὀξύτερον
2324 5550 2418 5618 ἀκ.
2481 5545 2542 5602 Β.
2618 5549 2663 5579 ³³
2726 5545 3184 5618 διπλ.ίέποίησεν
3228 5545 3423 5618 ὁῌΘεὸς
3468 5545 3550 5618 ἐχ.
3591 5546 3684 5607 τὰς

438 5619 586 5669 αἱσθ.
625 5615 686 5668 Β.
765 5618 810 5648 ³⁸
843 5619 956 5672 τῶν
996 5618 1161 5690 ψυχρ.
1188 5618 1247 5672 Β.

433 5689 474 5738 (2
510 5685 567 5738 l’.
639 5689 679 5718 ’⁵⁸
712 5690 1192 5738 παγυιιεοέστεοα.
1225 5689 1247 5738 Ε

673 5655 686 5668 .
765 5618 810 5648 ³⁸
843 5619 956 5672 τῶν
996 5618 1161 5690 ψυχρ.
1188 5618 1247 5672 Β.
1325 5619 1367 5650 ³⁷
1405 5614 1789 5686 γεωδεστάτων
1831 5619 1894 5672 Α.
1921 5621 1963 5651 ³⁸
2004 5617 2159 5687 ἐντῷ
2179 5614 2272 5672 σπ.
2319 5617 2379 5670 Β.
2418 5619 2462 5650 ³9
2500 5619 2561 5669 τὸ
2582 5618 2642 5674 Β.
2668 5616 2776 5670 τῶν
2809 5619 2870 5670 Ρ.
2902 5616 2947 5648 ⁸ο
2964 5617 3030 5685 τῇ
3064 5615 3224 5684 φύσει
3255 5615 3315 5675 Β,
3344 5615 3444 5694 τῇς
3475 5614 3681 5679 φύσεως

666 5690 679 5718 ¹
712 5690 1192 5742 παγυμεοέστεοα.
1225 5689 1282 5742 Β.
1369 5688 1414 5721 ⁸⁸
1448 5689 1926 5742 λεπτομερέστεοα
1959 5690 2018 5742 Β.
2119 5690 2164 5720 ⁸³
2185 5691 2320 5742 ἡμῖν
2350 5705 2458 5742 oni.
2485 5688 2545 5742 Β.
2577 5687 2731 5742 ἐδόθη
2761 5686 2974 5739 ἔνδοθεν
3009 5687 3068 5739 P.
3161 5685 3207 5716 ⁸⁵
3235 5700 3353 5742 χορ.
3385 5683 3620 5742 εγόντων
3645 5683 3674 5742 ἦ

712 5705 1192 5760 παχυμερεστερα.
1225 5705 1309 5760 ιτη
1369 5705 1414 5721 ἐ·
1449 5705 1926 5760 Λεπτομερεστερα
1961 5705 2018 5760 ιδ.

2119 5683 2164 5720 ⁸³
2185 5691 2320 5757 ἡμῖν
2350 5705 2458 5742 oni.
2485 5688 2545 5748 Β.
2577 5687 2732 5756 ἐδόθη
2761 5686 2974 5739 ἔνδοθεν
3156 5685 3353 5757 ξδλιορ.
3385 5683 3674 5757 ἐχόντωνῆ

437 5758 628 5841 κατάρί
671 5757 766 5841 13.”
796 5753 851 5790 ίίδ
868 5753 1264 5841 περιφέροντες
1292 5759 1351 5826 Β,
1382 5776 1470 5830 γρ.
1500 5753 1834 5831 αἰσθητήρια
1858 5753 1919 5816 Ρ.
1994 5759 2042 5792 ⁴⁶
2070 5753 2250 5823 αὐτοῖς
2273 5759 2330 5812 Β.
2413 5760 2452 5790 ⁸⁷
2482 5753 2837 5830 καταλήψεως
2867 5759 2929 5812 Ρ.
3008 5756 3053 5789 ⁵⁸
3084 5754 3179 5810 καί
3205 5753 3333 5810 ἄλλο
3369 5753 3675 5825 αἰσθητικὸν

433 5844 542 5882 υ.ιι.
584 5829 643 5882 Β.
725 5829 766 5862 ³⁵⁵
800 5831 1128 5892 τεταγμένον
1169 5831 1229 5885 Β.
