3842 6418
515 317 650 372 “Si

1836 304 2118 363 MELETII
2161 302 2476 361 MONACIII

3668 314 3791 367 Ηιὲ

513 438 748 504 demque
772 430 1068 487 sentientes
1112 425 1244 482 illud
1278 431 1658 497 procrearunt,
1693 434 1750 479 et
1790 427 1867 480 uti
1893 443 2089 496 supera

2211 426 2253 480 ἑν
2289 423 2659 480 συνάπτεσθαι
2695 425 2857 478 πάλιν
2882 425 2982 490 τὰς
3011 429 3159 498 τρεῖς
3187 429 3253 494 ³⁸,
3287 429 3388 501 τὴν
3420 429 3672 500 οὐσιὼᾶη
3707 439 3790 486 καὶ

511 524 907 594 contempletur
961 520 1358 574 formaverunt.
1413 515 1571 582 Quod
1631 531 1760 572 vero
1805 517 1937 588 ipsa;
1988 528 2098 572 tres

513 628 720 674 suturae
790 616 846 669 in
897 628 1068 668 unum
1130 612 1313 666 denuo
1375 617 1605 673 coeant,
1677 610 2094 666 substantialein

514 707 928 776 naturalemque
959 719 1024 759 ae
1069 684 1234 758 unius
1267 701 1525 772 potentiae
1558 700 1821 756 unitatem
1851 701 1956 757 sub
1989 717 2095 756 una

513 809 786 871 potestate
814 802 1228 867 repraesentant.
1252 792 1320 846 At
1347 792 1496 846 illam
1527 806 1651 862 qua:
1677 791 1732 846 in
1765 790 1983 846 leminaa
2005 807 2098 847 ca-

513 894 623 963 pite
650 906 758 946 una
799 900 990 946 sutura
1027 896 1131 952 est,
1167 899 1290 956 quae
1320 883 1606 939 circularis
1644 883 1892 950 habetur,
1928 885 2097 954 impe-

512 983 656 1036 rium
710 982 854 1052 quod
889 976 1306 1049 comprehendit
1334 974 1685 1043 continetque
1715 975 1969 1030 universa
1996 990 2097 1030 saa-

2199 517 2436 588 φυσικὴν
2465 516 2721 586 ἑνότητα,
2762 517 2858 570 καὶ
2893 517 2955 570 τὸ
2997 517 3055 571 ἓν
3088 521 3290 591 κράτος
3338 521 3676 586 ἐξεικονίζει
3705 526 3788 592 τῆς

2201 611 2331 678 μιᾶς
2360 609 2708 680 κυριότητος.
2757 609 2821 663 Ἦ
2847 609 2906 663 δὲ
2939 611 3035 664 ἐπὶ
3063 613 3163 681 τῆς
3190 613 3442 682 κεφαλῆς
3468 612 3574 665 τοῦ
3613 613 3789 680 θήλεος

2199 703 2300 771 μεα
2331 701 2480 773 ραφῆ
2512 700 2769 774 κυκλικῇ,
2803 701 2906 772 τὴν
2939 703 3294 776 περιεκτικὴν
3334 706 3435 758 καὶ
3465 711 3788 776 συνεκτικὴν

2193 791 2292 845 τοῦ
2328 794 2532 854 παντὸς
2577 792 2948 864 κυκλοτεροῦς
2992 795 3200 865 κόσμου
3253 795 3564 866 μοναδικὴν
3605 797 3788 849 δεσπο-

2194 885 2368 938 τείαν·
2401 885 2621 956 καὶτῆς
2656 887 2788 955 μιᾶς
2815 886 2912 939 καὶ
2937 887 3277 958 θεοπρεποῦς
3306 888 3610 958 δυνάμεως
3648 891 3789 942 ἀπει-

2197 976 2325 1048 ρίαν
2380 977 2726 1048 συμϐολικῶς
2780 979 3154 1050 παρεμφαίνει
3215 982 3311 1034 καὶ
3361 981 3785 1052 παραδεξκνοςι.

511 1073 654 1137 eula,
679 1087 743 1127 ac
778 1070 1062 1142 poteStatis
1088 1069 1252 1123 totius
1282 1065 1434 1122 orbis
1457 1065 1744 1132 unitatem,
1786 1074 1840 1121 et
1867 1066 1978 1120 vim
2010 1065 2095 1121 di-

2211 1070 2307 1124 Καὶ
2334 1071 2594 1142 καθάπερ
2626 1072 2720 1125 ἐπὶ
2748 1073 2849 1142 τῆς
2881 1073 3080 1144 νοητῆς
3112 1072 3331 1142 φύσεως
3361 1073 3463 1126 τοῦ
3499 1073 3784 1144 ἀνθρώπω

513 1167 654 1220 vina:
716 1163 972 1234 potentiae
1022 1158 1175 1215 omni
1235 1160 1344 1213 line
1378 1164 1656 1212 carentem
1703 1165 2096 1227 repraesentare

2211 1161 2323 1234 cpia.
2352 1163 2474 1217 καθ’
2519 1163 2795 1235 ἑκατέραν
2824 1163 3091 1235 εὕρηνται
3131 1165 3527 1237 διοργάνωσιν,
3566 1165 3666 1218 τοῦ
3705 1169 3784 1235 ἀι.

512 1273 578 1310 ac
632 1256 864 1328 ﬁgurare
900 1259 1220 1310 sanxerunt.
1258 1248 1325 1303 Et
1372 1247 1840 1320 quemadmodum
1868 1264 1991 1319 quae
2023 1249 2092 1303 ad

2211 1257 2352 1318 Βενος
2394 1255 2541 1323 λέγω
2590 1256 2687 1308 καὶ
2739 1255 2839 1326 τῆς
2865 1258 2909 1288 ’⁷
2965 1256 3181 1326 θήλεος·
3239 1257 3405 1323 νοῦς,
3458 1257 3654 1325 λόγος,

513 1348 931 1404 intellectualem
983 1343 1224 1400 hominis
1271 1341 1502 1413 ﬁguram
1561 1341 1819 1406 attinent,
1868 1343 1971 1397 tria
2036 1343 2090 1396 in

2211 1343 2435 1414 τνεῦμον
2468 1343 2645 1408 οὕτως
2674 1344 2770 1400 καὶ
2800 1345 2894 1398 ἐπὶ
2923 1347 3022 1416 τῆς
3054 1346 3318 1418 αἰσθητῆς
3350 1346 3531 1400 αὑτοῦ
3565 1346 3784 1414 φύσεως,

514 1442 800 1510 utriusque
839 1447 954 1492 tum
992 1437 1181 1499 maris,
1221 1444 1337 1490 tum
1377 1433 1594 1488 feminae
1650 1433 1899 1504 corporis
1955 1435 2370 1504 constitutione,
2461 1453 2639 1502 mens,
2699 1438 2948 1506 verbum,
3013 1422 3086 1494 et.
3116 1439 3342 1509 spiritus
3385 1447 3620 1509 reperta
3657 1453 3786 1498 sum,

513 1529 586 1589 ita
615 1542 669 1588 et
699 1535 764 1587 de
801 1530 1038 1587 sensuali
1087 1529 1426 1599 ejus-natura
1453 1527 1678 1584 dixeris.
1731 1590 1735 1593 _
2894 1575 2900 1581 .

586 1623 799 1678 Etenim
825 1622 1065 1678 anterior
1081 1621 1276 1691 capitis
1297 1635 1424 1690 pars
1447 1618 1602 1675 l'rons
1631 1619 1853 1684 dicitur,
1873 1620 1944 1675 ab
1963 1619 2096 1690 ipsis

2271 1623 2386 1694 Τῆς
2409 1618 2504 1676 οῦν
2519 1621 2764 1694 κεφαλῆς
2784 1623 2846 1676 τὸ
2869 1621 2968 1692 μὲν
2989 1621 3302 1695 ἔμπροσθεν
3320 1622 3502 1691 αὐτῆς
3519 1620 3788 1690 μέτωπον

516 1715 766 1786 μέτωπον
799 1709 911 1768 οἷον
935 1713 1246 1784 ὑπέρωπον,
1298 1711 1458 1781 quasi
1511 1711 1685 1766 oculis
1714 1711 2094 1766 imminentem

2211 1713 2441 1782 levetur
2492 1708 2606 1767 οἷον
2647 1713 3000 1782 ὐπέρωπον,
3033 1715 3093 1768 τὸ
3137 1715 3397 1783 ὑπεράνω
3448 1713 3571 1765 τῶν
3620 1714 3786 1770 ὡπῶεά,

514 1806 892 1876 partemdicas
918 1823 931 1859 :
957 1805 1146 1860 oculos
1177 1802 1323 1858 enim
1346 1803 1448 1873 ipsi
1477 1802 1586 1856 ὅπα
1604 1813 1941 1874 nuncupant.
1965 1802 2096 1858 Pars

2211 1807 2372 1877 ἡγουν
2426 1807 2536 1860 τῶν
2587 1805 2884 1876 ὀφθαλμῶν
2908 1807 2975 1838 ⁸⁸·
3019 1807 3079 1860 τὸ
3130 1807 3184 1859 δὲ
3242 1807 3448 1878 μικρὸν
3499 1808 3784 1876 ἀνωτέρω,

513 1914 643 1955 vero
659 1913 779 1969 quae
797 1898 958 1968 paulo
971 1897 1040 1952 ab
1062 1897 1178 1967 ipsa
1196 1894 1374 1950 fronte
1401 1910 1621 1951 sursum
1647 1897 1840 1961 tendit,
1855 1897 2099 1966 sinciput

2211 1896 2430 1968 ϐρέγμα
2452 1899 2519 1930 ⁸³·
2575 1897 2658 1951 ὅτι
2715 1897 2931 1968 δίυγρος
2984 1898 3078 1952 καὶ
3124 1898 3336 1961 ἁπαλός
3391 1900 3560 1951 ἐστιν
3611 1900 3785 1963 Qui

513 1994 738 2056 dicitur,
767 2007 930 2062 quam
955 1990 1125 2046 Graaci
1156 1991 1372 2062 βρέγμα
1400 1990 1696 2061 appellant.
1727 1987 1882 2055 Quod
1913 1997 2096 2043 autem

2211 1991 2380 2042 ἐκεῖνο
2405 1988 2468 2042 τὸ
2489 1991 2654 2060 μέρος
2681 1988 2790 2053 ἕως
2817 1988 2955 2042 πολύ
2981 1991 3021 2044 ⁸.
3045 1990 3118 2042 Τὸ
3141 1989 3199 2043 δὲ
3219 1991 3389 2059 μέσον
3423 1991 3702 2058 κορυφὴ,
3727 1992 3784 2042 Et.

516 2087 570 2140 in
605 2085 726 2140 loco
782 2086 876 2139 illo
935 2085 1220 2140 cerebrum
1281 2083 1416 2138 satis
1467 2083 1760 2138 admodum
1815 2083 2098 2136 humidum

2211 2081 2297 2134 τοῦ
2329 2079 2475 2152 κάρα
2516 2081 2667 2134 ἐστὶν
2696 2082 2894 2152 ὀροφή.
2925 2081 3000 2136 Τὸ
3039 2081 3096 2135 δὲ
3137 2082 3368 2136 ὀπισθεν
3413 2084 3592 2136 ἰνίον
3613 2085 3658 2146 ¹,
3705 2087 3782 2135 ατε

520 2177 791 2247 molleque
821 2177 894 2233 sit
923 2192 1089 2246 supra
1123 2176 1488 2230 ostendimus.
1525 2179 1594 2228 At
1640 2174 1876 2228 medium
1903 2175 2098 2246 capitis

514 2279 698 2324 vertex
717 2281 1085 2338 nuncupatur,
1099 2267 1364 2338 quidquid
1385 2269 1454 2322 ab
1471 2267 1606 2337 ipsis
1628 2265 1863 2338 κορυφὴ,
1897 2267 1979 2319 ὅτι
1999 2267 2095 2320 τοῦ

517 2359 665 2431 κάρα
688 2360 838 2414 ἐστὶν
859 2359 1053 2432 ὀροφὴ,
1068 2359 1216 2429 quod
1245 2358 1442 2429 capitis
1463 2357 1738 2427 fastigium
1766 2374 1888 2413 esse
1901 2357 2002 2427 51
2025 2360 2103 2411 in-

2201 2175 2298 2229 τοῦ
2339 2177 2397 2229 ὲν
2425 2179 2491 2248 τῇ
2527 2176 2832 2232 καταϐάσει
2871 2179 2974 2249 τῆς
3001 2179 3251 2250 κορυφῆς
3282 2181 3304 2212 ³
3335 2180 3500 2234 κάτω
3556 2180 3732 2232 ἰέναι·
3762 2184 3779 2246 ἦ

2201 2267 2310 2320 ἀπὸ
2333 2268 2429 2321 τοῦ
2450 2268 2702 2323 ἐντεῦθεν
2724 2269 2992 2341 ἄρχεσθαι
3018 2270 3120 2335 τὰς
3141 2267 3280 2334 ἶνας,
3306 2272 3488 2341 ῆγουν
3517 2272 3598 2324 τὰ
3623 2272 3779 2339 νεῦρα

2201 2359 2259 2411 αἱ
2301 2359 2358 2412 δὲ
2390 2355 2510 2424 ἶνες
2555 2361 2650 2415 τοῦ
2699 2361 2842 2415 εἶναι
2877 2379 2939 2415 τε
2973 2363 3068 2415 καὶ
3112 2365 3450 2416 συνεστάναι
3496 2364 3782 2433 παρέχοντι

491 2450 914 2530 _terpretareris.
933 2448 1065 2516 Quae
1089 2465 1218 2503 vero
1238 2449 1434 2519 capitis
1460 2450 1730 2520 posterior
1760 2456 1986 2517 parsest
2002 2462 2099 2503 oc-

2211 2450 2280 2523 τῷ
2316 2451 2529 2523 σώματι
2556 2455 2599 2486 ⁸ο
2649 2454 2954 2526 ἐπειδήπερ
2985 2456 3156 2509 ῐενται
3205 2455 3296 2510 διὰ
3343 2455 3445 2509 τοῦ
3502 2455 3782 2526 σώματος·

517 2544 668 2614 ciput
707 2543 1029 2614 appellatur,
1060 2558 1183 2614 quae
1214 2544 1285 2599 ah
1335 2545 1467 2612 ipsis
1510 2542 1666 2605 ἴνιον,
1712 2539 1857 2610 quod
1883 2539 2100 2595 descen-

2211 2543 2445 2597 τοιοῦτον
2465 2545 2522 2598 δέ
2553 2547 2668 2599 ἔστι
2691 2549 2790 2600 καὶ
2821 2546 2914 2600 τό·

515 2652 634 2689 sum
665 2635 907 2699 diceres,
932 2633 1062 2705 quia
1095 2649 1127 2688 a
1157 2633 1358 2690 vertice
1382 2633 1640 2689 deorsum
1673 2629 1880 2685 tendat.
1909 2629 2036 2686 Sive
2067 2633 2212 2702 quod
2254 2635 2404 2690 nervi
2443 2635 2569 2692 inde
2597 2637 2870 2706 oriantur,
2895 2653 3038 2709 quos
3069 2638 3146 2693 illi
3177 2638 3294 2703 ἶνας
3321 2639 3616 2695 dictitant.
3651 2639 3781 2694 Nmi

515 2744 647 2786 vero
693 2729 816 2785 inde
856 2725 971 2792 ῐνες
1021 2728 1151 2784 dicti
1209 2737 1357 2794 sunt,
1411 2728 1502 2796 γὸτι
1553 2725 1618 2780 τὸ
1672 2718 1834 2789 εἶναι,
1869 2725 1962 2778 καὶ
2032 2743 2102 2780 συ

2211 2730 2354 2784 πάναι
2398 2729 2476 2802 τῷ
2529 2730 2742 2803 σώματι
2792 2733 3116 2806 παρέχουσι,
3182 2735 3329 2805 quod
3394 2750 3529 2790 esse
3587 2746 3648 2790 et
3679 2755 3782 2790 σοο-

517 2823 856 2878 stitntionem
883 2822 1100 2892 corpori
1159 2823 1420 2887 tribuant,
1485 2819 1746 2892 quoniam
1824 2820 2273 2894 ipsum‘corpus
2323 2826 2572 2881 ambiunt
2621 2844 2635 2881 :
2680 2827 2749 2883 de
2805 2828 2893 2884 his
2936 2838 2990 2883 et
3035 2829 3177 2900 apud
3255 2829 3571 2886 llomerum
3631 2831 3781 2901 legere

515 2926 620 2981 cst,
653 2917 746 2987 qui
779 2917 858 2972 ait
903 2935 918 2971 :

587 3028 711 3083 Non
751 3044 962 3083 carnem
986 3029 1210 3084 retinent
1238 3028 1408 3094 nervi,
1445 3043 1550 3082 non
1595 3027 1829 3098 amplius
1876 3045 2020 3085 ossa.

590 3143 723 3210 Quae
744 3155 924 3198 autem
965 3143 1032 3200 ad
1069 3145 1420 3200 membranas
1446 3153 1628 3214 partes
1661 3148 1922 3215 utrinque
1975 3158 2104 3199 sunt

522 3244 766 3305 tempora
802 3235 1164 3305 appellantur,
1227 3250 1350 3305 qua:
1396 3235 1464 3290 ab
1506 3235 1614 3290 illis
1658 3234 1957 3306 κρόταφοι,
2021 3234 2102 3287 ὅτι

522 3327 779 3400 κρούουσι
863 3326 960 3398 τὴν
1055 3328 1200 3398 ἁφὴν
1281 3326 1652 3397 παλλόμενοι,
1733 3325 1881 3398 quod
1961 3334 2108 3380 tactu

523 3423 840 3478 exsilientes
888 3421 1181 3492 quatiunt,
1228 3421 1310 3477 vel
1370 3422 1517 3492 quod
1588 3437 1654 3477 ex
1724 3421 1842 3492 pari
1890 3421 2106 3492 pulsum

525 3516 783 3586 nlrinqne
825 3517 1020 3577 edant,
1063 3515 1207 3584 quod
1251 3515 1324 3568 illi
1379 3516 1835 3583 συγκεκροτίσθαι
1878 3516 2103 3579 dicunt;

2123 3029 2166 3086 ϐ
2278 3034 2362 3087 Οὐ
2392 3033 2503 3104 γὰρ
2526 3033 2615 3089 ἔτι
2641 3035 2868 3104 σάρκες
2890 3050 2955 3088 τε
2984 3034 3082 3088 καὶ
3109 3032 3293 3088 ὀστέα
3317 3029 3461 3100 ἶνας
3491 3034 3727 3103 ἔχουσι.

2282 3148 2366 3202 Τὰ
2401 3147 2457 3202 δὲ
2504 3149 2641 3220 πρὸς
2690 3151 2962 3220 μήνιγγας
3002 3147 3152 3202 ἐνθεν
3202 3149 3472 3202 κακεῑθεν
3520 3154 3774 3218 κρόταςα

2207 3240 2482 3310 λέγονται,
2512 3241 2595 3295 ὅτι
2626 3241 2887 3312 κρούουσι
2930 3241 3029 3312 τὴν
3065 3242 3210 3311 ἁφὴν
3246 3240 3589 3312 βαλλόμενοι
3611 3245 3652 3304 ⁸,
3693 3237 3774 3293 οἷον

2205 3331 2529 3402 κρούταφοι·
2566 3332 2600 3404 ἢ
2634 3332 2717 3386 ὅτι
2743 3333 2842 3402 τῆς
2879 3331 3125 3403 κόρσεως
3159 3332 3464 3386 ἅπτονται·
3502 3335 3713 3402 κόρεις

2203 3424 2238 3493 η
2274 3423 2506 3495 κεφαλὴ,
2546 3425 2704 3495 παρᾶ
2733 3423 2795 3476 τὸ
2827 3421 3219 3495 κορυφοῦσθαι·
3270 3425 3302 3495 ἢ
3340 3425 3456 3478 ἀπὸ
3487 3425 3592 3478 τοῦ
3630 3427 3775 3493 κείρε-

2204 3513 2350 3577 σθαι,
2380 3511 2440 3578 ὲξ
2464 3505 2525 3566 οὗ
2558 3514 2651 3568 καὶ
2681 3511 3015 3583 κορσωτὴρ,
3049 3514 3078 3565 ὀ
3105 3513 3204 3578 τὰς
3236 3515 3434 3584 τρίχας
3467 3517 3770 3586 ἀποκείρας..

524 3612 640 3666 sive
682 3608 829 3680 quod
865 3608 1027 3678 capiti
1077 3607 1441 3678 applicantur,
1473 3609 1618 3678 quod
1665 3606 1741 3661 illi
1799 3606 1988 3679 κόρσιν
2051 3605 2260 3668 dicunt,
2291 3606 2370 3659 vel
2401 3605 2760 3679 οκείρεσθαι,
2820 3604 2967 3674 quod
3015 3605 3228 3660 tondere
3287 3608 3636 3678 explicares,
3671 3611 3772 3660 and:

524 3702 813 3775 κορσωτὴρ
846 3714 878 3754 a
927 3700 1218 3756 tondendis
1241 3700 1484 3757 crinibus
1518 3711 1707 3756 tonsor
1733 3709 2102 3769 nuncupatur.

597 3793 797 3849 Totum
829 3802 1009 3847 autem
1023 3793 1246 3864 osquod
1267 3801 1431 3864 caput
1451 3793 1643 3858 ambit,
1668 3794 1897 3848 invicem
1932 3793 2108 3862 pecti-

526 3885 696 3939 natim
725 3887 1049 3940 coeuntibus
1082 3885 1291 3940 suturis
1321 3884 1486 3940 modo
1526 3899 1637 3954 quo
1681 3884 1834 3954 prius
1865 3883 2110 3938 diximus

528 3981 764 4035 divisum
800 3963 918 4048 est;
955 3994 1052 4050 per
1088 3993 1229 4048 quas
1264 3978 1539 4048 duplicato
1570 3979 1776 4034 ossium
1805 3979 2016 4044 ordine,
2046 3994 2110 4033 ea

528 4086 651 4141 qua
678 4071 746 4126 ad
778 4070 1062 4127 cerebrum
1091 4070 1344 4136 attinent,
1383 4080 1437 4125 et
1469 4086 1594 4126 cum
1633 4071 1742 4126 illis
1789 4070 2108 4134 cerbellnm,

529 4163 675 4234 quod
693 4171 747 4218 et
775 4163 927 4219 calva
956 4170 1327 4233 nuncupatur,
1355 4161 1793 4229 distinguuntur,
1818 4178 1982 4232 quam
2015 4177 2108 4218 so-

531 4257 644 4311 lum
674 4255 948 4312 hominem
974 4264 1170 4327 praeter
1202 4255 1387 4310 omnia
1423 4255 1682 4309 animalia
1716 4254 1915 4310 habere
1949 4253 2110 4308 dicti--
2149 4306 2156 4312 .

2276 3789 2349 3842 Τὸ
2372 3787 2430 3842 δὲ
2470 3787 2602 3861 περὶ
2628 3787 2726 3860 τὴν
2757 3787 3001 3859 κεφαλὴν
3040 3791 3187 3844 ἅπαν
3219 3787 3416 3842 ὀστοῦν
3465 3790 3770 3861 amputem

2182 3883 2354 3936 οὲστὶν
2377 3882 2483 3936 ὑπὸ
2510 3881 2827 3952 ἐμϐολιμων
2857 3881 3047 3952 ραφῶν
3078 3881 3202 3935 καθ’
3231 3881 3290 3934 ὃν
3322 3882 3558 3953 εἴρηται
3582 3886 3769 3953 τρόπςγ

2203 3975 2273 4029 δι’
2304 3967 2378 4028 ὧν
2421 3974 2490 4028 τὰ
2521 3975 2651 4045 περὶ
2677 3973 2766 4028 τὸν
2804 3973 3109 4043 ἐγκέφαλον
3148 3973 3586 4044 διαχωρξζονται
3622 3975 3772 4028 διπλο-

2208 4064 2438 4118 σύνθετα
2461 4063 2617 4128 ὀστᾶ,
2651 4064 2748 4119 καὶ
2782 4065 2816 4135 ἠ
2857 4063 3273 4136 παρεγκεφαλὶς
3299 4064 3339 4129 ⁸,
3375 4065 3445 4134 ἢν
3496 4067 3599 4117 καὶ
3627 4083 3772 4133 παρος

2213 4158 2496 4229 ripas-Ma"
2547 4157 2825 4213 καλοῦσιν·
2858 4157 2925 4228 ἣν
2975 4159 3148 4228 μόνην
3182 4156 3326 4228 ἔχειν
3364 4157 3462 4210 τὸν
3515 4159 3772 4228 ἄνθρωαπ

2212 4251 2464 4320 λέγουσιν
2492 4251 2633 4321 ὑπὲρ
2664 4250 2842 4305 πάντα
2870 4247 2940 4302 τὰ
2969 4247 3106 4312 ζῶα’
3145 4249 3221 4312 ὡς
3248 4244 3392 4302 εἶναι
3424 4249 3491 4317 ἒξ
3541 4252 3680 4304 ὀστὶ
3704 4253 3772 4318 τῆς

532 4358 669 4405 tant.
691 4347 877 4418 Itaque
891 4359 1076 4418 caput,
1099 4346 1328 4403 cuneale
1347 4355 1575 4417 excepto
1602 4345 1751 4417 quod
1784 4345 2102 4416 sphenoides

2215 4343 2460 4413 κεφαλῆς
2489 4343 2658 4413 χωρὶς
2679 4341 2772 4395 τοῦ
2817 4339 3191 4413 σφηνοειδοῦς·
3221 4343 3412 4414 πρόσω
3449 4344 3557 4414 μὲν
3597 4346 3661 4397 τὸ
3683 4347 3772 4414 μέν

533 4442 611 4496 illi
652 4447 994 4512 nuncupant,
1024 4454 1122 4496 sex
1165 4439 1388 4495 ossibus
1411 4447 1662 4506 constat;
1694 4437 1934 4494 anterior
1961 4436 2109 4507 quod

532 4531 790 4603 sinciput,
813 4531 1086 4603 posterior
1107 4530 1255 4602 quod
1277 4530 1496 4601 oceiput
1518 4530 1738 4584 dicitur.
1772 4527 1904 4596 Quae
1929 4537 2109 4584 autem

533 4627 600 4682 ad
639 4636 930 4696 utramque
962 4638 1152 4680 aurem
1196 4622 1548 4690 adhibentur,
1590 4622 1838 4693 lapidosa
1865 4637 1992 4678 ossa
2026 4636 2114 4691 ap-

532 4719 829 4790 pellantur.
878 4716 936 4772 ln
967 4716 1320 4772 eminentiori
1367 4731 1502 4772 vero
1539 4715 1732 4784 capitis
1788 4723 1966 4785 parte,
2003 4712 2113 4767 duo

531 4811 803 4881 sineipitia
853 4817 1002 4874 sunt,
1036 4822 1274 4878 quorum
1301 4817 1614 4878 utrumque,
1649 4822 1758 4862 una
1805 4807 1860 4860 in
1891 4806 2112 4876 longum

533 4915 802 4973 porrecta.
829 4911 1021 4957 sutura
1052 4900 1335 4956 communi
1359 4899 1691 4955 inserviente
1722 4897 1898 4953 olIieio
1921 4896 2112 4951 utitur.

536 4993 615 5048 Ex
663 4996 748 5052 his
775 5007 1016 5061 namque
1051 4991 1292 5056 ossibus,
1324 5005 1448 5059 quae
1487 5005 1582 5044 sex
1615 5003 1848 5044 numero
1883 4986 2115 5044 asserui-

535 5102 680 5152 mus,
718 5100 784 5140 ea
811 5100 933 5155 quae
967 5083 1036 5139 ad
1074 5083 1315 5153 sinciput
1335 5082 1512 5153 posita
1545 5093 1696 5149 sunt,
1733 5081 1984 5136 molliora
2010 5095 2115 5136 eae-

533 5179 666 5233 teris
712 5177 1189 5246 imbecillioraque
1239 5175 1532 5230 habentur.
1592 5174 1664 5235 At
1696 5173 1828 5229 illud
1861 5173 2008 5244 quod
2047 5173 2114 5227 ad

532 5270 750 5338 oceiput
775 5270 986 5324 locatur
1003 5283 1088 5335 os,
1103 5266 1326 5324 densius
1345 5266 1690 5337 validiusque
1713 5283 1728 5334 ;
1750 5265 1946 5322 frontis
1960 5279 2110 5332 vero,

534 5361 727 5418 media:
749 5363 890 5418 inter
921 5372 1212 5432 utrumque
1236 5360 1522 5433 qualitatis
1538 5360 1794 5416 habetur.
1818 5357 2112 5414 Enimvero

2214 4456 2388 4503 ωπον,
2412 4439 2640 4493 ὄπισθεν
2667 4439 2725 4493 δὲ
2747 4439 2808 4492 τὸ
2832 4439 2984 4494 ἰνίον·
3011 4435 3311 4510 ἐτέρωθεν⁸
3336 4439 3395 4492 δὲ
3417 4440 3536 4493 τῶν
3554 4440 3706 4494 ὤτων
3729 4444 3770 4491 τὲ

2210 4530 2304 4583 δύο
2327 4528 2591 4599 λιθοειδῆ
2617 4530 2910 4601 λεγόμενα.
2943 4531 3040 4594 Εἰς
3069 4531 3126 4583 δὲ
3155 4530 3215 4583 τὸ
3258 4530 3612 4604 ὑψηλότερον
3645 4534 3770 4602 μέρος

2209 4625 2280 4679 τὰ
2317 4623 2411 4678 δύο
2460 4624 2773 4694 βρέγματα,
2827 4624 2972 4696 ἅπερ
3023 4623 3206 4695 έχουσι
3245 4624 3432 4695 κοινὴν
3493 4626 3678 4697 ῥαφὴν
3705 4627 3769 4691 τὴν

2213 4717 2357 4772 κατὰ
2383 4717 2558 4789 μῆκος
2581 4719 2820 4772 εὐθεῖαν.
2845 4716 3063 4772 Τούτων
3082 4718 3141 4772 δὲ
3160 4717 3270 4771 τῶν
3291 4717 3351 4784 ἒξ
3372 4719 3585 4784 ὀστῶν,
3615 4720 3681 4772 τὰ
3703 4720 3769 4787 μὲν

2211 4810 2308 4865 τοῦ
2337 4809 2647 4882 βρέγματος
2677 4812 2983 4881 χαυνότατά
3010 4814 3106 4865 τε⁹
3133 4813 3227 4866 καὶ
3256 4810 3652 4866 ἀσθενέστατα
3675 4814 3766 4865 εἰσί.

2213 4903 2559 4958 Πυκνότατον
2584 4904 2642 4958 δὲ
2667 4905 2760 4957 καὶ
2790 4903 3146 4976 ἰσχυρότατον
3165 4905 3226 4957 τὸ
3245 4905 3366 4957 κατ’
3376 4904 3519 4957 ἰνίον
3547 4906 3618 4958 ’⁸.
3647 4907 3767 4973 μέθετε

2211 4992 2270 5046 δὲ
2315 4994 2552 5063 ἀμφοῖνν
2599 4994 2660 5047 τδ
2702 4993 2846 5048 κατὰ
2904 4993 3154 5065 μέτωπον
3176 5009 3191 5025 ⁸
3227 4993 3337 5047 τῶν
3381 4993 3441 5046 δὲ
3489 4993 3768 5048 moestas:

2213 5083 2386 5140 ὀστῶν
2413 5085 2474 5138 τὸ
2506 5085 2610 5156 μέν
2637 5103 2692 5138 τι
2717 5086 2758 5118 ¹¹
2797 5085 2963 5156 μέρος
2999 5085 3260 5148 λιθοειδές
3291 5087 3431 5146 ἐστι,
3460 5087 3528 5139 τὸ
3562 5087 3624 5139 δὲ
3649 5086 3768 5138 ὀπιὲ

2213 5176 2304 5240 δες
2333 5177 2522 5247 μανόν.
2558 5176 2622 5230 Ἢ
2649 5177 2706 5230 δὲ
2733 5176 3178 5247 παρεγκεφαλὶς
3202 5177 3455 5248 ὀμοφυὴς
3487 5179 3612 5230 ἐστι
3643 5181 3682 5208 ¹³
3709 5195 3765 5227 zz.

2217 5268 2518 5339 ὁμόχροια·
2565 5269 2697 5340 ἄλλη
2732 5268 2789 5322 δὲ
2838 5268 2986 5339 ραφὴ
3033 5270 3067 5338 ἡ
3118 5267 3304 5322 ἐπάνω
3337 5266 3433 5320 τοῦ
3495 5267 3766 5338 βρέγματες

2217 5361 2579 5433 διερχομένη,
2613 5361 2708 5414 καὶ
2741 5360 2878 5431 πρὸς
2915 5359 2984 5412 τὰ
3019 5357 3303 5429 πεταλώδη
3348 5359 3488 5412 ὀστᾶ
3517 5359 3629 5412 τῶν
3668 5374 3769 5412 κατι

604 5543 653 5613 9⁸
682 5542 750 5596 τὰ
777 5541 905 5613 τρία
927 5543 989 5596 Β.
1031 5543 1076 5576 ⁸⁷
1110 5541 1206 5596 τοῦ
1241 5542 1306 5596 Β.
1382 5541 1605 5613 ⁹⁸ΰπερ.
1629 5541 1759 5606 τοὺς
1795 5534 2115 5613 ὧπαςᾷἔχον.
2147 5543 2192 5613 '_°
2219 5539 2418 5613 βέγμα.
2446 5543 2512 5613 A_.
2555 5541 2572 5572 ⁸
2607 5538 2804 5613 πολλοῦ
2825 5539 2885 5594 C.
2936 5540 2966 5613 ξ
2999 5539 3129 5613 ἰνίον
3160 5539 3200 5591 Β
3231 5539 3297 5601 C,
3339 5539 3490 5613 ᾔνεον
3522 5541 3600 5613 A.
3639 5611 3646 5613 Α
3684 5540 3701 5570 ³
3726 5540 3765 5587 τ³

534 5611 646 5686 ᾁπδ
667 5613 772 5686 τῆς
801 5611 1047 5684 κορυφῆς
1072 5613 1112 5664 Β
1224 5685 1232 5686 7
1292 5613 1471 5686 δντοῖςγ
1484 5611 1702 5684 σώμασι
1733 5613 1916 5686 παρέχ

2104 5613 2126 5643 ⁵
2156 5609 2444 5680 λαϐόμενοι
2473 5611 2534 5676 Β,
2577 5611 2902 5682 παλλόμενοι
2936 5610 2996 5682 P.
3036 5609 3136 5679 τὴν
3193 5609 3436 5682 κεφαλὴν
3474 5611 3738 5682 mute-n-

533 5684 596 5740 C.
663 5685 686 5717 ⁸
713 5681 1028 5755 παραγκεφζ
1079 5684 1174 5738 xui.
1208 5685 1275 5755 ἦν
1310 5685 1374 5755 Α,
1453 5685 1473 5715 ⁷
1501 5681 1915 5754 παρεγκρανίδα
1947 5682 1988 5739 C
2015 5681 2079 5748 P,
2149 5683 2170 5714 ⁸
2209 5681 2550 5752 ἑκατέρωθεν
2575 5682 2634 5750 Β,
2670 5683 2926 5751 ἑκάτερον
2956 5681 3016 5736 C.
3063 5683 3084 5713 ³
3125 5683 3241 5734 ἐστι
3271 5681 3330 5734 Β.
3398 5681 3440 5713 ⁸⁸
3482 5681 3544 5734 τὸ
3576 5683 3699 5733 ἱνῐοι
3729 5682 3762 5728 ἱ(

538 5758 580 5788 ⁸³
615 5754 881 5827 μέντοιΒ.
921 5757 962 5787 ¹¹
995 5757 1112 5809 ἐστι
1143 5754 1431 5824 ἐγκεφάλῳ
1451 5755 1514 5808 Ρ.
