3856 6430
94 349 118 401 1
143 348 266 401 155
1375 340 1462 396 DE
1503 339 1763 397 NATURS

1845 339 2137 396 HOMINIS.
3261 351 3399 407 1154

90 462 171 512 ’τὰ
205 455 342 514 ὦτα
369 459 641 529 κειμένων
663 455 1105 522 ἀποτελευτῶσα,
1134 456 1388 528 καὶπρὸς
1416 457 1517 527 τὴν
1543 473 1711 526 κορυ-
1745 462 1763 518 1

1845 455 2026 512 issium
2081 472 2204 526 quae
2261 456 2504 526 lapidosa
2547 454 2792 529 «liximus
2831 469 2961 526 pars
2989 459 3210 530 quidem
3237 478 3404 520 saxea

93 552 223 621 φῆν
253 549 684 621 ὲπισχιζομένη,
719 548 1086 620 σταυροειδῶς
1125 550 1306 601 ἐκεῖσε
1336 546 1716 602 διατυποῦται·

1845 558 1927 610 :st,
1953 558 2080 617 pars
2096 563 2224 602 vero
2249 549 2314 601 ad
2338 563 2550 602 usseam
2573 536 2892 633 qualitatem
2922 550 3185 608 laxiorem
3210 557 3400 626 vergit.

97 645 165 695 αἱ
202 643 274 696 δὲ
324 642 574 696 τοιαῦται
613 640 792 711 ῥαφαὶ
827 640 924 703 τὰς
966 640 1214 693 κάτωθεν
1251 639 1624 711 ἀνερχομένας
1655 640 1720 691 ὲκ

1845 637 1895 692 λι
1949 640 2246 693 cerbcllum
2287 639 2538 693 eumdem
2571 647 2753 694 ortum
2791 656 2952 710 quem
2993 653 3048 698 et
3093 646 3401 711 cerebrum,

97 734 410 803 στομάχου
443 732 538 786 καὶ
559 731 797 802 γαστρὸς
819 731 1202 801 ἐξατμίζουσιν
1224 730 1626 799 ἀναθυμιάσεις
1650 729 1717 783 ⁸³.

1845 745 1891 785 ιο
1921 730 2156 785 colorem
2211 729 2388 784 habet.
2448 731 2564 784 Alia
2619 737 2802 784 autem
2858 741 3048 787 sutura
3095 751 3217 804 qua:
3239 753 3405 806 supra

100 823 372 892 sinciput
394 823 658 893 procedit,
701 831 754 876 et
786 822 852 875 ad
879 836 1002 876 ossa
1032 837 1154 890 quae
1181 820 1434 876 foliorum
1495 818 1910 876 similitudinem
1975 837 2082 891 pne
2112 837 2170 876 se
2233 820 2435 884 ferunt,
2498 822 2604 892 52
2628 839 2858 893 quzeque
2881 825 2947 879 ad
2973 841 3137 882 aures
3159 827 3263 882 sita
3281 837 3410 882 sunt

99 918 354 983 desinit,
381 917 587 972 ωηιξη
613 917 815 972 vertice
845 917 1103 979 ﬁndatur,
1131 917 1465 972 inibicrucis
1522 915 1751 986 eiﬁgiem
1792 916 1989 988 ﬁgurat
2026 936 2040 972 :
2079 932 2173 987 per
2225 918 2326 974 has
2374 933 2612 988 namque
2676 930 2919 985 suturas,
2971 922 3412 978 exhalationibus

103 1025 248 1078 qua:
323 1027 354 1064 a
416 1009 701 1065 stomacho
786 1024 1005 1064 sursum
1089 1009 1318 1080 alvoque
1373 1009 1721 1076 deferuntur,
1755 1021 1908 1065 extra
1964 1009 2295 1078 evaporandi
2353 1011 2600 1078 pervium
2659 1012 2762 1066 iter
2821 1020 2984 1082 patet.

187 1103 607 1172 Περιείληπται
639 1101 698 1154 δὲ
731 1103 760 1156 ὀ
794 1103 1100 1172 ἐγκέφαλος
1130 1102 1237 1155 ὑπὸ
1269 1102 1364 1155 δύο
1397 1101 1645 1172 ὑμένων·
1695 1103 1724 1154 ὁ

1897 1102 2195 1158 Cerebrum
2221 1111 2405 1158 autem
2434 1104 2634 1174 duplici
2672 1106 2990 1162 membrana
3042 1110 3405 1178 comprehen-

113 1195 228 1265 μὲν
261 1195 377 1264 γὰρ
397 1193 750 1264 ὑπέστρωται
790 1193 946 1264 αὐτῷ
973 1195 1039 1258 ⁸⁵,
1085 1196 1115 1248 ὀ
1144 1194 1201 1246 δὲ
1239 1194 1534 1248 ἐπίκειται·
1560 1194 1590 1246 ὀ
1631 1194 1730 1248 καὶ

1845 1194 1995 1258 litur,
2029 1195 2200 1248 altera
2230 1195 2448 1265 quidem
2501 1195 2602 1264 ipsi
2653 1211 2753 1251 ceu
2811 1198 2991 1252 cubile
3015 1200 3407 1267 substernitur,

109 1283 464 1350 δικτυῶδες
489 1287 532 1316 ¹³
580 1284 818 1354 πλέγμα
865 1285 1020 1356 παρὰ
1067 1285 1178 1338 τῶν
1234 1286 1436 1357 ίατρῶν
1484 1285 1729 1354 λέγεται.

1845 1286 1996 1340 tltera
2044 1301 2276 1355 superne
2307 1287 2601 1351 accumbit,
2645 1303 2808 1357 quam
2862 1290 3153 1346 reticulare
3202 1301 3408 1348 textum

111 1375 543 1446 ῐιεριπλέκεται
572 1371 666 1430 οὖν
711 1377 772 1428 τὸ
793 1376 990 1430 ὀστοῦν
1023 1377 1171 1431 ἆπαν
1210 1379 1239 1430 ὀ
1275 1377 1660 1444 περικρὰνιος
1687 1378 1730 1409 ¹⁶

1845 1377 2023 1432 nedici
2057 1378 2328 1432 dictitant.
2348 1376 2473 1433 Ossi
2505 1379 2725 1447 quidem
2765 1382 2911 1450 quod
2936 1383 3090 1436 calva
3119 1398 3408 1454 nuncupa-

113 1468 434 1537 λεγόμενος
477 1468 584 1536 μῦς
609 1485 623 1498 ο
657 1467 882 1533 τούτους
907 1468 966 1522 δὲ
993 1469 1126 1532 τοῦς
1149 1469 1311 1538 μῦας
1331 1469 1373 1500 ¹⁷
1410 1469 1506 1523 καὶ
1519 1468 1727 1538 μήνιγο

1845 1479 1960 1532 ων.
1995 1468 2230 1523 musculi
2273 1484 2413 1538 quos
2468 1471 2736 1528 calvarios
2778 1472 2969 1528 dicunt
3027 1475 3408 1544 obducuntur,

114 1576 244 1628 νας
283 1559 536 1613 καλοῦσι.

1834 1562 1935 1617 hos
1959 1562 2176 1631 quidem
2205 1563 2484 1618 musculos
2509 1572 2562 1618 et
2595 1565 2944 1621 membranas
2974 1571 3280 1623 nominant.

201 1651 327 1704 Καὶ
357 1652 458 1720 ὅρα
504 1643 607 1704 ὦδε
641 1649 835 1718 σοφίαν
870 1649 1240 1723 Δημιουργοῦ,
1281 1649 1422 1704 διατί
1448 1650 1492 1681 ¹⁸
1525 1650 1600 1721 μὴ
1644 1651 1734 1704 διὰ

1905 1651 2071 1720 Atqui
2139 1651 2193 1705 in
2259 1652 2364 1706 hoc
2419 1652 2549 1707 item
2618 1652 2895 1710 Creatoris
2947 1657 3270 1725 sapientiam
3316 1657 3412 1711 ad-

123 1747 274 1816 μιᾶς
326 1747 595 1814 μήνιγγος
632 1745 726 1797 τὸν
773 1744 1078 1814 ἐγκέφαλον
1124 1744 1548 1814 περιεφύλαξεν,
1593 1744 1730 1798 ἀλλά

1845 1739 2125 1795 miratioue
2204 1741 2463 1812 prosequi
2543 1741 2735 1809 decet,
2805 1760 3040 1814 quanam
3106 1747 3174 1801 de
3245 1763 3412 1803 causa

120 1809 224 1887 διὰ
266 1809 401 1887 Srio;
432 1809 525 1887 καί
572 1832 783 1887 τούτων
814 1809 1242 1904 ένηλλαγμένων
1286 1809 1527 1904 έχουσιῦν
1555 1834 1597 1866 ³⁸
1625 1833 1724 1902 τὴν

1845 1833 2114 1886 cerebrum
2170 1832 2348 1901 ipsum
2418 1833 2601 1888 tutela;
2660 1834 2826 1891 unius
2888 1837 3218 1892 membrana:
3277 1854 3413 1894 neu-

121 1927 356 1979 οἰκείαν
380 1925 641 1980 διάθεσιν.
675 1926 738 1978 'H
768 1927 866 1995 μὲν
888 1926 998 1996 γάρ
1017 1927 1132 1979 ἐστι
1154 1928 1377 1996 παχεῖα,
1402 1928 1434 1996 ἡ
1456 1927 1512 1980 δὲ
1536 1927 1730 1998 λεπτή.

1845 1923 2084 1993 liquam,
2133 1924 2229 1978 sed
2300 1926 2533 1978 duarum
2607 1926 2941 1991 crediderit,
2987 1943 3110 1997 quae
3170 1929 3410 1985 vicissim

125 2020 195 2072 Εἰ
239 2019 355 2088 γὰρ
397 2018 471 2088 μὴ
512 2016 685 2081 οὕτως
728 2018 891 2071 αὐτὸν
933 2018 994 2071 ὲν
1041 2018 1271 2081 ταύταις
1309 2019 1554 2089 ἑνείλησέ
1577 2020 1623 2050 ³⁸
1671 2036 1732 2072 τε

1845 2017 2048 2086 propria
2103 2018 2187 2070 sui
2247 2015 2608 2088 dispositione
2670 2029 2915 2075 utuntur.
2989 2019 3192 2075 Harum
3265 2025 3412 2076 enim

125 2111 232 2164 καὶ
267 2110 651 2180 περιὲσφιγξε,
681 2111 778 2162 καὶ
803 2104 914 2162 οἷον
941 2109 1431 2179 διεσπαργάνωσεν
1451 2149 1466 2174 ,
1499 2109 1729 2180 ἔμελλεν

1845 2107 2004 2162 altera
2055 2123 2264 2172 crassa,
2305 2109 2475 2163 altera
2540 2110 2699 2166 exilis
2737 2121 2840 2166 est.
2893 2110 3008 2166 Nisi
3048 2113 3194 2166 enim
3251 2128 3282 2166 a
3331 2129 3415 2167 rc-

126 2202 398 2256 ἁνιᾶσθαι
438 2202 543 2256 ὑπὸ
578 2202 678 2272 τῆς
705 2201 802 2255 τοῦ
845 2199 1005 2255 ὀστοῦ
1047 2200 1472 2270 προσψαύσεως,
1520 2218 1732 2272 τραχυ-

1845 2212 1953 2249 rum
1985 2197 2178 2265 opiﬁce
2229 2197 2332 2252 hoc
2376 2206 2536 2268 pacto
2577 2200 2681 2254 sub
2725 2200 2928 2269 duplici
2975 2201 3292 2255 membrana
3327 2203 3414 2254 iu-

126 2295 303 2364 τέρου
333 2296 372 2324 ²¹
396 2293 548 2356 ὄντος
578 2294 673 2346 καὶ
700 2291 1084 2361 σκληροτέρου.
1111 2290 1212 2344 Διὰ
1239 2290 1396 2345 τοῦτο
1424 2290 1628 2361 μεταξὺ
1654 2294 1728 2323 η·

1845 2287 2080 2341 volutum
2122 2289 2710 2360 comprehensumque,
2772 2304 2827 2346 ct
2875 2307 2975 2346 ceu
3038 2290 3225 2346 fasciis
3283 2306 3417 2346 con-

128 2386 233 2440 τοῦ
256 2385 422 2439 ὀστοῦ
457 2386 553 2438 καὶ
579 2383 673 2438 τοῦ
711 2384 1019 2453 ἐγκεφάλου
1051 2384 1150 2451 τὴν
1183 2383 1389 2454 λεπτὴν
1419 2382 1585 2454 ἔθηκε
1621 2385 1728 2453 μή·

130 2496 330 2548 νιγγα.
369 2478 533 2532 Ἀλλὰ
573 2478 715 2548 αὐτὴ
739 2477 760 2508 ¹
805 2478 839 2547 ἡ
909 2476 1114 2547 μήνιγξ
1154 2479 1256 2545 τῆς
1297 2476 1394 2546 μὲν
1443 2473 1538 2528 τοῦ
1578 2476 1735 2542 ἐγκε-

138 2571 324 2640 φάλου
354 2569 542 2633 οὐσίας
568 2569 590 2599 ³
614 2568 797 2637 ὀλίγον
824 2569 941 2620 ἐστι
977 2565 1336 2638 σκληροτέρα,
1365 2565 1459 2620 τοῦ
1492 2564 1549 2618 δὲ
1577 2562 1734 2618 ὀστοῦ

133 2663 384 2734 ὑπάρχει
457 2660 862 2732 μαλακωτέρα⁹
947 2657 1179 2728 ἔμελλεν
1256 2653 1350 2711 οὖν
1425 2657 1523 2710 καὶ
1592 2655 1733 2727 αὑτὴ

135 2754 436 2825 πάσχουσά
467 2771 518 2806 τι
554 2752 660 2806 ὑπὸ
689 2752 800 2806 τῶν
831 2751 1053 2817 ἔξωθεν,
1101 2749 1259 2819 ἄγειν
1286 2749 1379 2804 τὸν
1425 2748 1733 2818 ἐγκέφαλον

137 2845 224 2908 είς
268 2843 623 2914 συμπάθειαν

1838 2381 2087 2436 strictum
2114 2383 2399 2436 cerebrum
2444 2393 2608 2448 esset,
2659 2385 2727 2440 ab
2780 2385 2990 2440 ossium
3039 2393 3294 2440 contactu
3347 2386 3420 2438 ob

1839 2485 2030 2526 eorum
2089 2471 2346 2526 duritiem
2401 2474 2869 2542 asperitatemque
2926 2475 3116 2530 laesum
3162 2475 3230 2528 iri
3285 2474 3419 2528 illud

1787 2568 1808 2587 °
1840 2563 2100 2620 credibile
2124 2563 2321 2619 fuerat.
2374 2563 2550 2636 Hujus
2613 2568 2786 2637 gratia
2841 2568 2983 2622 inter
3013 2585 3076 2625 os
3131 2569 3421 2639 ipsumque

1837 2656 2119 2712 cerebrum
2163 2656 2395 2711 mediam
2454 2658 2648 2713 exilem
2693 2660 3068 2716 membranam
3113 2661 3414 2716 constituit.

1840 2745 2324 2800 Verumeuimvero
2355 2785 2371 2810 ,
2447 2747 2765 2804 membrana
2849 2751 2964 2805 lucc
3034 2752 3150 2820 ipsa
3211 2751 3418 2806 cerebri

1835 2833 2143 2889 substantia
2187 2834 2351 2902 paulo
2395 2835 2662 2904 asperior,
2717 2851 2843 2891 osse
2875 2853 3003 2892 vero
3029 2838 3245 2892 mollior
3286 2847 3415 2902 est;

138 2955 314 3010 quam
354 2939 398 2994 si
431 2940 500 2994 ab
529 2939 615 2994 bis
642 2953 764 3010 quae
790 2945 946 2994 extra
988 2935 1246 2992 eveniunt
1287 2935 1612 3008 quandoque
1641 2933 1833 2991 obladi
1863 2929 2170 3001 contigerit,
2223 2929 2403 3000 ipsum
2462 2932 2658 2988 iisdem
2709 2933 3060 3002 passiouibus
3117 2934 3416 2990 obnoxium

139 3032 488 3087 redderetur.

215 3124 322 3177 Διὰ
364 3122 526 3177 τοῦτο
552 3125 810 3194 εποίησεν
853 3126 914 3179 ὲν
957 3124 1036 3198 τῷ
1076 3124 1227 3197 μέσῳ
1269 3123 1437 3193 ἄλλην
1489 3122 1763 3193 μήνιγγα‹

1904 3111 2017 3168 Ilac
2052 3113 2236 3182 itaque
2269 3111 2336 3166 de
2367 3126 2555 3175 causa,
2594 3111 2758 3166 aliam
2783 3113 3112 3167 crassiorem
3146 3117 3421 3172 membra-

142 3217 471 3288 παχυτέραν
488 3233 504 3247 ο
529 3215 626 3269 τοῦ
651 3217 751 3288 μὲν
778 3217 1088 3287 ἐγκεφάλου
1122 3216 1266 3271 κατὰ
1292 3215 1429 3270 πολὺ
1456 3213 1736 3285 ὑπάρχου-

145 3323 251 3362 σαν
283 3309 682 3380 σκληροτέραν,
708 3308 805 3362 τοῦ
835 3309 891 3364 δὲ
924 3308 1086 3363 ὀστοῦ
1116 3310 1281 3364 πάλιν
1311 3307 1730 3379 μαλακωτέραν.

147 3399 316 3463 Ὦςτε
344 3398 439 3452 τὸν
469 3399 776 3469 ἐγκέφαλον
825 3399 1247 3471 μεσολαϐεϊσθαι
1275 3398 1382 3453 ὑπὸ
1407 3398 1506 3468 τῆς
1529 3396 1737 3466 λεπτῆς

145 3495 247 3546 καὶ
281 3493 520 3563 παχείας
548 3495 834 3564 μήνιγγος·
857 3493 1068 3564 ὁμιλεῖν
1091 3493 1149 3547 δὲ
1177 3492 1277 3563 τὴν
1307 3490 1410 3560 μὲν
1433 3490 1637 3560 λεπτὴν
1660 3487 1738 3558 τῷ

147 3585 466 3655 ἐγκεφάλῳ,
499 3584 601 3657 τὴν
630 3586 688 3640 δὲ
719 3589 955 3657 παχεῖαν
974 3585 1052 3658 τῷ
1081 3584 1244 3656 ὀστῷ·
1270 3583 1415 3637 ὥστε
1450 3579 1614 3656 ἦττον
1643 3581 1736 3635 ὑπ’

148 3676 323 3732 αὑτοῦ
353 3677 605 3748 πάσχειν.
654 3679 719 3732 Ἠ
767 3678 824 3732 δὲ
871 3678 1045 3750 λεπτὴ
1093 3677 1298 3750 μήνιγξ
1340 3675 1740 3748 περιλαμϐάνει

147 3771 242 3826 τὸν
269 3771 578 3840 ἐγκέφαλον
609 3772 670 3825 οὐ
703 3773 864 3843 μόνον
897 3773 1043 3836 ὅλον,
1075 3772 1215 3826 ἀλλὰ
1238 3770 1336 3824 καὶ
1364 3770 1434 3823 τὰ
1473 3769 1613 3841 μέσα
1642 3767 1742 3822 αὐ-

148 3861 270 3917 τοῦ.
314 3863 424 3917 Καὶ
454 3864 513 3916 ὲν
541 3862 620 3935 τῷ
661 3865 830 3917 παντὶ
863 3862 1249 3935 μεσολαϐοῦσα
1277 3861 1606 3932 περικρατεῖ
1642 3858 1742 3929 τὴν

150 3955 350 4009 οὐσίαν
392 3955 598 4010 αὑτοῦ·
642 3955 786 4009 ὥστε
815 3956 891 4027 μὴ
930 3955 1312 4010 διολισθαίνειν
1353 3955 1448 4007 καὶ
1500 3953 1743 4025 διαρῤεἰν

150 4044 240 4100 διὰ
264 4045 370 4116 τὴν
397 4045 634 4116 φυσικὴν
661 4046 958 4116 ὑγρότητα.
985 4045 1253 4117 Καθάπερ
1281 4045 1390 4116 γὰρ
1414 4042 1632 4115 ὁρῶμεν
1661 4043 1744 4096 ὅτι

153 4139 251 4192 καὶ
285 4140 381 4192 ἐπὶ
420 4139 534 4192 τῶν
567 4139 730 4208 ῥοιῶν
761 4139 963 4208 ὑμένες
1010 4138 1403 4209 διαφράττουσι
1451 4135 1578 4198 τοῦς
1611 4134 1744 4188 κὸκ-

151 4248 288 4294 κους
308 4270 324 4294 ,
355 4233 452 4286 καλ⁵
496 4231 628 4302 ὅλην
661 4231 833 4301 αὐτὴν
877 4228 1352 4298 περιλαμϐάνουσι
1382 4227 1404 4258 ⁸
1435 4225 1534 4296 τὴν
1568 4224 1741 4295 ῥοιὰν,

151 4321 332 4385 οῦτως
378 4323 473 4374 καὶ
518 4323 612 4374 ἐπὶ
652 4321 746 4375 τοῦ
789 4320 1098 4389 ἐγκεφάλου
1152 4318 1248 4372 καὶ
1297 4316 1403 4387 τῆς
1447 4315 1745 4387 εἰρημένης

1836 3219 1964 3260 nam
1989 3202 2056 3258 de
2082 3202 2260 3257 medio
2283 3202 2589 3268 constituit,
2610 3217 2731 3272 qua!
2754 3202 2980 3257 cerebro
2995 3202 3154 3272 longe
3181 3207 3421 3262 crassior

1836 3295 2210 3366 asperiorque,
2235 3309 2364 3350 osse
2392 3309 2522 3349 vero
2559 3295 2678 3364 ipso
2707 3295 2924 3349 mollior
2950 3303 3055 3350 est.
3085 3295 3293 3366 Itaque,
3328 3314 3420 3354 ce—

1837 3389 2057 3444 rebrum
2099 3387 2202 3441 sub
2228 3396 2487 3456 utraque,
2518 3387 2644 3441 exili
2674 3387 2926 3441 videlicet
2965 3397 3020 3442 et
3040 3403 3224 3445 crassa
3250 3406 3419 3445 mem-

1839 3483 2030 3545 brana,
2051 3481 2288 3536 medium
2309 3479 2578 3544 consistit,
2606 3494 2839 3548 quarum
2888 3495 3010 3549 quae
3038 3481 3196 3536 exilis
3219 3491 3304 3536 est
3328 3498 3418 3538 ce-

1842 3573 2000 3628 rebro
2029 3572 2355 3642 applicatur,
2388 3569 2630 3625 crassior
2665 3583 2794 3623 vero
2838 3569 2949 3625 ossi
2985 3573 3249 3633 occurrit.
3281 3588 3421 3642 quo-

1840 3663 2023 3718 minus
2051 3664 2120 3717 ab
2149 3662 2266 3731 ipso
2308 3661 2607 3739 cerebrum
2661 3660 2860 3715 danma
2916 3662 3162 3717 sentiret.
3216 3662 3420 3719 Verum

1840 3755 1997 3812 exilis
2035 3757 2386 3820 membrana,
2421 3769 2527 3808 non
2570 3755 2734 3809 modo
2772 3755 2869 3809 toti
2904 3757 3131 3810 cerebro
3178 3756 3422 3811 obvolvi-

1843 3859 1956 3915 tur,
2011 3864 2199 3904 verum
2225 3847 2389 3902 etiam
2421 3862 2516 3917 per
2537 3847 2713 3902 media
2753 3847 2922 3916 ipsius
2951 3847 3144 3917 pergit.
3203 3847 3420 3902 Etcum

1844 3941 2027 3997 media
2085 3939 2206 4010 ejus
2267 3939 2522 3995 universa
2575 3938 3422 4009 complectaturtsubstantiam

1844 4033 1993 4090 illius
2045 4033 2285 4104 undique
2333 4032 2594 4094 continet,
2631 4047 2700 4086 ne
2729 4048 2840 4102 prae.
2889 4047 2956 4086 eo
3002 4032 3096 4102 qui
3127 4033 3180 4086 in
3207 4034 3323 4103 ipso
3341 4043 3427 4088 est

1844 4127 2081 4184 naturali
2109 4127 2336 4182 humore
2353 4125 2626 4180 dilabatur
2643 4140 2708 4179 ac
2731 4125 2992 4196 proﬂuat;
3012 4126 3172 4196 cujus
3191 4128 3267 4182 rei
3284 4127 3425 4182 mala

1844 4237 1967 4292 qua:
1986 4221 2182 4291 punica
2199 4229 2586 4289 nuncupantur
2600 4234 2721 4273 esse
2731 4219 2980 4287 exemplo
3000 4229 3249 4286 possunt.
3263 4217 3423 4284 Nam,

1847 4323 1962 4368 tum
1998 4326 2168 4382 grana
2213 4327 2337 4380 qua:
2366 4310 2420 4364 in
2451 4310 2571 4379 ipso
2596 4318 2724 4364 sunt
2752 4309 3141 4364 membranula:
3171 4311 3420 4378 quaedam

157 4415 422 4482 μένιγγος
463 4413 612 4466 ἐστιν
657 4414 806 4468 ἰδεῖν.
855 4411 1027 4465 Τοῦτο
1055 4412 1151 4466 καὶ
1185 4411 1278 4464 ἐπὶ
1317 4407 1414 4462 τοῦ
1445 4407 1742 4478 λεγομένου

1847 4405 2099 4474 saapiunt,
2129 4412 2242 4458 tum
2276 4412 2449 4457 totum
2482 4402 2684 4456 malum
2725 4402 3132 4470 amplectuntur
3160 4416 3174 4452 :
3209 4400 3313 4472 53
3344 4403 3426 4456 sic

154 4507 412 4574 κρανίου
439 4505 592 4559 ἐστι’
623 4505 902 4576 σκοπῆσαι
921 4521 937 4537 ο
963 4503 1153 4558 ὀστοῦν
1192 4502 1250 4554 δέ
1278 4503 1396 4554 ἐστι
1421 4499 1582 4554 τοῦτο
1602 4539 1617 4563 ,
1643 4498 1743 4570 τὴν

1849 4505 1902 4549 et
1939 4495 1992 4548 in
2027 4493 2273 4560 cerebro,
2312 4508 2378 4547 ac
2423 4494 2476 4547 in
2519 4495 2636 4564 ipsa
2679 4493 2746 4548 de
2799 4509 2908 4564 qua
2959 4493 3201 4548 diximus
3250 4511 3423 4550 mem-

153 4597 252 4652 τοῦ
293 4597 594 4669 πολεμικοῦ
627 4599 852 4669 κρανίου
895 4595 1350 4666 ἀπομιμούμενον
1373 4592 1522 4646 θέσιν
1543 4607 1603 4644 τε
1646 4591 1744 4644 καὶ

155 4694 373 4760 χρείαν.
415 4693 628 4764 Ὠσπερ
654 4693 764 4763 γὰρ
808 4692 987 4745 έκεῖνο
1026 4686 1358 4759 κυκλοτερές
1385 4685 1443 4739 τέ
1471 4687 1619 4748 ἐστι,
1650 4683 1747 4738 καὶ

153 4783 255 4855 τὴν
277 4785 408 4854 ὅλην
430 4785 789 4854 ἀσφαλίζεται
814 4780 1083 4853 κεφαλὴν,
1109 4779 1285 4842 οὕτως
1312 4778 1407 4831 καὶ
1429 4775 1491 4829 τὸ
1522 4774 1745 4844 κρανίον

157 4875 256 4928 καὶ
285 4875 419 4928 αὐτὸ
439 4875 771 4947 κυκλοτερὲς
792 4874 876 4937 ὃν,
905 4873 999 4927 τὸν
1029 4870 1334 4940 ἐγκέφαλον
1357 4866 1739 4937 ἀσφαλίζεται.

157 4964 324 5022 Ὅθεν
362 4969 456 5021 καὶ
494 4967 668 5035 αὐτῆς
703 4969 806 5037 τῆς
838 4963 1215 5037 προσηγορίας
1241 4964 1262 4995 ⁸
1293 4962 1505 5031 ἔτυχεν.

1849 4588 2020 4642 brana
2065 4600 2292 4640 cernere
2320 4592 2405 4640 est
2445 4602 2459 4638 :
2503 4585 2618 4639 haec
2679 4594 2860 4640 autem
2915 4585 3216 4642 similitudo
3271 4596 3324 4642 et
3365 4589 3420 4642 in

1844 4678 1996 4734 calva
2043 4677 2260 4742 visitur,
2309 4691 2432 4747 quae
2476 4677 2643 4747 galea:
2674 4692 2782 4746 qua
2820 4677 2874 4732 iu
2927 4677 3069 4733 bello
3103 4677 3312 4733 utimur
3343 4676 3420 4734 Si-

1842 4770 1988 4826 milis
2026 4779 2142 4836 est,
2188 4780 2245 4822 et
2284 4746 2539 4824 eumdem
2585 4746 2752 4823 si‘tum
2819 4785 2885 4825 ac
2942 4770 3180 4824 colorem
3236 4771 3418 4825 habet.

1840 4861 2315 4931 Quemadmodum
2353 4860 2498 4915 enim
2537 4860 2689 4931 galea
2731 4861 2846 4930 ipsa
2895 4861 3149 4917 circulari
3190 4861 3420 4916 formata

1840 4957 2050 5012 ambitu
2115 4955 2214 5011 toti
2261 4954 2436 5024 quod
2465 4953 2610 5008 intus
2655 4962 2740 5008 est
2782 4953 2949 5007 tutela
2977 4955 3421 5007 munimentum-

156 5072 265 5126 que
311 5059 549 5121 exsiStit,
607 5061 680 5114 ita
731 5067 786 5114 et
823 5058 998 5122 calva,
1051 5071 1176 5111 eum
1213 5051 1460 5109 eamdem
1510 5049 1739 5106 formam
1779 5064 1889 5120 pm
1922 5065 1982 5106 se
2026 5047 2183 5113 ferat,
2214 5047 2499 5103 cerebrum
2530 5047 2635 5101 sub
2693 5061 2753 5102 se
2786 5047 2855 5102 ab
2880 5047 3031 5102 omni
3097 5047 3219 5102 labe
3245 5046 3422 5102 reddit

157 5162 494 5220 exemptum.
522 5149 677 5206 Unde
705 5151 989 5206 cerebrum
1025 5148 1170 5219 quod
1202 5147 1255 5200 in
1285 5145 1461 5215 capite
1494 5148 1566 5198 sit
1587 5141 1886 5212 ἐγκέφαλος
1932 5142 2334 5197 denominatur.

229 5243 368 5296 Οὐδὲ
394 5241 553 5296 τοῦτο
582 5237 676 5296 οὖν
715 5239 776 5306 ἐξ
802 5241 920 5304 ἑνὸς
958 5239 1118 5293 ὀστοῦ
1151 5236 1589 5300 κατεσκεύασεν,
1620 5234 1736 5290 ἀλλ’

158 5332 224 5386 ἐκ
249 5334 525 5406 διαφόρων
560 5335 756 5400 ὀστῶν,
788 5335 882 5388 κα)⁵
914 5333 974 5387 οῦ
1005 5331 1429 5404 κεχωρισμένων
1461 5327 1732 5400 ἀλλήλων,

1914 5234 2032 5289 Νοη
2100 5235 2246 5289 enim
2313 5233 2463 5288 calva
2541 5232 2660 5302 ipsa
2715 5231 2932 5302 singulo
2989 5246 3116 5286 osse
3158 5239 3414 5295 constat,

1841 5327 1936 5381 sed
1986 5324 2217 5380 diversis
2276 5323 2499 5380 ossibus
2559 5323 2952 5392 distinguitur,
3003 5337 3126 5392 qua:
3180 5323 3416 5379 discreta

232 5492 276 5524 ⁸³
303 5492 391 5570 hic
421 5490 647 5570 ϐοά.-οε
673 5491 1204 5570 orditursecundurn
1231 5496 1411 5570 caput.
1462 5487 1592 5570 nep}
1616 5487 1763 5570 ὲγὲει

1845 5496 1922 5570 tau
1962 5481 2079 5552 (sic
2219 5479 2338 5570 καὶι
2357 5478 2766 5570 μηνςγγωννκαὶ
2793 5477 2940 5570 ius!
2967 5479 3316 5570 ﬁqistpoEtei];
3349 5483 3412 5570 “vi,

159 5563 372 5633 κεφαλὴ
413 5563 708 5630 κεφαλαῖον
741 5563 792 5630 β.

159 5773 182 5804 ⁸
204 5772 586 5846 ταύτηςετυχε
620 5772 721 5846 τῆς
745 5772 977 5845 προσηγ.
1021 5772 1063 5826 Β
1085 5772 1147 5829 Ρ.

873 5563 917 5594 ⁸⁵
950 5561 1115 5616 αὐτοῦ
1146 5561 1206 5615 Β.
1285 5551 1328 5592 ⁸⁷⁵
1361 5551 1738 5621 δυκτιῶδεςήΒ.
1763 5551 1775 5554 ’
1819 5557 1862 5589 ⁸⁸
1895 5555 2034 5624 ὅπερ
2057 5551 2372 5624 κρᾲνιοςᾉΔ.

162 5635 206 5665 "
227 5620 452 5696 ταύταις
493 5620 929 5704 ἐνηλλαγμένως
973 5633 1229 5704 ἐχούσαις
1262 5631 1327 5704 ᾼ,
1354 5628 1559 5704 ταῦτας
1587 5620 2258 5704 ἐνηλλαγμέναςζὲχούσας

160 5705 253 5775 ξ¹ο¹
285 5705 380 5759 καὶ
407 5692 966 5775 μέσου’ἦτοὶ’μεταξὺ
1092 5772 1114 5775 _
1154 5703 1175 5734 '
1203 5692 1297 5756 καὶ
1323 5700 1463 5771 αὑτὴ
1491 5699 1553 5754 Β.
1648 5692 1679 5730 ³⁷
1700 5692 1889 5761 οὐσίας
1943 5693 2038 5749 τοῦ
2059 5692 2270 5762 ίὲγκεφ.
2303 5692 2364 5746 Β.

2481 5551 2524 5583 ⁸⁷
2561 5550 2766 5620 ὑμένας
2793 5550 2854 5603 Β.
2967 5550 3011 5582 ¹⁸
3039 5549 3180 5602 διατί
3211 5551 3318 5618 γὰρ
3349 5549 3410 5602 B.

2457 5621 2503 5651 "
2524 5620 2754 5674 ὲνείλισε
2778 5621 2838 5674 Β.
2915 5621 2960 5653 ¹¹
3009 5619 3318 5690 παχυτέρου
3346 5621 3410 5690 ᾼ.

2458 5691 2478 5723 ⁸
2510 5690 2910 5762 περιλαμὸἀνει
2945 5690 3004 5745 Β.
3091 5688 3116 5721 ⁷⁵
3146 5688 3321 5741 ἔνεστι
3350 5688 3411 5742 Β.
