3856 6394
161 359 303 417 1157

1396 359 1482 416 DE
1522 353 1803 414 NATURA
1846 353 2146 411 IIOMINIS;

3261 359 3399 414 H58

79 526 86 535 .
161 475 260 531 καὶ
284 472 482 546 ἐκροὰς
513 472 596 526 ὅτι
628 471 887 536 πλείστας
917 474 993 536 ώς
1026 472 1234 545 κυρίως
1265 473 1522 546 ἐποίησεν
1557 472 1724 542 ἔχειν,

1849 484 1991 539 luam
2046 469 2284 526 diximus
2331 485 2494 526 causa
2531 469 2775 524 habetur.
2828 471 2907 528 Ad
2957 471 3105 537 haec,
3157 471 3402 536 fluxuum

157 568 250 622 ἵνα
292 566 336 598 ’⁸
368 564 442 636 μὴ
479 565 548 619 τὰ
596 564 986 636 περιττώματα
1036 566 1308 632 γενόμενα
1359 567 1402 597 ’³
1454 565 1724 618 πλείστων

156 658 310 729 αὐτῷ
342 658 770 728 συμπτωμάτων
798 657 946 710 αἴτια
977 658 1205 725 γένηται
1233 657 1300 710 ³⁰.

229 833 442 902 Ὠσπερ
476 831 658 884 τοίνυν
690 829 786 882 ἐπὶ
809 829 911 898 τῆς
961 830 1001 860 ³⁸
1029 828 1264 900 γαστρὸς
1296 828 1590 902 βλέπομεν,
1631 829 1727 882 καὶ

153 921 590 992 διαγινώσκομεν
626 921 727 988 τὴν
760 919 1054 990 ἐνέργειαν
1101 919 1273 990 αὐτῆς
1305 923 1369 974 ἐκ
1402 919 1512 974 τῶν
1542 937 1728 990 περιτ-

158 1013 431 1083 τωμάτων
454 1027 468 1042 ·
501 1010 596 1064 καὶ
624 1009 794 1080 εἰμὲν
828 1006 1162 1075 πεπεμμένα
1197 1008 1241 1042 ⁸³
1284 1008 1401 1060 ἐστὶ
1433 1007 1502 1060 τά
1525 1007 1721 1077 διαχω-

157 1108 400 1176 ρήματα.
425 1101 658 1171 λέγομεν
679 1100 776 1170 τὴν
799 1102 1046 1169 γαστέρα
1069 1099 1248 1163 καλῶς
1275 1099 1490 1152 πέττειν
1510 1115 1522 1128 ·
1555 1097 1728 1162 οὕτως

159 1199 256 1253 καὶ
289 1198 381 1253 ἐπὶ
407 1198 502 1250 τοῦ
536 1194 839 1264 ἐγκεφάλου
868 1197 932 1248 ἐκ
955 1193 1065 1248 τῶν
1099 1192 1534 1264 περιττωμάτων
1565 1189 1730 1253 αὐτοῦ

157 1287 256 1350 τὰς
284 1286 566 1356 ἐνεργείας
589 1283 932 1354 γνωρίζομεν
961 1298 974 1312 ⁸
1012 1283 1147 1352 πρὸς
1182 1282 1290 1352 γὰρ
1324 1282 1443 1342 ταῖς
1469 1279 1730 1349 ἀνωτέρω

160 1377 482 1448 εἰρημέναις
525 1376 750 1445 βαφαῖς,
783 1370 1139 1441 καθαίρεσθαι
1168 1369 1328 1425 αὑτὸν
1367 1371 1461 1422 καὶ
1497 1367 1586 1420 διὰ
1625 1385 1729 1438 μυ-

158 1471 380 1540 κτήρων
412 1469 506 1520 καὶ
536 1466 691 1518 ὢτων
721 1467 818 1518 καὶ
839 1463 1156 1534 ὀφθαλμῶν,
1177 1461 1272 1517 καὶ
1299 1459 1391 1514 τοῦ
1429 1459 1727 1529 λεγομένου

161 1562 440 1632 τρήματος
468 1600 480 1615 .
509 1557 537 1610 ὃ
563 1555 768 1627 χώνην
805 1555 951 1617 τινὲς
980 1553 1271 1624 ὠνόμασαν
1305 1551 1414 1605 ἀπὸ
1453 1552 1550 1621 τῆς
1595 1550 1730 1620 πρὸς

161 1652 379 1723 ἐκείνην
412 1649 796 1720 ὁμοιώσεως,ὁ
824 1648 925 1717 τῆς
951 1646 1164 1716 φύσεω;
1199 1645 1586 1716 ἐμηχανήσατο
1615 1642 1730 1696 Κύ-

163 1763 281 1814 ριος
315 1745 381 1797 ³³.
415 1743 609 1811 Χώνην
656 1742 712 1795 δὲ
741 1742 802 1795 τὸ
846 1741 1036 1812 τρῆμα
1073 1739 1350 1809 λέγουσιν,
1401 1737 1594 1808 ἐπειδὴ
1625 1735 1734 1790 άπὸ

165 1813 463 1906 εὐρυτέρας
510 1831 720 1901 βάσεως
765 1829 1093 1901 ἀρχόμενον,
1140 1830 1220 1891 εἰς
1270 1827 1733 1901 στενοχωρότερον
1765 1813 1806 1867 Β

163 1926 390 1996 τελευτᾷ
419 1924 582 1994 πόρον
624 1924 687 1977 ³⁸.

249 2099 405 2156 Ἐπεὶ
429 2099 487 2152 δὲ
519 2097 616 2155 καὶ
657 2096 791 2168 μύες
831 2095 1016 2150 πολλοὶ
1046 2095 1186 2148 κατὰ
1220 2095 1318 2166 τὴν
1359 2093 1601 2163 κεφαλὴν
1642 2094 1738 2146 καὶ

164 2189 308 2246 κατὰ
337 2188 428 2242 τὸν
462 2185 764 2256 ἐγκέφαλόν
785 2185 910 2249 εἰσι,
946 2184 1148 2254 μᾶλλον
1170 2184 1225 2236 δέ
1249 2186 1343 2237 καὶ
1365 2183 1508 2237 κατὰ
1535 2182 1738 2244 παντὸς

163 2285 256 2338 τοῦ
289 2283 542 2353 σώματος
568 2322 582 2346 ,
613 2281 858 2350 εἴπωμεν
889 2279 990 2350 τὴν
1018 2277 1210 2331 τούτου
1241 2278 1285 2311 ³³
1319 2277 1600 2347 ἐνέργειαν
1645 2277 1738 2328 καὶ

165 2375 354 2448 χρείαν
384 2375 430 2408 ⁸⁸
470 2373 588 2427 οῖαν
619 2371 700 2443 τῷ
743 2371 947 2442 ἡνιόχῳ
975 2373 1003 2423 6
1035 2369 1251 2440 χαλινὸς
1286 2369 1344 2420 ἐν
1391 2366 1469 2437 τῷ
1507 2367 1734 2438 ἅρματι.

167 2469 380 2538 Ὥσπερ
406 2466 517 2536 γὰρ
558 2465 644 2518 ἐπ’
676 2465 854 2517 ἐκεῖνό
887 2465 1005 2516 ἐστι
1047 2462 1148 2533 μὲν
1185 2462 1213 2514 6
1245 2460 1461 2536 ἡνίοχος
1483 2500 1497 2524 ,
1542 2462 1650 2512 είσὶ
1680 2460 1738 2512 δέ

165 2561 260 2614 καὶ
311 2561 461 2632 ἡνῖαι
489 2601 505 2625 ,
540 2559 636 2614 καὶ
674 2558 810 2628 μετὰ
849 2556 948 2620 τὰς
983 2555 1140 2628 ἡνίας
1185 2555 1214 2608 6
1263 2553 1481 2626 χαλινὸς
1510 2591 1527 2618 ,
1566 2553 1734 2623 ἠρτηο

167 2653 326 2724 μένος
366 2653 409 2686 ³¹
448 2651 549 2722 μὲν
582 2651 690 2704 ἀπὸ
733 2649 844 2701 τῶν
889 2647 1078 2716 ἠνίων,
1113 2646 1500 2718 συνδεδεμένος
1530 2645 1586 2698 δὲ
1625 2647 1739 2706 τοῖς

166 2748 356 2808 ἵπποις
372 2784 390 2809 ,
418 2745 527 2798 εἰσὶ
549 2743 604 2797 δέ
633 2745 726 2796 καὶ
753 2743 910 2797 αὐτοὶ
928 2743 976 2794 οἱ
1001 2742 1186 2796 ἵπποιο
1212 2739 1386 2801 οὕτως
1409 2738 1504 2791 καὶ
1525 2737 1617 2790 ἐπὶ
1643 2736 1738 2789 τοῦ

162 2839 437 2909 ἡμετέρου
474 2835 760 2907 σώματος·
800 2820 1010 2907 ἡνιοχεῖ
1046 2835 1146 2904 μὲν
1177 2832 1312 2886 αὐτὸ
1346 2834 1374 2886 ὀ
1409 2831 1737 2900 ἐγκέφαλος.

165 2930 317 3001 ἡνίαι
366 2929 410 2962 ³⁸
442 2929 498 2982 δὲ
549 2927 716 2983 αὑτοῦ
754 2928 823 2980 τὰ
880 2927 1082 3001 νεύραο
1122 2924 1332 2995 χαλινοὶ
1377 2924 1436 2977 δὲ
1469 2921 1637 2976 αὑτοῦ
1690 2925 1739 2976 οἱ

1831 559 2170 615 cxcretiones
2221 560 2387 630 capiti
2428 569 2486 614 ut
2539 561 2769 632 principi
2803 567 2941 630 parti
2991 578 3172 616 rerum
3213 562 3403 633 Opifex

1833 650 2058 722 largitus
2079 660 2182 716 est,
2221 668 2287 708 ne
2310 653 2515 708 scilicet
2549 655 2594 711 si
2633 664 2977 710 excrementa
3003 655 3296 726 intercepta
3322 655 3402 710 fo-

1835 750 1975 808 rent,
1995 743 2244 811 plurimis
2273 745 2491 800 casibus
2523 745 2818 800 obnoxium
2845 746 3178 806 redderetur.

1903 831 2370 897 Quemadmodum
2414 835 2574 905 igitur
2615 835 2668 890 in
2703 835 2805 889 alvi
2837 839 3197 894 excrementis
3251 838 3406 894 nobis

1833 925 2118 997 perspicue
2163 935 2311 996 patet
2361 928 2608 993 (etenim,
2643 928 2688 984 si
2716 939 3120 984 excrementum
3162 932 3306 1000 quod
3339 932 3407 986 ah

1832 1016 1949 1085 ipsa
1979 1017 2247 1071 emittitur
2279 1029 2599 1074 concoctum
2640 1018 2834 1083 fuerit,
2885 1032 3028 1076 recte
3065 1022 3235 1092 ipsam
3273 1037 3407 1076 con-

1831 1118 2068 1173 coquere
2102 1104 2367 1170 dicimus;
2398 1105 2444 1161 si
2477 1121 2603 1162 vero
2629 1106 3030 1174 inconcuctum,
3069 1125 3175 1163 non
3203 1114 3407 1180 recte),

1834 1193 1906 1247 ita
1961 1204 2015 1248 et
2045 1194 2098 1247 in
2151 1196 2374 1250 cerebro
2415 1195 2654 1251 visitur:
2695 1198 2762 1252 ab
2806 1200 3213 1258 excrementitia
3264 1202 3408 1256 enim

1833 1287 1953 1356 ejus
1984 1289 2229 1353 materia,
2264 1293 2506 1344 actiones
2536 1288 2707 1359 ipsius
2744 1289 2897 1346 nobis
2929 1291 3224 1361 perspicuae
3254 1293 3407 1346 fiunt.

1835 1375 1950 1430 lloc
1979 1388 2182 1443 autem,
2217 1394 2325 1434 non
2362 1381 2525 1435 modo
2564 1381 2768 1437 suturis
2803 1400 2939 1452 quas
2972 1387 3123 1452 prius
3153 1379 3409 1450 diximus,

1835 1469 1928 1522 sed
1956 1478 2012 1520 et
2054 1483 2209 1532 naso,
2242 1471 2496 1537 auribus,
2543 1472 2736 1537 oculis,
2764 1485 3114 1543 purgamenta
3149 1476 3409 1528 excernit.

1833 1557 1915 1618 Ad
1937 1561 2049 1622 haec
2072 1560 2196 1614 item
2220 1577 2282 1616 ea
2314 1573 2465 1632 parte
2488 1579 2644 1633 quant
2673 1563 2841 1619 Graeci
2867 1565 3072 1636 τρῆμα,
3103 1567 3184 1620 vel
3213 1565 3410 1636 χώνην,

1833 1653 1980 1724 quod
2037 1669 2068 1708 a
2123 1654 2396 1724 plerisque
2460 1654 2861 1710 infundibulum
2918 1639 3293 1726 nuncupatur;
3347 1659 3411 1710 ad

1833 1744 1955 1815 ejus
2002 1745 2147 1800 enim
2204 1745 2613 1804 similitudinem
2651 1757 2857 1803 naturae
2895 1746 3082 1818 Opifex
3123 1749 3248 1804 illud
3285 1764 3415 1802 (οη-

1837 1836 2033 1890 stituit.
2078 1836 2226 1890 Illam
2260 1837 2405 1892 enim
2433 1849 2638 1912 partem
2671 1839 3076 1894 infundibulum
3113 1839 3409 1908 appellant.

1837 1941 1902 1980 eo
1953 1927 2097 1995 quod
2156 1925 2261 1995 55
2293 1927 2362 1981 ab
2394 1928 2660 1998 ampliore
2704 1937 2879 1983 tractu
2918 1930 2970 1983 in
3000 1929 3412 1984 contractiorem

1839 2028 2074 2073 meatum
2116 2017 2333 2074 desinit.

1907 2106 2200 2174 Quoniam,
2251 2117 2365 2162 tum
2426 2118 2618 2180 caput,
2681 2117 2793 2163 tum
2849 2108 3168 2175 cerebrum,
3205 2125 3413 2164 necnon

1840 2204 2008 2252 totum
2037 2213 2235 2266 corpus
2279 2207 2525 2253 nostrum
2575 2199 2822 2269 pluribus
2862 2199 3125 2253 musculis
3179 2199 3414 2254 obsitum

1837 2303 1954 2352 cst.
1997 2291 2192 2346 horum
2230 2290 2474 2352 actiones
2527 2290 2797 2360 olliciique
2842 2289 3211 2351 functionem,
3253 2306 3416 2360 quam

1841 2398 1946 2436 una
1991 2398 2113 2437 cum
2149 2388 2373 2437 cerebro
2425 2391 2714 2452 peragunt,
2772 2383 2925 2452 prius
2971 2382 3230 2436 diximus.
3292 2381 3421 2435 Tale

1839 2473 1982 2527 enim
2018 2473 2120 2541 ipsi
2153 2473 2381 2528 cerebro
2405 2473 2637 2534 alliciunt
2659 2473 2938 2538 exhibent,
2959 2474 3116 2542 quale
3137 2473 3336 2543 auriga:
3367 2477 3418 2526 in

1841 2562 2076 2632 regendo
2141 2577 2307 2618 curru
2370 2559 2522 2615 frena
2584 2559 2875 2615 suﬂiciunt.
2949 2561 3419 2626 Quemadmodum

1839 2653 1984 2707 enim
2023 2651 2076 2705 in
2105 2667 2270 2706 curru
2327 2651 2517 2722 auriga
2554 2652 2862 2720 inspicitur,
2907 2661 3019 2705 tum
3061 2662 3114 2705 et
3159 2651 3273 2704 lata
3306 2653 3420 2719 ipsa

1841 2758 1962 2812 qua:
1991 2759 2022 2796 a
2053 2741 2208 2800 freno
2236 2743 2542 2812 dependent
2585 2757 2695 2812 quo
2727 2744 2859 2814 equi
2879 2743 3170 2813 alligantur
3199 2759 3422 2798 cernere

1837 2844 1952 2900 est;
1981 2833 2074 2892 sed
2114 2843 2167 2890 et
2192 2836 2317 2905 equi
2350 2835 2402 2888 in
2437 2850 2503 2888 eo
2536 2836 2823 2890 visuntur:
2855 2835 3044 2888 colem
3088 2843 3266 2906 pacto,
3299 2848 3422 2889 cor-

1845 2927 1992 2996 poris
2019 2926 2188 2980 nostri
2219 2925 2438 2981 habitus
2465 2936 2700 2981 constat.
2726 2926 3024 2982 Cerebrum
3070 2926 3288 2996 quidem
3322 2941 3421 2980 an-

168 3020 306 3092 μῦες
329 3034 344 3051 ο
381 3019 536 3071 ίιιτποὶ⁵
567 3017 623 3071 δὲ
648 3017 716 3072 τά
745 3017 908 3070 λοιπὰ
941 3016 1127 3087 μόρια.
1171 3014 1277 3066 Καὶ
1303 3013 1330 3065 6
1366 3013 1466 3082 μὲν
1497 3011 1738 3080 ἐγκέφα-

1849 3015 1979 3082 riga:
2007 3013 2122 3067 vice
2153 3012 2421 3084 fungitur,
2450 3016 2597 3068 nervi
2626 3030 2755 3070 vero
2785 3015 2884 3070 lori
2916 3015 3149 3070 oﬂlcium
3182 3016 3420 3086 explent.

165 3111 254 3174 λος
281 3109 498 3180 πρῶτος
528 3109 650 3170 ταῖς
688 3106 869 3176 ἡνίαις
913 3106 1196 3185 χρώμενος
1218 3103 1290 3173 ,ἢ
1322 3102 1564 3174 παράγει
1597 3103 1638 3133 ³⁸
1681 3102 1738 3153 τδ

1849 3121 1944 3175 pro
1991 3105 2160 3160 frenis
2209 3107 2484 3162 musculos
2513 3107 2846 3170 constituas;
2880 3108 3028 3177 equi,
3055 3107 3276 3176 reliqua:
3303 3121 3426 3161 cor-

168 3202 330 3273 σῶμα
358 3201 510 3271 παρᾶ
537 3201 606 3254 τὰ
643 3199 852 3268 πλάγια
874 3197 946 3270 ,ἢ
985 3198 1064 3262 είς
1099 3197 1343 3252 τούπίσω
1377 3193 1735 3265 ἀναχαιτίζει,

1849 3199 1997 3267 poris
2047 3208 2228 3267 partes
2289 3198 2581 3253 habentur.
2639 3197 2951 3264 Enimvero,
3007 3213 3131 3253 cum
3184 3198 3422 3268 primunt

164 3295 200 3366 ἢ
232 3293 423 3364 πρόσω
450 3290 739 3362 ἐπιτρέπει
766 3288 1028 3360 φέρεσθαι
1055 3305 1067 3318 ·
1093 3291 1120 3342 6
1141 3290 1198 3342 δέ
1227 3287 1442 3358 χαλινὸς
1475 3287 1738 3356 ἐπὸμενος

1849 3307 2049 3362 corpus
2100 3299 2473 3346 transversum
2535 3290 2908 3354 circumferre,
2965 3307 3060 3346 seu
3127 3290 3420 3350 retrahere,

167 3391 286 3450 ταῖς
325 3386 521 3458 ἡνίαις,
546 3384 688 3442 κατὰ
723 3381 1073 3452 συμϐεϐηκὸς
1101 3381 1332 3434 ἕπεσθαι
1366 3380 1512 3432 ποιεῖ
1544 3377 1612 3430 τά
1649 3377 1744 3448 μό-

171 3496 261 3550 ρια
303 3478 384 3550 τῷ
415 3477 618 3550 πρώτῳ
660 3493 872 3552 πρῶτον
906 3473 1144 3527 κινοῦντι
1179 3472 1244 3525 ⁸⁸.
1287 3470 1497 3526 Οὐκοῦν
1529 3472 1577 3524 oi
1610 3468 1746 3538 μῦες

171 3571 360 3642 χρείαν
400 3568 620 3640 χαλινοῦ
646 3569 725 3639 τῷ
753 3566 1041 3636 ἐγκεφάλῳ
1065 3563 1430 3637 παρέχουσιν·
1459 3562 1744 3632 ἐνέργειαν

167 3659 223 3712 δὲ
261 3659 545 3711 ποιοῦνται
581 3657 682 3728 τὴν
719 3656 1032 3724 κινητικὴν.

1843 3383 1959 3438 sive
2007 3383 2060 3436 in
2109 3384 2385 3436 anteriora
2437 3397 2654 3436 movere
2708 3382 3017 3450 contigerit,
3054 3382 3276 3436 cerebro
3319 3380 3423 3450 ipsi

1846 3474 2022 3539 nervi,
2053 3487 2193 3542 quos
2241 3471 2358 3526 lora
2389 3472 2646 3536 diximus,
2683 3471 2997 3541 huiusmodi
3027 3472 3210 3526 officio
3245 3472 3419 3526 inser-

1846 3567 2038 3629 viunt;
2090 3567 2300 3618 frenum
2352 3579 2518 3629 vero,
2551 3580 2673 3619 cum
2725 3565 2993 3619 trahentia
3053 3582 3111 3620 se
3174 3567 3285 3619 lora
3335 3579 3418 3618 se~

1845 3665 2077 3724 quatur,
2135 3664 2315 3724 partes
2369 3657 2517 3726 ipsas
2573 3656 2724 3710 illum
2773 3657 2868 3726 qui
2928 3658 3184 3730 primitus
3244 3665 3425 3709 movet

170 3753 326 3822 sequi
356 3751 580 3822 subigit.
611 3748 750 3804 Hinc
802 3749 966 3820 igitur
995 3756 1163 3818 patet,
1188 3745 1333 3817 quod
1374 3747 1607 3801 musculi
1671 3749 1773 3819 ipsi
1815 3751 1955 3807 freni
2021 3752 2196 3806 vicem
2243 3751 2468 3807 cerebro
2497 3752 2758 3822 explent;
2799 3752 2894 3807 sed
2937 3763 2988 3808 et
3015 3754 3117 3823 ipsi
3163 3751 3420 3808 motivam

171 3842 440 3895 actionem
480 3839 786 3910 perficiunt.

249 3935 312 3988 Ὀ
353 3933 410 3986 δὲ
439 3931 708 3996 νωτιαῖος
736 3929 1032 3999 λεγόμενος
1068 3927 1292 3998 μυελὸς
1312 3967 1326 3988 .
1353 3926 1627 3998 eudamus
1662 3929 1748 3994 τίς

171 4028 286 4080 ἐστι
336 4022 430 4078 τοῦ
488 4020 829 4091 ἐγκεφάλουο
894 4024 988 4072 καὶ
1043 4013 1156 4072 οἷον
1213 4018 1323 4072 ἀπὸ
1371 4020 1556 4090 πηγῆς
1601 4037 1747 4085 τινος

171 4116 354 4188 ῥύακα
398 4116 649 4185 μιμεῖται
688 4111 948 4184 προϊόντα
968 4127 983 4141 ·
1016 4111 1114 4181 τῆς
1147 4111 1244 4180 μέν
1288 4113 1471 4181 πηγῆς
1499 4113 1669 4185 αὐτῆς
1699 4116 1748 4167 εί

170 4208 328 4279 τύχοι
365 4205 660 4278 περιφερὲς
705 4203 940 4274 ἐχούσης
976 4203 1161 4276 σκῆμα
1207 4205 1248 4234 ⁵⁸
1277 4244 1293 4265 ν
1327 4221 1422 4256 του
1453 4203 1510 4258 δὲ
1547 4205 1749 4275 ῥύακος

169 4304 247 4365 είς
306 4300 484 4371 μῆκος
533 4295 938 4367 ἐκτεινομένου.
1001 4295 1156 4348 Ἐπεὶ
1201 4290 1295 4348 οὖν
1341 4295 1388 4327 ιι
1430 4298 1458 4349 ὁ
1497 4299 1749 4360 νωτιαίος

168 4385 327 4454 οὗτος
357 4389 451 4443 τοῦ
482 4385 789 4456 ἐγκεφάλου
831 4385 999 4455 μοίρα
1039 4384 1120 4447 τίς
1150 4385 1268 4438 ἐστι
1293 4427 1308 4450 ,
1344 4387 1660 4457 περιέχεται
1691 4387 1749 4440 δέ

1918 3926 2154 3980 Medulla
2218 3938 2426 3982 autem-
2463 3943 2584 3998 qua:
2677 3928 2825 3982 dorsi
2858 3928 3193 3998 appellatur,
3271 3935 3429 4004 quasi

1850 4019 2083 4074 efﬂuxus
2131 4018 2338 4072 cerebri
2376 4019 2593 4088 quidam
2629 4028 2734 4078 est.
2775 4029 2828 4075 et
2862 4036 2960 4075 ceu
3002 4023 3152 4077 rivus
3206 4039 3232 4075 τι
3285 4023 3432 4078 fonte

1849 4109 2127 4179 proﬂuens
2175 4109 2466 4181 effigiatur.
2505 4109 2650 4166 Fons
2681 4111 2921 4181 quidem,
2953 4123 3013 4166 ut
3057 4114 3130 4167 ita
3178 4115 3430 4179 dixerim,

1853 4201 2178 4257 circularem
2221 4201 2445 4271 ﬁguram
2490 4218 2602 4271 pra:
2636 4217 2693 4257 se
2728 4201 2853 4264 fert,
2905 4206 3051 4257 rivus
3085 4219 3213 4258 vero
3254 4214 3430 4260 tractu

1856 4294 1909 4347 in
1967 4293 2190 4361 longum
2242 4303 2495 4361 porrecto
2548 4293 2740 4348 fertur.
2793 4292 3059 4358 Quoniam
3104 4296 3269 4365 igitur
3320 4297 3433 4350 hau:

1857 4382 2010 4438 dorsi
2063 4382 2300 4437 medulla
2339 4381 2548 4436 cerebri
2603 4397 2728 4451 pars
2774 4391 2878 4447 est,
2912 4383 3050 4437 hanc
3098 4385 3166 4438 ab
3215 4385 3435 4440 ossibus

171 4486 228 4537 ἐν
257 4484 438 4547 ὀστοῖς
465 4521 480 4546 ,
525 4482 691 4552 ἤγουν
733 4483 792 4538 ἐν
819 4481 934 4541 τοῖς
980 4477 1300 4540 σπονδύλοις
1338 4479 1438 4550 τῆς
1497 4482 1738 4551 ῥάχεως.

1859 4472 2029 4542 spinae
2074 4471 2522 4540 comprehensam
2571 4486 2692 4526 esse
2743 4473 3038 4526 cernimus.
3100 4473 3208 4528 Has
3255 4483 3433 4529 autem

169 4575 395 4642 ἀνάγκη
461 4572 557 4626 καὶ
608 4571 736 4634 τοὺς
781 4568 1114 4632 σπονδύλους
1168 4567 1446 4632 τοιούτους
1494 4569 1603 4624 ἀπὸ
1653 4569 1738 4639 τῆς

1856 4563 2159 4625 vertebras,
2194 4563 2270 4616 uti
2303 4570 2354 4615 et
2389 4561 2683 4615 medullam
2719 4561 2891 4630 ipsam
2916 4571 3124 4619 natura:
3150 4579 3436 4633 pret-reare

171 4664 391 4736 φύσεως
436 4662 808 4734 γεγενῆσθαι,
840 4654 953 4723 οἷος
1008 4660 1103 4713 καὶ
1145 4661 1174 4712 6
1229 4659 1428 4730 μυελός
1455 4677 1470 4690 ·
1516 4662 1611 4713 καὶ
1667 4661 1738 4714 διε

1860 4654 2232 4709 necessarium
2278 4653 2507 4720 exstitit,
2534 4663 2589 4708 et
2631 4655 2730 4708 hac
2777 4653 2845 4708 de
2909 4669 3073 4708 causa
3129 4657 3437 4709 communi-

171 4757 332 4811 τοῦτο
381 4756 474 4809 καὶ
505 4755 796 4817 κοινωνίας
830 4753 1088 4823 μετέχειν
1135 4752 1298 4805 αὑτὸν
1333 4753 1577 4824 φυσικῆς
1609 4753 1738 4823 μετᾶ

1859 4747 2130 4802 rationem
2182 4746 2476 4817 quamdam
2529 4763 2651 4802 cum
2703 4747 2923 4802 ossibus
2956 4748 3260 4802 naturalem
3292 4749 3437 4802 obti-

172 4849 283 4902 τῶν
310 4848 490 4902 ὀστῶν
511 4865 526 4879 ο
561 4849 702 4920 πρὸς
734 4847 842 4919 γὰρ
873 4846 974 4918 τὴν
1005 4844 1102 4898 τοῦ
1135 4844 1533 4916 περιεχομένου
1572 4845 1759 4916 φύσιν,

173 4942 267 4997 καὶ
297 4941 364 5018 τό
389 4941 648 5013 περιέχον
682 4939 815 4998 αὐτὸ
845 4937 893 4970 ⁸³
930 4939 1370 5010 δημιουργεῖται.

243 5122 358 5177 Καὶ
394 5123 498 5193 ὅρα
530 5121 648 5183 πῶς
693 5119 908 5173 ἅπαντα
937 5117 1005 5170 τά
1037 5115 1132 5169 τοῦ
1164 5115 1421 5185 σώματος
1444 5114 1580 5168 ὀστᾶ
1615 5114 1754 5184 πρὸς

174 5211 366 5267 τοῦτον
410 5211 524 5281 ἔχει
569 5209 670 5280 τὴν
714 5208 1051 5278 οἰκειότητα.
1104 5204 1226 5257 Τῶν
1283 5203 1395 5275 γὰρ
1437 5201 1750 5256 σπονδύλων

173 5305 431 5358 ἁπάντων
460 5304 493 5375 ἡ
525 5301 741 5364 σύνοδος
790 5300 888 5370 τὴν
912 5297 1086 5370 ἀρχὴν
1106 5297 1171 5350 ἐκ
1200 5296 1295 5365 τῆς
1316 5295 1530 5367 ῥάχεως
1562 5294 1752 5364 ἐποιήρ

1861 4849 1989 4904 net;
2028 4855 2152 4893 nam
2193 4839 2260 4893 ad
2297 4848 2550 4894 naturam
2584 4840 2730 4894 illius
2756 4841 2900 4910 quod
2931 4843 3438 4912 comprehenditur,

1864 4938 1920 4985 et
1957 4930 2090 4984 illud
2122 4931 2268 5001 quod
2319 4932 2734 5003 comprehendit
2762 4943 3109 5003 procreatum
3155 4949 3278 4991 esse
3318 4951 3440 4991 cer-

1868 5029 1984 5074 tum
2024 5029 2130 5075 est.

1935 5112 2049 5184 Age
2074 5113 2186 5183 jam
2218 5128 2329 5184 quo
2356 5125 2515 5184 pacto
2545 5116 2820 5186 proprium
2847 5117 3118 5186 quoddam
3145 5119 3443 5188 peculiare-

1864 5219 1974 5274 que
2005 5206 2172 5260 totius
2199 5206 2443 5274 corporis
2471 5221 2596 5262 ossa
2622 5208 2688 5261 ad
2718 5207 2868 5262 dorsi
2899 5209 3150 5264 vertebra
3173 5211 3440 5274 obtinent,

1860 5295 2238 5366 inspiciamus.
2273 5294 2547 5352 Vertebrae
2569 5298 2714 5352 enim
2755 5313 2948 5355 omnes
2973 5299 3300 5357 cohaerentia
3333 5305 3444 5358 ori-

247 5417 296 5452 "
325 5417 584 5479 πλείστας
608 5418 636 5469 6
668 5417 790 5488 ἐγκ.
823 5414 937 5484 ἔχει
977 5414 1064 5466 ἵνα
1097 5414 1183 5488 P._
1237 5414 1281 5488 ’ξ
1313 5410 1710 5488 πεγόμεναᾳΒλ
1730 5409 2130 5488 συστελλόμενα
2152 5410 2192 5466 C
2225 5409 2285 5488 P_.
2364 5412 2408 5488 ξ’
2429 5413 2646 5488 γίνηται
2689 5415 2750 5488 Β,
2775 5415 3017 5488 γίνονται
3042 5417 3104 5472 C.
3152 5487 3155 5488 ν
3184 5418 3226 5450 ³¹
3253 5417 3444 5488 ὥσπερ

177 5489 274 5542 ἐπὶ
335 5489 434 5569 τῆς
471 5504 526 5556 γ.
561 5488 626 5539 ἐκ
664 5487 772 5538 τῶν
797 5500 1103 5606 neptvnus.

177 5559 239 5606 οὐ
274 5557 458 5606 καλῶς
492 5559 555 5606 Ρ.
609 5557 652 5588 ³⁸
691 5554 978 5606 πεπεμένα
1086 5593 1100 5606 .

175 5559 239 5611 ού
274 5554 458 5624 καλῶς
487 5554 555 5610 Ῥ.
609 5557 652 5588 ³⁸
691 5554 978 5624 πεπεμένα
1039 5554 1100 5606 Β.

181 5697 242 5752 Β.
318 5697 365 5729 ³⁸
401 5689 526 5763 ἡνία
552 5695 612 5751 Β.
686 5689 1156 5763 ⁸⁹’περιάγει-Βᾷ(3
1192 5691 1252 5746 Ρ.
1328 5692 1373 5725 ⁸⁸
1401 5690 1478 5762 τῷ
1514 5689 1743 5763 πρώτως
1771 5707 1880 5744 κιν.
1912 5689 1951 5742 Β
1973 5691 2014 5742 Ρ

1132 5483 1233 5552 τὴν
1257 5481 1536 5551 ἐνεργείαν
1574 5480 1746 5549 αύτῆς
1787 5480 2144 5550 γνωρίζωμεν
2167 5497 2182 5513 ⁸
2226 5483 2276 5534 εἰ
2317 5480 2592 5553 γὰρπεπ.
2628 5480 2862 5543 ἐστὶ..⁷...
2897 5486 3041 5557 ἔχειν
3066 5487 3196 5541 είδέ
3228 5480 3443 5542 ἄπεπτα

1165 5554 1209 5584 u
1241 5551 1444 5584 unm...-
1507 5551 1625 5584 ἐπεὶ
1664 5553 1772 5584 νμὶιη
1825 5550 1884 5584 ολ
1906 5552 2087 5584 eli-7n”:
2117 5549 2286 5584 λιιι-λι)
2358 5553 2404 5584 ιι
2436 5554 2604 5584 ρυλε-..
2634 5555 2833 5584 tunsa...
2874 5555 2909 5584 ι)
3001 5558 3046 5584 an
3068 5557 3273 5584 --.'.-.....
3306 5556 3343 5584 ιι
3380 5558 3418 5584 n

1189 5549 1209 5584 ³
1240 5549 1444 5623 Κύριος
1506 5551 1630 5631 ἐπεὶ
1664 5553 1772 5631 γᾲρ
1825 5550 1884 5602 τὸ
1906 5549 2092 5631 τρῆμα
2117 5550 2226 5631 άπὸ
2246 5549 2404 5631 Ρ.
2436 5554 2604 5631 πόρον
2633 5555 2849 5631 ἐκλήθη
3001 5558 3046 5590 ³⁸
3068 5557 3273 5631 τούτων
3379 5558 3438 5612 I‘.

181 5629 227 5659 ³⁸
261 5621 374 5680 οἷον
442 5619 546 5680 γετὰ
569 5624 663 5678 τοῦ
689 5619 995 5692 ἐγκεφάλου
1036 5619 1354 5676 ποιοῦνταιῖ
1379 5619 1640 5690 τοιαύτην
1663 5619 1769 5688 γὰρ
1796 5619 1987 5690 χρείαν
1999 5619 2091 5690 ⁷τῷ
2137 5622 2427 5694 ἐγκεφάλῳ
2457 5619 2789 5697 παρέχουσιν
2814 5619 2855 5678 Β
2874 5625 2915 5681 C
2945 5628 3006 5679 P.
3083 5628 3126 5659 ³⁷
3152 5628 3442 5698 ὴρτιμένος

181 5697 242 5752 Β.
318 5697 365 5729 ³⁸
401 5645 526 5840 ﬁlia
552 5695 612 5751 Β.
686 5695 729 5727 ⁸³
756 5694 1010 5816 πεὲιάγει
1039 5693 1077 5744 Β
1192 5691 1252 5746 Ρ.
1328 5692 1373 5725 ⁸⁸
1401 5690 1478 5762 τῷ
1514 5689 1743 5763 πρώτως
1771 5707 1880 5744 κιν.
1912 5689 1951 5742 Β
1973 5691 2049 5757 Ρ,
2077 5691 2154 5764 τῷ
2177 5691 2402 5762 πρῶτος
2425 5711 2531 5748 κιν.
2573 5696 2633 5752 C.
2728 5696 2772 5728 "
2799 5695 2860 5750 τὸ
2894 5713 2985 5767 σχ.
3019 5696 3060 5749 Β
3083 5696 3147 5752 ο,
3236 5696 3281 5730 ιι
3311 5697 3442 5766 γοῦν

181 5767 243 5835 Β,
269 5767 421 5822 ἐπειδ
481 5769 546 5821 L.
646 5765 692 5798 “
718 5781 819 5817 αυτ
880 5779 988 5817 οιιι.
1023 5761 1062 5813 Β
1088 5761 1147 5814 1.

177 5767 243 5835 Β,
269 5761 458 5835 ἐπειδὴ
481 5768 546 5821 C.
646 5765 692 5798 “
718 5761 851 5817 αύτό
880 5779 988 5817 οιιι.
1023 5761 1062 5813 Β
1088 5761 1147 5814 1³.

499 5861 778 5921 ΡΑτιιοι..
825 5856 947 5918 Gn.
989 5855 1211 5915 LXIV.

2033 5728 2049 5757 ,
2077 5695 2154 5764 τῷ
2177 5695 2402 5762 πρῶτος
2425 5695 2548 5748 xw.
2573 5695 2636 5752 C.
2728 5696 2772 5728 "
2799 5695 2860 5750 τὸ
2894 5713 2985 5767 σχ.
3019 5696 3060 5749 Β
3083 5696 3147 5752 C.
3177 5695 3201 5698 7'
3236 5695 3442 5766 Μγοῦν

3049 5856 3126 5915 39
