3856 6390
475 360 614 416 1159

1779 350 2062 406 MELETII
2110 350 2414 407 MONACIII

3597 347 3726 403 11υο

473 485 650 556 ginem
677 495 706 534 a
732 478 884 551 Spina
915 474 1138 531 trahunt
1160 491 1174 527 :
1200 488 1364 545 quam
1390 473 1579 528 eadem
1607 473 1957 542 proportione
1983 471 2050 525 ad

2162 487 2326 524 σατο·
2360 471 2482 541 ἥτις
2535 469 2637 539 τὴν
2686 467 2859 537 αὐτὴν
2889 466 3184 535 ἀναλογίαν
3213 464 3291 534 τῷ
3328 464 3586 534 ἡμετέρῳ
3632 465 3726 515 σώ-

472 589 650 634 totum
682 588 882 642 corpus
916 580 1165 626 nostrum
1203 569 1553 639 respondere,
1584 584 1690 638 qua
1725 571 1879 622 navis
1910 567 2050 622 cari-

475 684 601 723 nam
637 667 702 720 ad
728 667 980 718 universa
1011 677 1132 732 qua:
1158 661 1260 731 ipsi
1287 659 1451 714 afﬁxa
1479 669 1608 713 sunt
1634 659 1798 728 ligna,
1819 672 2049 711 censen—

473 759 600 813 dum
644 763 748 810 est.
801 755 866 807 Et
930 751 1391 823 quemadmodum
1447 752 1769 805 neceSsitate
1819 749 2050 819 quadam

474 848 618 920 ligna
647 846 712 900 ad
739 845 1008 910 carinam,
1029 843 1143 897 sive
1181 857 1374 911 magna
1401 841 1512 903 illa,
1545 857 1638 895 seu
1675 856 1837 910 parva
1869 839 2048 900 fuerit,

467 941 618 1008 justa
661 937 1015 1008 proportione
1061 932 1392 996 referuntur,
1440 931 1547 1002 56
1588 931 1658 984 ita
1692 940 1745 984 et
1781 931 1847 983 de
1897 929 2051 998 spina

472 1032 656 1086 dicere
683 1043 1012 1100 possumus;
1038 1040 1159 1080 nam
1191 1025 1404 1094 qualem
1441 1025 1528 1076 illa
1560 1024 1624 1076 ad
1660 1031 1864 1086 costas,
1894 1022 2051 1075 talem

473 1123 640 1178 etiam
674 1129 730 1175 et
760 1127 927 1174 costae
962 1117 1027 1171 ad
1057 1117 1401 1184 scapularum
1431 1128 1555 1168 ossa
1593 1121 1836 1167 tenorem
1869 1126 2052 1166 serva-

475 1214 644 1278 bunt;
675 1221 813 1275 tum,
862 1212 926 1264 ad
951 1207 1223 1278 scapulas,
1266 1205 1581 1268 brachium,
1619 1205 1777 1266 ulnae,
1825 1212 1879 1257 et
1912 1201 2055 1255 radi-

475 1306 591 1362 cale
613 1321 698 1366 os,
719 1317 951 1372 ossaque
973 1302 1024 1354 in
1049 1315 1168 1370 quae
1194 1313 1390 1351 manus
1414 1305 1652 1350 extrema
1677 1295 1902 1357 desinit;
1928 1308 2054 1362 pra:-

478 1409 622 1454 terea
661 1399 879 1451 iliorum
917 1409 1073 1456 ossa,
1108 1393 1276 1462 spina:
1313 1391 1413 1460 ipsi
1449 1388 1659 1442 inferne
1689 1385 2050 1455 applicantur.

473 1490 587 1546 Illis
621 1504 746 1543 vero
766 1488 978 1542 femora
1022 1483 1472 1543 dearticulantur,
1519 1488 1572 1534 et
1599 1479 1774 1542 tibim,
1807 1486 1860 1531 et
1901 1492 2050 1540 sura,

473 1592 530 1636 et
553 1580 704 1650 pedis
727 1579 900 1648 ipsius
934 1589 1082 1630 ossa.
1113 1573 1392 1642 Siquidem
1420 1569 1648 1639 pedibus
1690 1567 1821 1637 ipsis
1857 1580 2052 1619 nervo-

475 1688 596 1727 rum
651 1670 1137 1733 muscnlorumquc
1189 1662 1516 1725 ministerio,
1546 1660 1639 1729 qui
1696 1658 1932 1711 maxima
1961 1653 2054 1708 Dei

473 1760 813 1833 providentia
869 1767 1032 1826 atque
1082 1753 1310 1808 consilio
1359 1768 1390 1805 a
1441 1751 1666 1804 cerebro
1703 1757 1908 1801 motum
1963 1761 2055 1800 ca-

468 1856 652 1927 piunt,
685 1850 940 1906 movendi
992 1846 1222 1902 facultas
1268 1841 1737 1899 subministratur.

547 2040 680 2095 Nam
717 2036 974 2099 musculi,
1004 2048 1144 2104 quos
1184 2031 1357 2087 Graeci
1393 2029 1535 2101 μύας
1589 2043 1619 2081 a
1683 2028 1848 2082 verbo
1901 2025 2056 2096 μύειν

479 2135 687 2196 dicunt,
706 2131 850 2202 quod
873 2131 1122 2183 claudere
1145 2123 1605 2196 interpretareris,
1624 2123 1694 2178 ob
1712 2122 1762 2174 id
1790 2121 1859 2174 ita
1880 2120 2058 2188 appel-

481 2226 685 2288 lantur,
704 2221 833 2292 quia
856 2219 1077 2290 propria
1103 2217 1186 2272 sui
1214 2213 1399 2268 munia
1425 2210 1772 2280 exsequendo
1796 2207 2057 2261 claudun-

479 2327 566 2369 tur
605 2332 617 2366 :
649 2314 704 2366 hi
754 2325 989 2380 namque
1041 2323 1148 2378 pra:
1199 2305 1282 2361 sui
1325 2304 1730 2366 contractione,
1768 2311 1822 2356 et
1851 2301 1916 2354 ad
1953 2299 2054 2354 sibi

481 2405 799 2476 pratscripta
849 2399 1115 2471 principia
1165 2396 1501 2458 extensione,
1556 2393 1805 2463 partibus
1836 2406 1956 2460 qua:
1989 2390 2057 2443 ab

479 2496 611 2568 ipsis
641 2500 928 2548 moventur
961 2499 1165 2543 motum
1198 2486 1464 2540 tribuunt.
1493 2483 1632 2536 Sunt
1655 2481 1748 2551 qui
1781 2495 1875 2536 eos
1901 2481 1970 2533 ob
2003 2479 2055 2532 id

480 2586 762 2643 musculos
801 2583 1072 2645 dictitant,
1119 2578 1264 2647 quod
1300 2581 1352 2632 in
1385 2576 1527 2631 exile
1549 2574 1824 2636 desinunt,
1849 2581 1962 2626 tum
1988 2569 2056 2625 ad

477 2677 732 2735 animalis
760 2689 959 2730 nervos
989 2668 1345 2728 similitudine
1379 2665 1704 2735 respondere
1737 2663 2053 2718 creduntur.

480 2772 584 2829 Sed
608 2784 806 2827 etcum
835 2765 1014 2822 nervis
1031 2763 1160 2833 ipsis
1182 2758 1531 2832 proportione
1547 2754 1897 2811 conveniunt.
1921 2752 2054 2806 Nam

477 2861 937 2937 quemadmodum
985 2857 1174 2918 nervi,
1219 2853 1311 2923 qui
1352 2851 1419 2905 ab
1461 2849 1568 2904 illis
1603 2846 1771 2920 νεῦρα
1807 2845 1958 2917 παρὰ
1997 2845 2057 2897 τὸ

477 2966 652 3022 νεύειν
671 2964 806 3036 πρὸς
825 2959 1012 3018 ἑαυτὰ,
1037 2957 1181 3028 quod
1205 2955 1258 3008 in
1277 2969 1334 3008 se
1351 2955 1466 3022 ipsa
1483 2952 1715 3006 inﬂuant
1736 2965 1930 3004 nomen
1950 2964 2058 3003 sor-

480 3059 566 3113 titi
598 3063 749 3113 sunt.
776 3053 856 3108 sic
879 3062 933 3106 et
959 3049 1059 3118 ipsi
1083 3047 1270 3101 eadem
1292 3060 1409 3113 quae
1431 3051 1484 3096 et
1511 3041 1741 3096 musculi
1769 3049 1954 3110 agunt,
1972 3039 2056 3093 vel

2158 583 2288 636 ματι
2324 563 2610 634 φυλάττει,
2643 561 2834 614 ὁποίαν
2866 563 2961 612 καὶ
2994 561 3026 629 ἡ
3068 559 3264 629 τρόπις
3297 561 3396 628 τῆς
3423 559 3555 626 νηὸς
3594 556 3718 626 πρὺς

2153 658 2221 710 τὰ
2249 659 2328 718 εἰς
2381 656 2551 725 αὐτὴν
2587 653 2968 725 ἐμϐαλλόμενοι
2995 651 3153 715 ξύλα.
3189 650 3402 713 Ὠσπερ
3455 649 3568 717 γάρ
3605 648 3724 717 πρὸς

2155 749 2368 817 ἐκείνην
2405 745 2620 813 ἀνάγκη
2678 744 2854 796 πάντα
2887 745 2951 793 τά
2991 739 3122 805 ξύλα
3174 734 3320 791 εἶναι
3346 779 3360 801 ,
3398 740 3500 790 καὶ
3546 738 3594 788 εί
3638 737 3727 806 μὲν

2155 842 2187 912 ἡ
2219 839 2411 910 τρόπις
2449 835 2663 908 μεγάλη
2699 835 2806 904 εἴη,
2869 833 3081 901 μεγάλα
3131 831 3223 882 καὶ
3271 830 3341 880 τὰ
3376 827 3548 890 ξύλασ
3581 828 3631 877 εἰ
3675 826 3726 877 δὲ

2157 931 2330 1002 μικρά
2354 971 2368 993 ,
2397 929 2599 999 ὁμοίως
2633 927 2728 979 καὶ
2771 925 2836 978 τὰ
2869 924 3002 989 ξύλα
3028 939 3042 953 ·
3088 920 3262 983 οὕτως
3314 923 3429 988 ἔχει
3467 923 3566 971 καὶ
3596 918 3728 970 κατὰ

2153 1023 2253 1092 τὴν
2283 1025 2441 1092 ῥάχιν
2467 1035 2483 1052 ·
2519 1019 2615 1071 καὶ
2641 1017 2688 1049 ⁸⁵
2712 1017 2788 1079 ὡς
2819 1016 2885 1070 ἂν
2915 1014 3016 1085 ἔχῃ
3045 1014 3206 1083 αὑτὴ,
3249 1012 3344 1063 καὶ
3377 1011 3434 1063 αἱ
3473 1011 3616 1080 πρὸς
3635 1010 3726 1061 αὺ-

2154 1115 2256 1186 τὴν
2286 1112 2698 1184 διηρθρωμέναι
2750 1109 2981 1180 πλευραὶ
3021 1106 3204 1171 ἕξουσι
3231 1144 3246 1168 ,
3283 1103 3379 1156 καὶ
3418 1103 3477 1154 αἱ
3517 1103 3564 1132 ⁸³
3589 1101 3728 1166 ὡμο-

2155 1207 2379 1268 πλάται,
2430 1204 2569 1274 πρὶς
2599 1203 2657 1254 δὲ
2683 1201 2782 1265 τὰς
2813 1200 2858 1231 ⁸⁸
2887 1199 3218 1268 ὠμοπλάτας
3254 1193 3502 1264 βραχίων
3529 1210 3592 1244 τε
3645 1193 3726 1243 καὶ

2157 1297 2359 1367 πῆχυς,
2403 1295 2497 1347 καὶ
2525 1293 2738 1364 κερκὶς,
2779 1292 2873 1344 καὶ
2901 1289 2969 1343 τά
2999 1289 3098 1357 τῆς
3123 1287 3294 1357 ἄκρας
3323 1284 3511 1354 χειρὸς
3535 1285 3724 1336 ὀστὲαο

2156 1390 2249 1443 καὶ
2279 1388 2444 1443 πάλιν
2477 1385 2613 1455 πρὸς
2642 1383 2742 1455 τὴν
2768 1385 2927 1454 ῥάχιν
2952 1382 3069 1434 ἐστὶ
3097 1381 3165 1432 τὰ
3194 1380 3294 1448 τῆς
3323 1378 3559 1444 λαγόνος
3585 1379 3727 1435 ὀστᾶ,

2156 1482 2296 1553 πρὸς
2334 1480 2368 1534 ἃ
2397 1459 2734 1550 διήρθρωταί
2769 1476 2798 1527 ὁ
2849 1474 3025 1544 μηρός
3049 1489 3062 1503 °
3115 1473 3210 1524 καὶ
3248 1471 3386 1539 πρὸς
3439 1471 3654 1522 ἐκεῖνον
3697 1472 3728 1537 ἡ

2155 1575 2338 1644 κνήμη
2372 1589 2432 1623 τε
2468 1571 2562 1623 καὶ
2599 1569 2632 1638 ἡ
2668 1567 2872 1638 περόνη
2895 1605 2909 1628 ,
2943 1563 3200 1633 καὶπρὸς
3233 1560 3436 1621 ταύτας
3468 1560 3513 1590 δ’
3551 1560 3622 1610 τὰ
3646 1559 3729 1610 τοῦ

2156 1665 2314 1728 ποδὸς
2345 1663 2528 1715 ὀστέα.
2576 1657 2857 1714 Ἐντεῦθεν
2890 1657 3074 1717 αὐτοῖς
3107 1654 3200 1707 καὶ
3221 1655 3254 1723 ὴ
3286 1642 3510 1722 κίνησις
3538 1651 3731 1703 δίδοται

2156 1759 2245 1812 διά
2285 1758 2494 1828 νεύρων
2521 1754 2616 1807 καὶ
2645 1751 2798 1823 μυῶν
2825 1750 2884 1814 ἐξ
2915 1749 3216 1818 ἐγκεφάλου
3247 1763 3261 1775 ·
3294 1747 3388 1798 καὶ
3415 1745 3632 1796 τούτων
3654 1763 3733 1797 κι-

2087 1821 2128 1875 B
2157 1821 2437 1921 νουμὲνων
2467 1847 2609 1901 κατά
2630 1821 2729 1915 τὴν
2759 1842 3004 1913 μεγάλην
3035 1839 3230 1910 βουλὴν
3259 1835 3354 1888 τοῦ
3378 1835 3522 1888 Θεοῦ
3558 1837 3606 1868 ⁸⁸
3645 1839 3734 1891 καὶ

2157 1944 2438 2016 πρόνοιαν.

2230 2035 2390 2099 Μῦες
2417 2031 2474 2086 δὲ
2505 2031 2759 2099 λέγονται
2794 2030 2946 2098 παρά
2973 2026 3034 2078 τὸ
3060 2025 3216 2095 μύειν
3253 2029 3306 2078 ὲν
3332 2028 3460 2087 ταῖς
3493 2021 3735 2082 οἰκείαις

2158 2127 2465 2197 ἐνεργείαις
2494 2138 2508 2153 °
2545 2123 2963 2190 συστελλόμενοι
2994 2118 3122 2189 γὰρ,
3160 2117 3254 2170 καὶ
3279 2117 3372 2169 ἐπὶ
3401 2116 3507 2186 τὴν
3529 2115 3736 2167 οἰκείαν

2159 2222 2336 2292 ἀρχὴν
2367 2217 2766 2288 ἀνατρέχοντες
2793 2253 2807 2276 ,
2845 2213 2934 2265 διὰ
2980 2213 3080 2281 τῆς
3111 2210 3377 2280 συστολῆς
3419 2207 3644 2261 κινοῦσι
3673 2207 3734 2258 τὰ

2160 2314 2252 2367 ὑπ’
2284 2311 2463 2365 αὐτῶν
2494 2307 2792 2378 κινούμενα
2829 2304 3014 2374 μόρια.
3050 2302 3205 2364 Τινὲς
3241 2301 3297 2354 δὲ
3327 2301 3591 2368 λέγουσιν
3612 2339 3627 2360 ,
3660 2299 3733 2350 ὅτι

2163 2404 2433 2478 μυοειδείς
2465 2405 2571 2454 εἰσι
2591 2441 2606 2464 ,
2643 2399 2739 2452 καὶ
2773 2399 2851 2460 είς
2878 2395 3052 2448 λεπτά
3079 2393 3123 2424 ⁸⁵
3154 2389 3634 2445 ἀποτελευτῶσιν·
3665 2389 3735 2449 ὡς

2161 2493 2463 2567 ἐμφερείαν
2500 2491 2645 2562 ἔχειν
2691 2489 2828 2561 πρὸς
2857 2485 2956 2557 τὴν
2986 2483 3154 2555 οὐρὰν
3201 2483 3297 2535 τοῦ
3349 2480 3494 2545 ζώου
3529 2481 3580 2512 ⁵⁸
3615 2481 3736 2540 τοπ

2162 2587 2307 2657 μῦας
2332 2586 2397 2638 ⁸¹.
2419 2585 2526 2637 Καὶ
2551 2581 2659 2652 γὰρ
2683 2580 2752 2632 τὰ
2778 2577 2961 2645 νεῦρα
2977 2578 3074 2646 ττην
3105 2573 3402 2644 ὀνομασίαν
3434 2572 3566 2642 ἔσχε
3592 2572 3737 2640 παρὰ

2158 2680 2252 2733 τοῦ
2285 2677 2466 2731 νεύειν
2511 2674 2651 2744 πρὸς
2699 2670 2905 2726 ἑαυτάο
2954 2669 3047 2721 τὸν
3080 2667 3242 2720 αὐτὸν
3285 2665 3341 2718 δὲ
3385 2666 3600 2735 τρόπον
3647 2666 3734 2715 καὶ

2159 2769 2300 2825 αὐτὰ
2333 2771 2445 2830 τοῖς
2493 2765 2654 2836 μυσὶν
2707 2763 2960 2832 ἐνεργεῖ·
3003 2759 3202 2828 μᾶλλον
3253 2757 3310 2810 δὲ
3360 2758 3410 2809 oi
3458 2756 3600 2826 μῦες
3632 2755 3732 2806 τῶν

2158 2864 2365 2934 νεύρων
2388 2877 2401 2890 °
2458 2858 2609 2926 παρὰ
2655 2852 2749 2910 οὖν
2779 2854 2840 2908 τὸ
2889 2851 3066 2906 νεύειν
3096 2849 3310 2920 νεῦρον,
3351 2850 3446 2902 καὶ
3482 2850 3642 2917 παρὰ
3677 2847 3731 2898 τὸ

2163 2955 2319 3027 μύειν
2355 2951 2510 3024 μύες.
2560 2950 2673 3002 Ούκ
2719 2948 2834 3000 ἔστι
2882 2946 2939 2999 δὲ
2978 2943 3124 3012 ἀττλῆ
3158 2945 3191 3013 ἠ
3224 2943 3334 2994 τῶν
3369 2942 3528 3011 μυῶν
3556 2943 3728 3001 οὐσία,

2158 3047 2295 3102 ἀλλὰ
2341 3044 2598 3105 σύνθετος
2638 3041 2701 3094 ἐκ
2751 3057 2810 3092 τε
2849 3038 2975 3091 ίνῶν
3012 3036 3106 3089 καὶ
3152 3031 3471 3103 σαρκὼδους
3523 3033 3729 3092 οὐσίας.

480 3144 716 3202 musculi
752 3141 936 3212 potius
966 3139 1108 3192 idem
1135 3135 1278 3205 quod
1301 3143 1355 3188 et
1384 3132 1554 3188 nervi.
1590 3130 1662 3186 Ut
1682 3131 1825 3185 enim
1857 3144 2051 3185 nervus

2159 3141 2278 3194 Τῶν
2309 3138 2366 3190 δὲ
2409 3136 2553 3201 ίνῶν,
2603 3137 2660 3187 αἱ
2713 3132 2810 3204 μὲν
2839 3130 2947 3185 ἀπὸ
2980 3144 3088 3182 των
3128 3127 3338 3197 νεύρων
3373 3125 3519 3177 εἰσὶν
3541 3164 3558 3186 ,
3595 3126 3650 3177 αἱ
3681 3125 3732 3176 δὲ

477 3236 626 3308 quod
655 3236 865 3296 innuat,
893 3229 1227 3292 utdiximus,
1257 3233 1624 3293 nuncupatur,
1651 3223 1722 3275 ita
1742 3234 1791 3276 et
1815 3221 2053 3275 musculi

475 3328 624 3400 quod
653 3327 1004 3390 clauduntur,
1035 3320 1288 3392 appellati
1317 3323 1463 3373 sunt.
1505 3313 1622 3369 Non
1654 3315 1798 3369 enim
1833 3329 2056 3369 muscu-

474 3423 652 3476 lorum
678 3417 982 3474 substantia
1002 3415 1253 3483 simplex,
1273 3413 1367 3467 sed
1385 3409 1685 3478 composita
1705 3417 1816 3471 est;
1842 3422 1966 3460 nam
1990 3421 2057 3460 ex

473 3513 737 3566 librarum
776 3520 1117 3575 carnosaque
1145 3501 1450 3557 substantia
1473 3500 1804 3568 compOsitos
1822 3507 2055 3553 constat.

474 3606 548 3661 At
580 3605 750 3670 ﬁbrae,
774 3601 1020 3674 quasdam
1047 3615 1078 3654 a
1106 3598 1307 3660 nervis,
1344 3595 1617 3650 nonnullae
1646 3608 1777 3648 vero
1810 3608 1839 3646 a
1877 3593 2055 3656 nodis,

473 3699 595 3754 sive
629 3712 658 3750 a
689 3694 995 3766 ligamentis
1028 3695 1183 3754 liunt,
1215 3689 1414 3759 quibus
1447 3696 1639 3740 natura
1675 3685 1789 3755 ipsa
1819 3703 1884 3740 ne
1909 3688 2058 3741 dam.

2155 3233 2264 3287 ἀπὸ
2289 3229 2398 3284 τῶν
2428 3227 2768 3294 συνδέσμων.
2797 3217 2877 3286 οἷς
2907 3223 3172 3289 ὲνύφανεν
3202 3221 3235 3288 ὴ
3263 3220 3429 3287 φύσις
3465 3217 3569 3285 τὴν
3607 3232 3730 3284 σαρ-
3795 3252 3797 3254 ς

2155 3323 2303 3392 κὼδη
2349 3320 2575 3374 οὐσίανο
2624 3318 2718 3372 καὶ
2760 3315 2851 3370 διὰ
2895 3315 2955 3366 τὸ
2988 3313 3063 3384 μὴ
3095 3311 3430 3382 βλάπτεσθαι
3493 3308 3731 3380 ῥᾳδίως,

2154 3416 2271 3470 ἀλλ’
2309 3415 2383 3476 ὡς
2419 3413 2514 3465 ἐπὶ
2553 3410 2771 3479 στοιὸἧς
2816 3405 3196 3461 ἀναπαύεσθαι
3222 3420 3236 3434 ο
3271 3404 3367 3456 καὶ
3396 3401 3490 3453 ἵνα
3517 3403 3578 3453 ὲν
3619 3401 3733 3459 ταῖς

2153 3509 2412 3578 ἀμέτροις
2463 3505 2744 3573 κινήσεσιν
2777 3499 3194 3570 αὐχμηρότεραι
3247 3495 3547 3563 γενόμεναι
3605 3492 3734 3546 καθ-

2151 3597 2608 3670 υγραίνωνταιδί,
2636 3593 2731 3647 καὶ
2755 3593 2853 3663 τὴν
2883 3595 2945 3645 ἐκ
2978 3590 3086 3643 τῶν
3136 3586 3433 3660 σαρκωδῶν
3468 3586 3735 3655 δέχωνται

2162 3691 2538 3763 παραμυθίαν.

479 3795 565 3850 nis
599 3793 817 3849 facilius
850 3790 1100 3845 obnoxia;
1128 3787 1442 3849 reddantur.
1509 3783 1603 3839 sed
1641 3799 1737 3838 ceu
1795 3784 1846 3838 in
1900 3787 2086 3842 stratis
2121 3789 2485 3858 quiescerent,
2560 3797 2844 3839 carnosam
2893 3780 3250 3837 substantiam
3293 3777 3605 3839 contexuit,
3634 3758 3750 3846 quo

474 3902 588 3955 prae
614 3885 884 3939 immenso
906 3889 1054 3936 motu
1073 3879 1139 3933 ad
1164 3877 1469 3932 siccitatem
1502 3876 1757 3942 redactae,
1785 3891 1850 3930 ex
1869 3878 2052 3934 carnis
2089 3880 2321 3935 humore
2351 3878 2628 3948 suppetias
2650 3875 2839 3930 adesse
2873 3873 3158 3928 sentirent.

552 3977 693 4033 Sunt
735 3975 828 4045 qui
854 3981 1098 4044 quaerant
1130 3983 1366 4040 quanam
1395 3969 1462 4024 de
1495 3984 1661 4024 causa
1693 3978 1855 4040 caput
1878 3972 2054 4026 homi-

478 4073 565 4127 nis
586 4069 728 4141 globi
751 4068 946 4138 figura,
967 4080 1073 4119 non
1100 4071 1278 4117 autem
1298 4061 1638 4132 triangulari,
1655 4061 1738 4115 vel
1762 4062 2049 4130 quadrata,

477 4173 574 4218 aut
607 4159 939 4224 acuminata,
972 4155 1054 4210 vel
1090 4155 1142 4208 in
1175 4152 1295 4208 coni
1328 4153 1546 4208 modum
1572 4161 1822 4216 proleusa
1849 4153 1940 4206 sit.
1972 4151 2050 4205 Ad

476 4269 599 4325 quae
639 4252 816 4307 tribus
864 4247 1168 4303 rationibus
1202 4245 1598 4316 reSpondemus
1635 4260 1647 4295 :
1681 4258 1912 4312 quarum
1946 4261 2050 4298 una

473 4356 579 4413 est,
597 4345 743 4418 quod
762 4344 882 4398 talis
897 4343 1066 4413 ﬁgura
1083 4339 1254 4407 magis
1271 4353 1433 4408 quam
1454 4337 1572 4390 aliae
1588 4336 1931 4406 passionibus
1947 4337 2047 4390 im-

476 4439 664 4510 pervia
681 4437 933 4492 babetur.
952 4432 1088 4488 Nam
1113 4430 1302 4502 quaein
1319 4429 1549 4500 angulos
1564 4428 1839 4492 desinunt,
1871 4446 1898 4480 a
1916 4429 2044 4497 qui-

476 4533 712 4589 buslibet
741 4544 862 4600 quae
889 4527 1048 4583 obvia
1075 4525 1567 4580 ferunturacumen
1589 4522 1829 4590 ipsorum
1847 4520 2044 4573 obtun-
2075 4551 2120 4604 Β

476 4623 623 4680 ditur
685 4629 740 4675 et
765 4618 923 4674 facile
945 4615 1235 4684 frangitur.
1268 4612 1451 4665 Altera
1481 4618 1567 4664 est
1589 4649 1604 4672 ,
1641 4607 1786 4677 quod
1820 4607 1923 4677 57
1950 4608 2044 4677 qui

477 4709 860 4766 mensuranda:
920 4714 1076 4760 terra
1132 4701 1418 4756 scientiam
1475 4700 1818 4769 profitentur,
1869 4699 2046 4753 circu-

477 4810 648 4865 larem
699 4808 926 4877 ﬁguram
973 4801 1233 4857 omnibus
1281 4799 1424 4864 aliis,
1470 4799 1586 4854 sive
1631 4799 1684 4852 in
1741 4809 1876 4861 tres,
1931 4798 2048 4852 sive

476 4903 737 4970 quatuér.
763 4905 864 4953 aut
882 4901 1000 4957 Sex,
1031 4892 1286 4963 pluresve
1330 4892 1581 4946 eumdem
1615 4891 1878 4946 ambitum
1917 4907 2046 4946 con-

476 4996 712 5048 tinentes
752 4989 981 5059 angulos
1029 4988 1371 5053 scindantur,
1409 4988 1749 5057 capaciorem
1801 5004 1924 5043 esse
1954 4989 2048 5041 de-

475 5089 871 5138 monstrarunt.
905 5076 1036 5133 Nam
1064 5094 1188 5132 cum
1214 5079 1308 5134 Dei
1334 5079 1668 5150 providentia
1703 5079 2042 5134 animadver-

473 5180 610 5226 teret
657 5177 819 5238 caput
862 5168 1305 5224 constituendum
1361 5169 1500 5232 fore,
1558 5170 1639 5222 uti
1700 5169 1753 5222 in
1797 5184 1855 5224 se
1893 5184 2041 5224 cere-

472 5264 654 5322 brum,
694 5269 748 5313 et
780 5260 848 5312 ab
874 5259 990 5328 ipso
1033 5261 1403 5317 membranam
1453 5276 1689 5316 crassam
1717 5260 2038 5330 exilemque,

472 5367 684 5409 necnon
741 5352 1030 5408 reticulare
1078 5363 1280 5410 textum
1313 5397 1328 5423 ,
1391 5363 1706 5425 septemque
1749 5368 2038 5408 nervorum

2228 3972 2467 4042 Ζητοῦσι
2520 3970 2575 4024 δέ
2617 3955 2761 4032 τινες
2805 3966 2948 4020 διατι
2994 3965 3055 4018 τὸ
3107 3963 3210 4032 τῆς
3240 3961 3492 4029 κεφαλῆς
3540 3960 3736 4030 σχῆμα

2160 4064 2497 4135 σφαιροειδές
2531 4064 2643 4114 ἐστι
2673 4103 2686 4126 ,
2745 4059 2840 4113 καὶ
2892 4059 2968 4127 μὴ
3016 4055 3217 4128 μᾶλλον
3277 4055 3658 4120 τετράγωνον,
3705 4055 3734 4121 ἦ

2157 4156 2448 4224 ὀξύγωνον,
2490 4153 2521 4223 ἦ
2560 4153 2824 4223 τρίγωνον
2853 4190 2866 4212 ,
2899 4151 2931 4214 ἢ
2991 4148 3293 4208 κωνοειδές.
3341 4145 3453 4198 Καὶ
3498 4144 3737 4212 λέγομεν

2159 4247 2348 4301 τούτου
2388 4248 2540 4316 τρεῖς
2584 4242 2765 4306 αἰτίας
2792 4243 2838 4273 ⁸³
2863 4258 2875 4270 '
2916 4241 3043 4310 μίαν
3093 4238 3226 4307 μὲν,
3259 4238 3340 4290 ὅτι
3381 4234 3445 4288 τὸ
3485 4234 3734 4287 τοιοῦτον

2155 4340 2343 4410 σχῆμα
2382 4333 2824 4404 δυσπαθέστερόν
2875 4334 2991 4384 ἐστι
3040 4330 3148 4382 τῶν
3189 4328 3364 4383 ἄλλων
3403 4325 3729 4396 σχημάτων.

2151 4432 2293 4483 Ὅσα
2315 4429 2424 4498 γὰρ
2451 4428 2565 4497 ἔχει
2587 4424 2811 4495 γωνίας,
2843 4423 3074 4484 ἑτοίμως
3094 4422 3206 4481 τοῖς
3237 4418 3436 4482 ἔξωθεν
3462 4416 3730 4475 ἐναντίοις

2149 4522 2450 4594 ἀπαντῶσι,
2486 4520 2579 4573 καὶ
2608 4519 3029 4586 ὲντυγχάνονται
3072 4514 3201 4583 ῥᾷον
3228 4512 3272 4544 ⁸⁵
3302 4511 3400 4564 καὶ
3431 4509 3727 4578 θραύονται

2149 4618 2238 4669 ὑπ’
2270 4614 2472 4669 αὐτῶν.
2522 4610 2785 4682 Δεύτερον
2826 4611 2870 4641 ⁵⁵
2920 4608 2978 4660 δὲ
3007 4645 3021 4668 ,
3054 4606 3136 4658 ὅτι
3184 4603 3574 4656 ἀποδέδεικται
3621 4601 3728 4659 τοῖς

2144 4703 2573 4777 γεωμέτραιςτὰ
2603 4700 2838 4754 κυκλικὰ
2869 4699 3125 4767 σχήματα
3147 4695 3258 4747 τῶν
3281 4694 3725 4766 ἱσοπεριμέτρων

2147 4798 2444 4869 σχημάτων
2477 4794 2737 4849 ἁπάντων
2763 4833 2777 4857 ,
2826 4789 3132 4859 τριγώνων,
3193 4787 3288 4838 καὶ
3334 4784 3724 4853 τετραγώνων.

2147 4890 2240 4942 καὶ
2274 4883 2605 4953 πολυγώνων
2635 4883 2704 4949 ⁵⁸,
2745 4879 3167 4949 πολυχωρότερα
3194 4877 3344 4930 ὄντα.
3396 4875 3463 4927 Ἡ
3502 4876 3726 4944 πρόνοια

2145 4976 2237 5035 οὖν
2286 4980 2460 5033 εἰδυῖα
2490 4979 2572 5031 ὅτι
2605 4978 2638 5047 ἡ
2670 4975 2882 5045 κεφαλὴ
2915 4973 3007 5027 τὸν
3049 4969 3355 5040 ἐγκέφαλον
3389 4969 3542 5037 ἔχειν
3577 4968 3725 5036 6:95-5-

2147 5074 2231 5127 λει
2263 5073 2330 5136 ⁸⁷,
2368 5072 2462 5125 καὶ
2504 5071 2748 5140 μήνιγγα
2780 5067 2896 5137 μετ’
2933 5063 3097 5118 αὐτοῦ
3125 5060 3360 5132 παχεῖάν
3395 5079 3454 5113 τε
3502 5061 3600 5114 καὶ
3643 5061 3723 5111 λε·

2149 5167 2310 5238 πτὴν,
2340 5165 2432 5218 καὶ
2457 5165 2517 5217 τὸ
2545 5162 2840 5224 δικτυῶδες
2878 5161 2924 5192 ⁵⁸
2951 5159 3188 5229 πλέγμα,
3218 5157 3308 5209 καὶ
3328 5156 3575 5218 τὰς’τῶν
3606 5153 3722 5205 νεύ-

2150 5276 2258 5327 ρων
2285 5256 2427 5310 ἐπτὰ
2467 5255 2757 5324 συζυγίας,
2791 5253 2886 5306 καὶ
2915 5251 2986 5304 τὰ
3017 5249 3126 5302 τῶν
3159 5249 3468 5317 αἰσθήσεων
3500 5237 3726 5315 οἰκητή-

2151 5369 2244 5420 pta
2267 5369 2280 5381 ·
2329 5349 2680 5420 ὀφθαλμοὺς,
2707 5341 2840 5411 ὦτα,
2875 5346 3056 5415 ῥῖνας·
3094 5343 3189 5396 καὶ
3217 5343 3284 5395 τὰ
3317 5341 3427 5392 ἔσω
3461 5339 3560 5392 τοῦ
3607 5340 3727 5392 στὸο

539 5530 586 5562 ⁸⁸
617 5529 709 5582 καὶ
748 5544 856 5583 om.
883 5529 942 5581 ιι.
1017 5531 1061 5564 ⁸⁵
1094 5532 1142 5585 οί
1179 5533 1220 5586 Β
1245 5531 1284 5588 C
1308 5533 1368 5588 P.
1447 5532 1493 5565 “
1518 5532 1644 5593 τοὺς
1681 5531 1722 5584 Β
1761 5529 1820 5583 C.
1888 5528 1932 5558 ⁸⁷
1966 5544 2051 5579 ται

2157 5543 2192 5587 ,ς
2224 5525 2264 5578 Β
2286 5523 2344 5578 Ρ.
2407 5524 2452 5594 ’δέ
2474 5541 2527 5577 τ.
2555 5525 2618 5578 Θ.
2657 5523 2852 5594 βουλὴν
2886 5524 2926 5576 Β
2953 5524 3012 5577 Ρ.
3068 5525 3112 5557 ⁸⁸
3143 5521 3309 5594 λευτὰ
3338 5521 3401 5594 β,
3429 5519 3634 5594 λεπτὸν

467 5600 514 5632 ³ο
546 5599 684 5670 πρὸς
719 5599 816 5663 τὰς
848 5601 988 5669 μύας
1008 5604 1076 5656 τὰ
1109 5603 1223 5668 ζῶα
1251 5605 1315 5669 Α,
1349 5603 1440 5670 qui
1467 5604 1589 5658 add.
1621 5591 1736 5654 ἔστι
1761 5600 1818 5652 δὲ
1849 5598 2051 5670 ἄλογον.

2166 5596 2181 5626 ⁸
2215 5606 2335 5664 post
2384 5593 2527 5670 μύας
2558 5591 2830 5670 saetae;
2864 5594 2920 5670 ξὲ
2951 5594 3144 5670 ἄλογον
3176 5591 3236 5670 B:

1359 5659 1406 5712 ⁵⁵
1445 5671 1768 5730 ἀπαντῶντα
1795 5669 1888 5722 καὶ
1921 5659 2323 5736 ἐντυγχάνοντα
2345 5659 2525 5788 ,έρᾷω
2558 5665 2598 5717 Β
2618 5705 2633 5728 ,
2675 5664 3001 5717 ἀπαντῶντα
3032 5659 3161 5734 ῥᾷον
3209 5660 3506 5731 Θραύονται
3533 5659 3600 5722 C,
3648 5659 3724 5720 ἐξα

1359 5745 1524 5788 nimam
1552 5741 1736 5788 ἀκμὴν
1769 5736 2064 5788 θοαύονται
2087 5736 2342 5788 δεύτερον
2417 5775 2431 5788 .
2509 5735 2554 5766 ⁵⁸
2585 5732 2847 5788 δεύτεοαν
2874 5733 2935 5788 Β.
3011 5735 3057 5766 ⁸⁸
3087 5731 3396 5788 πολυγόνων
3424 5729 3486 5787 Β.
3548 5731 3597 5762 ⁵⁷
3636 5729 3724 5788 ὃς·

467 5685 646 5743 νονται
809 5671 856 5703 ⁸³
886 5672 993 5726 ait.
1024 5677 1173 5743 τρεῖς
1206 5675 1264 5728 Β.

466 5739 606 5817 ωθεν
625 5739 808 5817 gillo;
848 5736 1172 5817 ἀπαντῶντα
1193 5746 1289 5817 τὴν
1317 5745 1524 5800 ἑαυτῶν
1552 5741 1736 5813 ἀκμὴν
1769 5736 2064 5810 θραύονται
2087 5736 2342 5807 δεύτερον

468 5807 550 5894 ἐχ.
623 5811 668 5846 ⁸⁸
697 5810 754 5867 Β.
784 5811 1118 5880 δυκτυοειδὲς
1145 5815 1206 5872 Β.

3340 5592 3386 5668 ."
3419 5588 3728 5672 “02:93?

2509 5735 2554 5766 ³⁸
2585 5719 2847 5805 δεύτεραν
2874 5733 2935 5789 Β.
3011 5719 3057 5766 ⁸³
3078 5719 3396 5801 ’πολυγόνων
3424 5729 3486 5787 Β.
3548 5719 3597 5762 ⁵ί
3636 5719 3725 5796 ὃς.
