3842 6382
103 541 111 555 -.
197 515 372 571 ματος
395 536 410 560 ,

199 379 334 434 “61

198 610 360 661 γουσι
381 608 398 623 ο
427 591 524 644 καὶ
552 589 769 660 πνεῦμα
791 587 1027 658 ψυχικὸν
1052 587 1312 658 ψυχικαῖς
1343 587 1648 658 ἐνεργείαις
1677 587 1777 639 ὑπ-

193 683 601 755 ηρετούμενον,
643 681 874 743 εἰκότως
897 682 964 751 τῇ
994 680 1209 750 κεφαλῇ
1245 679 1431 748 σχῆμα
1457 679 1696 732 τοιοῦτον
1730 679 1775 712 ⁸⁸

194 776 482 840 ὲπλέξατο.
521 776 586 827 Ἥ
620 774 678 827 δὲ
719 773 882 844 τρίτη
915 773 1069 826 αἰτία
1112 771 1408 834 Πλάτωνός
1442 773 1559 824 ὲστι
1607 769 1778 840 φλυα-

196 871 293 940 ρία
321 871 378 922 ὲν
397 870 464 938 τῇ
493 868 630 938 πρδς
661 865 914 935 Τίμαιον.
1113 864 1250 934 Φησὶ
1299 863 1410 934 γάρ
1443 864 1508 896 ⁶⁰ο
1554 861 1774 932 Ἐπειδὴ

197 959 429 1032 ἔμελλεν
473 959 508 1029 ἡ
544 958 715 1026 φύσις
763 955 954 1027 μόριον
1005 957 1181 1007 ποιεῖν
1223 953 1402 1023 ψυχῆς
1444 969 1506 1006 τε
1546 953 1640 1007 καὶ
1681 951 1773 1005 νοῦ

195 1053 540 1125 οἰκητήριον,
582 1051 670 1103 ἵνα
714 1049 788 1120 μὴ
824 1049 1100 1117 ξενίζηται
1129 1045 1396 1099 κατιοῦσα
1429 1043 1538 1098 ἀπὸ
1577 1043 1776 1096 κυκλο-

193 1147 394 1218 τεροῦς
429 1145 522 1198 τοῦ
552 1141 810 1214 οὐρανοῦ.
836 1141 917 1202 είς
950 1139 1206 1208 ἀνόμοιον
1235 1137 1447 1206 οἴκημα
1498 1134 1771 1198 εἰσιοῦσαι,

196 1241 387 1310 ὅμοιον
409 1236 506 1290 τοῦ
531 1234 768 1307 οὐρανοῦ
784 1234 970 1302 σχῆμα
985 1231 1120 1300 αὐτῇ
1151 1227 1572 1299 κατειργάσατο.
1602 1224 1775 1278 Τοῦτο

194 1333 259 1386 δὲ
285 1331 509 1402 εἴρηκεν
547 1331 574 1382 ὁ
606 1327 898 1396 φιλόσοφος
927 1323 1026 1395 τὴν
1061 1319 1480 1391 μετεμψύχωσιν
1507 1315 1774 1386 δογματί-

197 1425 332 1488 ζων,
377 1424 473 1478 καὶ
515 1422 614 1492 τὴν
647 1420 826 1489 ψυχὴν
869 1420 926 1471 ὲν
970 1415 1049 1486 τῷ
1079 1412 1397 1486 ἡγεμονικῷ
1445 1414 1634 1478 οἰκεῖν,
1680 1409 1776 1463 καὶ

201 1519 284 1588 μὴ
311 1519 366 1569 ὲν
397 1516 505 1586 ὃλῳ
533 1514 613 1583 τῷ
643 1511 857 1580 σώματι
889 1508 1174 1578 φλυαρῶν.
1524 1520 1527 1524 ·

1447 374 1534 430 DE
1574 374 1865 432 NATUllA
1905 375 2206 434 I'IOMIMS.

453 497 550 550 καὶ
585 496 684 559 τὰς
716 496 883 559 ἄλλας
920 494 1272 566 κοιλότητας,
1323 493 1390 558 ἃς
1438 495 1645 557 κοιλίας
1694 494 1779 547 λέο

1896 497 2126 565 :opulas,
2181 506 2234 549 et
2287 497 2656 551 sensoriorum
2703 496 2878 559 sedes,
2927 496 3116 550 oculos
3175 495 3445 562 videlicet,

3309 377 3448 435 “62

1879 601 2059 646 aures,
2114 601 2292 650 nares,
2339 595 2392 639 et
2432 602 2554 655 quae
2581 586 2721 640 intra
2763 601 2826 640 os
2879 586 3205 650 consistunt,
3237 587 3306 642 ad
3336 588 3450 642 haec

1878 687 1932 730 et
1987 692 2118 732 cava
2168 693 2290 747 quae
2346 679 2627 732 ventriculi
2676 677 2966 740 dicuntur,
3025 685 3138 732 tum
3196 679 3448 748 spiritum

1856 764 2084 832 'ipsum,
2142 766 2235 833 qui
2293 765 2626 819 animalibus
2674 767 2983 822 actionibus
3037 767 3278 833 inservit,
3312 783 3449 823 con-

1879 858 2114 919 tineret,
2178 856 2339 910 talem
2392 856 2617 924 figuram
2691 857 2868 926 ipsum
2943 858 3188 914 obtinere
3254 860 3452 914 debere

1882 948 2084 1017 optima
2118 946 2330 1000 ratione
2358 947 2589 1000 censuit.
2626 947 2696 1000 At
2725 948 2881 1001 tertia
2920 949 3136 1018 quidem
3165 966 3270 1020 qua
3295 949 3451 1004 Plato

1882 1039 1950 1092 ad
2003 1035 2257 1090 Timaeum
2307 1037 2444 1090 ludit
2475 1036 2614 1089 ratio
2657 1044 2760 1091 est.
2792 1036 3080 1104 Quoniam,
3130 1040 3326 1110 inquit,
3356 1057 3453 1095 na-

1883 1141 2017 1186 tura:
2035 1130 2135 1200 ipsi
2160 1144 2292 1184 cura
2315 1129 2617 1184 adhibenda
2644 1128 2820 1185 fuerat
2847 1132 3238 1187 constituendae
3258 1136 3450 1203 partis,

1890 1225 1944 1279 in
2000 1239 2106 1293 qua
2162 1223 2345 1276 anima
2403 1237 2666 1292 mensque
2716 1224 2990 1292 propriam
3043 1225 3226 1280 sedem
3280 1230 3455 1281 conti-

1885 1326 2076 1376 neret;
2116 1329 2183 1368 ne
2221 1314 2335 1384 ipsa
2385 1329 2415 1368 a
2459 1329 2657 1382 supero
2709 1314 2964 1369 circulari
3023 1315 3230 1371 etelesti
3279 1325 3452 1373 tractu

1885 1407 1950 1460 ad
2005 1403 2262 1458 inferiora
2320 1403 2566 1465 tendens,
2613 1403 2956 1473 peregrinum
3007 1405 3186 1460 locum
3241 1417 3294 1462 et
3351 1409 3454 1464 sibi

1883 1494 2202 1552 dissimilem
2254 1503 2564 1563 occuparet,
2621 1495 2846 1564 ﬁguram
2893 1496 2992 1565 ipsi
3048 1499 3188 1552 coelo
3233 1515 3457 1570 compa~

197 1587 320 1666 rem
364 1605 675 1662 destinavit.
716 1601 830 1656 Hoc
881 1609 1060 1656 autem
1124 1597 1482 1668 philosophus
1549 1594 1777 1650 dicendo
1844 1590 2150 1644 animarum
2194 1603 2261 1641 ex
2304 1587 2628 1658 corporibus
2688 1588 2740 1641 in
2781 1603 3010 1658 corpora
3076 1593 3455 1663 migrationem

201 1707 307 1760 hac
352 1702 610 1772 opinione
654 1706 883 1753 tuetur:
919 1705 1034 1750 tum
1091 1694 1332 1749 animam
1390 1694 1443 1747 in
1485 1689 1771 1762 principali
1850 1695 2023 1758 parte,
2075 1700 2181 1739 non
2239 1694 2420 1739 autem
2500 1684 2553 1737 in
2595 1693 2710 1738 toto
2752 1701 2981 1756 corpore
3030 1690 3330 1748 consistere
3366 1709 3459 1747 nu-

197 1797 804 1872 gatur,'argumentum
846 1807 1092 1852 sumens,
1139 1788 1282 1858 quod
1335 1789 1530 1843 animm
1561 1788 1770 1858 priores
1805 1781 2124 1852 corporibus
2166 1779 2296 1833 sint.

289 1893 481 1962 Ἡμεῖς
519 1888 578 1942 δὲ
611 1889 844 1958 λέγομεν
875 1887 956 1939 ὄτι
990 1885 1318 1955 κυκλοτερὲς
1353 1885 1540 1955 σχῆμα
1589 1883 1650 1935 τὸ
1690 1882 1786 1949 τῆς

1961 1873 2071 1930 Nos
2123 1882 2328 1937 autem,
2389 1883 2552 1943 caput
2599 1874 2888 1931 circularis
2942 1877 3128 1947 ﬁgurae
3163 1895 3271 1936 non
3301 1884 3461 1939 modo

200 1981 450 2051 κεφαλῆς
497 1978 739 2047 ὑπάρχει
765 2017 780 2041 ,
814 1975 878 2027 οὐ
928 1973 1088 2044 μόνον
1137 1971 1230 2024 διὰ
1265 1971 1327 2023 τὸ
1373 1969 1678 2040 εὐπρεπές*
1715 1966 1784 2019 τὰ

198 2075 315 2141 γάρ
347 2067 665 2138 σφαιροειδῆ
698 2063 806 2116 τῶν
837 2059 1126 2132 άντρώδων
1154 2057 1472 2126 οἰκημάτων
1498 2054 1784 2124 κρείττονα

199 2162 316 2216 τῶν
356 2158 502 2214 κατὰ
536 2156 712 2226 μῆκος
737 2155 817 2216 είς
853 2149 1089 2221 θεωρίαν
1113 2165 1128 2180 ο
1155 2148 1295 2202 ἀλλὰ
1319 2147 1414 2199 καὶ
1441 2144 1533 2197 διά
1565 2143 1626 2196 τὸ
1660 2142 1782 2195 κατ’

201 2254 339 2308 εὐθὺ
366 2251 467 2320 τῆς
498 2248 592 2303 τοῦ
623 2246 744 2310 νοὸς
771 2241 1075 2314 ἐνεργείας.
1114 2239 1264 2293 Ἔδει
1291 2239 1401 2308 γὰρ
1429 2236 1493 2289 τὸ
1525 2232 1786 2304 ὑπερκεί-

206 2360 372 2415 μενον
399 2343 494 2396 τοῦ
529 2340 782 2409 σώματος
814 2337 937 2389 ὅλου
974 2333 1138 2405 μέρος
1170 2329 1502 2398 κυκλοτερές
1526 2344 1587 2380 τε
1617 2322 1782 2390 εἶναι,

204 2438 305 2490 καὶ
335 2435 402 2488 τὰ
431 2435 530 2504 τῆς
562 2430 741 2503 ἀρχῆς
778 2427 990 2481 ἐκεῖθεν
1021 2421 1426 2494 γνωρίζεσθαιο
1462 2419 1550 2472 ἵνα
1597 2416 1786 2487 ὥσπερ

203 2530 435 2600 ἄριστος
462 2524 809 2594 κυϐερνήτης
834 2521 861 2572 ὀ
885 2523 1014 2582 νοῦς
1041 2517 1136 2570 ἐπὶ
1167 2515 1278 2568 τῶν
1305 2513 1508 2567 οἰάκων
1538 2509 1788 2600 καθήμεῖ

203 2597 302 2681 νος
324 2663 339 2684 ,
368 2617 703 2688 πηδαλιουχῇ
736 2612 796 2666 τὺ
827 2611 989 2677 σῶμα
1021 2608 1170 2662 ἆπαν
1206 2605 1301 2659 καὶ
1323 2601 1564 2674 διασώζῃ
1591 2616 1604 2630 ·
1629 2600 1705 2663 ὡς
1729 2597 1791 2662 ἐξ

204 2712 431 2781 ἑτοίμου
478 2707 619 2776 ἔχων
666 2704 762 2757 καὶ
810 2701 910 2764 τὰς
950 2699 1266 2768 αἰσθήσειςο
1321 2693 1505 2756 καθώς
1556 2707 1722 2762 φησιν
1761 2689 1790 2741 ὀ

210 2804 390 2874 μέγας
428 2797 708 2862 Βασίλε,ιος
758 2793 800 2824 ⁶¹
830 2811 843 2824 ·
905 2810 923 2842 ι
979 2791 1128 2843 Ἑκεί
1164 2787 1308 2858 ὅψις,
1363 2787 1459 2839 καὶ
1489 2783 1667 2854 ἀκοὴ,
1694 2782 1789 2836 καὶ

204 2873 506 2964 ϐσφρησις,
549 2887 646 2941 καὶ
705 2884 916 2954 γεῦσις.
955 2901 974 2932 ι
1012 2882 1120 2934 Καὶ
1159 2877 1364 2932 πάλινο
1412 2894 1430 2923 σ
1484 2873 1789 2944 Ὀφθαλμοὶ

212 2985 318 3056 μὲν
346 2983 456 3052 γάρ
477 2981 577 3050 τὴν
609 2977 952 3048 ὑψηλοτάτην
987 2971 1220 3026 σκοπιάν
1258 2969 1656 3038 κατειλήφασιν
1677 2982 1690 2996 ·
1715 2965 1790 3028 ὡς

208 3075 390 3147 μηδὲν
430 3073 613 3135 αὐτοῖς
641 3069 740 3139 τὴν
765 3069 809 3100 ⁸¹
851 3065 960 3119 τῶν
998 3063 1092 3118 τοῦ
1129 3062 1382 3132 σώματος
1409 3061 1614 3132 μορίων
1639 3057 1788 3110 θέσιν

207 3165 601 3238 ἐπιπροσθείνο
635 3160 774 3217 ἀλλὰ
806 3158 981 3229 μικρᾷ
1005 3173 1110 3210 τινι
1131 3153 1406 3224 προσϐολῇ
1437 3152 1543 3205 τῶν
1569 3149 1791 3220 ὀφρύων

1887 1967 2104 2022 decoris
2156 1967 2326 2032 gratia
2386 1965 2604 2036 (etenim
2647 1967 2702 2019 in
2747 1968 2973 2036 sphaerae
3031 1970 3258 2027 formam
3294 1974 3462 2029 furni-

1887 2061 2020 2106 cata:
2076 2052 2217 2105 ardes
2262 2051 2688 2118 conspicatiores
2739 2051 2792 2103 in
2854 2052 3076 2124 longum
3131 2059 3460 2114 constructis

1887 2142 2117 2206 aedibus,
2165 2157 2230 2196 ac
2275 2142 2454 2195 visum
2489 2141 2661 2209 magis
2699 2141 3029 2202 oblectantes
3070 2150 3240 2218 sunt},
3274 2150 3368 2205 sed
3400 2160 3463 2206 ut

1890 2235 2088 2289 mentis
2140 2232 2283 2288 actio
2339 2234 2541 2290 rectius
2597 2237 2935 2304 procederet,
2981 2249 3223 2295 creatum
3272 2257 3462 2299 cense-

1890 2351 2033 2390 mus.
2077 2333 2212 2388 Nam
2258 2345 2486 2404 partem,
2520 2351 2642 2404 quae
2686 2337 2738 2390 in
2774 2353 2991 2393 summo
3024 2341 3189 2396 totius
3219 2329 3467 2412 corporis

1891 2426 2185 2481 constituta
2220 2434 2304 2478 est
2358 2438 2411 2479 et
2479 2425 2732 2481 circulari
2786 2429 2956 2497 figura
3007 2432 3282 2500 praeditam
3342 2450 3465 2490 esse

1891 2515 2152 2584 Oportuit,
2199 2524 2254 2567 et
2313 2524 2372 2568 ut
2412 2514 2542 2568 illud
2577 2515 2725 2585 quod
2774 2517 3064 2587 imperium
3105 2521 3316 2576 obtinet
3343 2523 3465 2579 inde

1891 2605 2277 2674 comprehendi
2308 2604 2501 2674 possit,
2534 2621 2642 2674 quo
2679 2622 2832 2661 mens
2862 2608 2977 2677 ipsa
3006 2611 3196 2679 optimi
3235 2614 3464 2670 rectoris

1893 2698 2065 2752 instar
2122 2697 2176 2751 in
2232 2697 2586 2766 gubernaculi
2640 2699 2924 2754 cacumine
2981 2703 3245 2769 residens,
3289 2714 3463 2761 totum

1891 2803 2089 2857 corpus
2153 2797 2363 2857 regeret
2424 2803 2489 2843 ac
2555 2796 2832 2853 tueretur,
2901 2805 3112 2846 necnon
3167 2801 3222 2848 et
3271 2810 3465 2852 sensus

1894 2879 2042 2946 ipsos
2108 2878 2162 2931 in
2225 2887 2473 2947 promptu
2537 2879 2780 2946 haberet,
2826 2883 3268 2954 quandoquidem
3325 2887 3461 2942 inibi

1893 2967 2144 3033 subinde,
2182 2977 2241 3022 ut
2290 2984 2522 3039 magnus
2552 2969 2786 3027 Basilius
2813 2983 3111 3040 asseverat,
3165 2983 3217 3029 et
3249 2993 3464 3044 sensus,

1893 3070 1953 3114 ut
1990 3059 2163 3127 visus,
2192 3059 2430 3127 auditus,
2462 3059 2694 3118 olfactus
2732 3077 3032 3135 guStusque
3081 3067 3348 3125 locantur.
3384 3071 3467 3125 Ad

1895 3151 2031 3214 haec,
2089 3159 2144 3204 et
2190 3151 2333 3205 oculi
2385 3151 2438 3204 in
2478 3152 2909 3210 eminentissima
2949 3169 3121 3227 parte,
3173 3168 3229 3214 ut
3260 3160 3312 3214 in
3343 3177 3469 3232 spe-

211 3231 684 3330 ὑπερκαθήμενοι,
707 3254 774 3305 ὲκ
803 3251 899 3320 τῆς
925 3248 1132 3304 ἄνωθεν
1152 3247 1344 3317 ὲξοχῆς
1375 3247 1511 3316 πρὸς
1541 3243 1602 3297 τὸ
1622 3243 1784 3305 εὐθὺς

1896 3243 2012 3298 cula
2061 3243 2240 3298 sedem
2292 3253 2649 3313 occuparunt,
2703 3261 2772 3300 ne
2800 3247 2910 3302 ulla
2957 3254 3200 3320 corporis
3234 3231 3467 3323 partium

213 3349 592 3406 ἀποτείνονται
610 3346 678 3398 ⁸³.
715 3362 734 3394 ι
763 3342 873 3396 Καὶ
901 3340 1074 3394 ταῦτα
1109 3339 1209 3410 μὲν
1239 3338 1368 3408 περὶ
1396 3339 1494 3408 τῆς
1522 3334 1783 3407 κεφαλῆς.

211 3445 452 3516 quodam
505 3452 767 3511 genarum
832 3436 1050 3504 obiectu
1112 3433 1482 3496 imminentes,

211 3536 398 3606 capite
431 3532 637 3588 dixisse
684 3527 940 3585 sufﬁciat.
972 3570 974 3572 τ

430 3646 573 3712 Κεφ.
628 3641 702 3696 B'.
740 3669 808 3682 -—
845 3637 985 3706 Περὶ
1027 3634 1146 3691 τῶν
1217 3635 1560 3707 ὀφθαλμῶν.

305 3759 457 3812 Ἐπεὶ
493 3757 549 3810 δὲ
577 3755 784 3822 ἔξεστιν
808 3755 939 3824 ἡμῖν
974 3753 1116 3806 κατὰ
1162 3753 1271 3806 πᾶν
1300 3751 1457 3823 ἡμῶν
1502 3751 1662 3822 μέλος
1689 3751 1788 3805 τοῦ

212 3849 554 3923 δημιουργοῦ
609 3845 745 3900 Θεοῦ
799 3848 901 3916 τὴν
953 3845 1175 3898 σύνεσιν
1229 3843 1634 3916 ἐκπλήττεσθαι
1693 3846 1789 3898 καὶ

211 3939 547 4011 θαυμάζειν,
592 3937 836 4008 ,εἴδωμεν
865 3935 909 3967 ⁸⁸
942 3936 1080 4007 μετὰ
1125 3935 1225 4004 τὴν
1278 3935 1522 4007 κεφαλὴν
1547 3937 1642 3987 καὶ
1690 3935 1789 3998 τὰς

213 4032 329 4087 τών
353 4030 652 4099 ὀφθαλμῶν
677 4025 976 4091 συνθέσεις,
1005 4025 1102 4078 καὶ
1125 4025 1431 4094 ἐνεργείας,
1461 4025 1554 4078 καὶ
1577 4024 1790 4095 χρείας,

218 4122 319 4178 ,ιαὶ
349 4121 668 4192 ὀνομασίας,
703 4119 799 4173 καὶ
840 4119 932 4171 τὸν
975 4117 1210 4190 ἀριθμὸν
1240 4118 1350 4171 τῶν
1383 4117 1649 4189 χιτώνων,
1699 4118 1795 4172 καὶ⁵

219 4216 331 4269 τῶν
359 4213 542 4284 ὑγρῶν
570 4211 670 4282 τὴν
722 4212 1020 4280 ποσότητα,
1053 4213 1149 4265 καὶ
1193 4212 1260 4264 τὰ
1304 4209 1581 4272 οὐσιωδῶς
1616 4212 1796 4281 ὑπάρ-

219 4318 388 4372 χοντα
417 4300 496 4370 τῷ
528 4299 814 4369 ὀφθαλμῷ,
847 4299 942 4351 καὶ
982 4299 1053 4351 τά
1093 4301 1234 4352 κατὰ
1267 4300 1614 4370 συμϐεϐηκὸς
1647 4301 1795 4372 αὐτῷ

220 4392 656 4462 προσγινόμενα.
685 4388 973 4449 Οὺσιωδῶς
1003 4390 1048 4420 ⁸⁵
1082 4389 1182 4458 μὲν
1224 4383 1316 4441 οὖν
1367 4387 1534 4440 αὑτοῦ
1577 4389 1726 4440 ἐστιν
1756 4389 1790 4458 ἡ

1897 3336 2030 3406 ipsis
2083 3351 2149 3390 ex
2195 3338 2423 3391 adverso
2472 3353 2590 3392 sese
2640 3337 2922 3408 objiceret,
2994 3343 3087 3397 sed
3141 3343 3251 3416 58
3302 3362 3470 3416 pravo

1567 3446 1597 3485 a
1655 3427 1923 3500 superiori
1978 3429 2274 3486 eminentia
2325 3429 2390 3484 ad
2445 3437 2652 3484 rectum
2727 3429 3054 3502 dirigantur.
3113 3432 3180 3489 Et
3240 3437 3354 3493 haec
3403 3438 3470 3494 de

2351 3635 2481 3705 Cap.
2527 3633 2589 3690 ll.
2619 3667 2687 3678 —
2721 3635 2798 3690 De
2832 3638 3019 3694 oculis.

1967 3747 2239 3814 Quoniam
2305 3747 2620 3817 singillatim
2681 3751 2961 3818 quodlibet
2999 3751 3244 3820 corporis
3295 3761 3470 3809 mem-

1895 3839 2052 3893 brum
2109 3838 2474 3904 recensendo,
2507 3839 2846 3908 prudentiam
2876 3841 3138 3898 creatoris
3176 3845 3348 3898 nostri
3376 3844 3469 3900 Dei

1894 3945 2116 4005 stupore
2180 3935 2650 4005 admirationeque
2713 3935 2968 4006 prosequi
3036 3938 3232 3992 merito
3280 3938 3469 4005 decet,

1893 4045 2019 4085 cum
2064 4029 2176 4098 jam
2205 4029 2270 4084 de
2309 4029 2482 4099 capite
2511 4029 2900 4096 delinierimus,
2933 4038 2988 4085 et
3017 4031 3296 4086 oculorum
3323 4048 3474 4086 com-

1897 4119 2246 4190 positionem,
2282 4121 2652 4190 actionesque,
2689 4130 2852 4190 atque
2897 4137 3053 4185 usus,
3082 4133 3134 4177 et
3159 4124 3468 4192 appellatio-

1899 4229 2018 4276 nes,
2063 4228 2273 4268 necnon
2315 4213 2681 4269 tunicularum
2718 4229 3026 4280 numerum,
3059 4215 3126 4269 ad
3159 4216 3274 4271 haec
3291 4225 3344 4271 et
3371 4217 3474 4270 hu-

1903 4321 2113 4360 morum
2162 4306 2527 4374 quantitates;
2571 4317 2853 4376 praeterea,
2889 4323 3137 4376 quaenam
3186 4310 3298 4364 sint
3353 4325 3474 4379 qua:

1903 4397 2062 4452 oculo
2083 4397 2458 4452 substantialia
2486 4397 2692 4463 insunt;
2721 4398 2962 4462 demum,
2996 4395 3232 4468 qumipsi
3256 4401 3474 4456 evenire

222 4486 425 4555 κρᾶσις
456 4483 701 4553 ψυχράἢ
749 4481 950 4552 θερμὴν
981 4481 1121 4552 ξηράι
1166 4482 1199 4551 ἢ
1233 4482 1396 4552 ’δγράο
1432 4482 1542 4535 Καὶ
1588 4484 1648 4535 ἐν
1681 4485 1786 4546 τοῖς

1904 4505 1998 4559 per
2023 4491 2278 4545 accidens
2329 4490 2524 4554 solent,
2585 4491 2858 4560 explicare
2909 4492 3305 4561 aggrediemur.
3337 4492 3473 4548 Nam

222 4576 616 4646 ὁμοιομερὲσιν
646 4574 811 4627 αὐτοῦ
847 4573 1148 4643 μαλακὸνῆ
1177 4575 1435 4644 σκληρὸν,
1469 4575 1532 4627 τὸ
1577 4576 1796 4644 εὐκίνη⁴

219 4687 318 4722 τον
352 4669 386 4740 ἦ
421 4668 759 4737 δυσκίνητον,
809 4668 896 4720 Ἐν
924 4667 1030 4737 ὅλῳ
1076 4666 1133 4719 δὲ
1191 4666 1269 4736 τῷ
1321 4669 1540 4738 ὀργάνῳ
1584 4669 1616 4737 ὴ
1655 4667 1800 4721 κατὰ

230 4761 464 4830 μέγεθος
493 4761 732 4831 ἀμετρία
756 4761 789 4831 ἢ
817 4759 1135 4830 συμμετρία
1161 4776 1175 4789 ·
1219 4761 1253 4829 ἡ
1286 4760 1330 4790 ⁸⁸
1359 4760 1502 4813 κατὰ
1543 4760 1645 4830 τὴν
1683 4760 1800 4814 διά-

225 4851 429 4905 πλάσιν
452 4851 617 4906 αὐτοῦ
650 4851 920 4921 εὐρυθμία
967 4850 1063 4902 καὶ
1103 4850 1350 4920 ἁρυθμία
1385 4851 1428 4881 ⁸⁷
1458 4869 1472 4882 ο
1524 4851 1618 4905 καὶ
1663 4852 1799 4924 πρὸς

224 4942 443 5008 τούτοις
469 4943 579 4996 τῶν
617 4943 906 5014 ἐνεργειῶν
943 4943 1112 5013 ἀρετή
1149 4961 1206 4996 τε
1234 4943 1328 4996 καὶ
1359 4944 1548 4996 κακία.

1905 4579 2024 4649 ejus
2068 4579 2485 4646 substantialia,
2545 4590 3031 4650 temperamentum
3084 4581 3336 4653 frigidum
3381 4594 3479 4640 aut

1905 4672 2178 4734 calidum,
2212 4671 2416 4726 siccum
2463 4673 2546 4726 vel
2592 4673 2872 4727 humidum
2914 4673 3201 4730 habentur.
3255 4677 3326 4730 At
3357 4677 3477 4747 ejus

1908 4763 2207 4828 similaria,
2241 4763 2403 4818 molle
2431 4764 2516 4819 vel
2573 4765 2810 4830 durum,
2853 4773 2948 4820 aut
3015 4766 3162 4835 quod
3205 4765 3365 4822 facile
3395 4769 3478 4822 vel

1907 4856 2191 4912 difﬁculter
2230 4865 2499 4922 movetur,
2555 4855 2809 4912 dicimus.
2873 4857 2933 4911 In
2990 4866 3106 4913 toto
3161 4873 3289 4913 vero
3335 4860 3479 4914 oculi

1908 4950 2273 5004 instrumento
2303 4949 2406 5003 hoc
2451 4949 2908 5004 considerandum
2932 4957 3037 5012 est,
3083 4950 3128 5005 si
3165 4952 3481 5021 magnitudo

225 5039 526 5092 excesserit
572 5036 653 5089 vel
701 5036 979 5089 moderata
1029 5034 1226 5100 fuerit;
1274 5036 1318 5091 si
1352 5051 1474 5088 cum
1513 5035 1802 5102 formatur,
1844 5039 1899 5093 in
1934 5041 2048 5110 ipsa
2097 5040 2239 5095 oculi
2304 5042 2697 5097 constitutione
2762 5042 3105 5100 concinnitas
3139 5044 3481 5100 inconcinni-

226 5142 383 5189 tasve
416 5133 704 5187 exstiterit.
754 5129 885 5185 Item
910 5170 925 5194 ,
961 5132 1006 5185 si
1061 5132 1305 5186 actiones
1345 5131 1466 5199 ejus
1523 5148 1802 5202 perperam
1841 5137 1922 5190 vel
1954 5147 2100 5191 recte
2133 5138 2462 5206 diriguntur.

299 5224 761 5293 Διαγινώσκονται
789 5223 844 5277 δὲ
862 5225 910 5276 εί
941 5221 1130 5294 θερμοί
1152 5224 1288 5274 εἰσιν
1309 5223 1342 5292 ἢ
1366 5223 1585 5293 ψυχροὶ,
1604 5225 1796 5289 οὕτως·

230 5317 296 5370 Εἰ
331 5315 429 5385 μὲν
457 5314 565 5384 γὰρ
597 5313 870 5385 θερμότης
966 5314 1010 5345 ⁸⁸
1041 5315 1098 5365 ὲν
1130 5314 1340 5376 αὐτοῖς,
1382 5314 1712 5383 εὐρύφλεϐοι
1750 5316 1800 5369 οἱ

225 5405 461 5458 τοιοῦτοι
497 5405 562 5468 ‘9,
604 5407 694 5457 καὶ
731 5405 970 5475 φανερὰς
1002 5405 1169 5468 αὑτάς
1200 5404 1416 5475 ἔχουσιν
1443 5422 1457 5436 ο
1511 5409 1560 5459 εί
1598 5406 1654 5458 δὲ
1693 5408 1787 5475 ψυ-

1982 5226 2175 5281 Utrum
2201 5228 2388 5282 calida:
2408 5227 2689 5296 qualitatis
2718 5236 2813 5282 aut
2847 5227 3056 5298 frigidae
3088 5230 3231 5284 oculi
3259 5229 3478 5296 fuerint,

1913 5318 2017 5372 hoc
2069 5328 2230 5387 pacto
2285 5319 2678 5387 deprehendes.
2740 5318 2844 5385 Qui
2907 5321 3049 5374 enim
3112 5321 3272 5376 calidi
3322 5331 3482 5382 sunt.

1907 5408 2130 5470 latiores
2177 5417 2232 5463 et
2287 5409 2683 5478 perspectiores
2737 5425 2859 5479 quae
2905 5411 2958 5464 in
2997 5413 3127 5482 ipsis
3161 5422 3288 5469 sunt
3340 5428 3489 5466 venae

285 5605 332 5640 ⁸⁹
361 5601 422 5657 τὺ
437 5603 679 5657 τοιοῦτον
707 5603 765 5657 Β.
807 5603 851 5635 ⁶θ
875 5601 1096 5671 καὶγὰρ
1126 5602 1182 5655 ὲν
1214 5601 1292 5671 τῷ
1331 5619 1392 5654 π.
1422 5600 1487 5655 Τ.
1512 5601 1662 5673 ,φησὶ
1687 5601 2021 5673 Βτφλυαρία
2051 5602 2116 5655 ἐκ
2147 5601 2242 5654 τοῦ
2275 5600 2655 5672 προϋπάρχειν
2673 5603 2771 5667 τὰς
2807 5602 2985 5672 ψυχὰς
3003 5603 3394 5673 λαμϐανομένη
3428 5603 3488 5670 Ρ,

207 5676 328 5743 qui
360 5673 412 5744 in
445 5684 591 5726 textu
616 5686 812 5744 cratera
842 5688 951 5726 om.
1005 5687 1173 5744 usque
1196 5674 1266 5744 ad
1309 5673 1469 5725 verba
1509 5671 1700 5744 Ἡμεῖς
1728 5671 1783 5723 δὲ

1896 5671 1944 5736 l,_‘
2043 5673 2086 5703 ιι
2124 5690 2178 5725 κ,
2207 5675 2234 5744 ᾧ
2269 5671 2327 5744 μέ
2367 5673 2500 5744 φηςι
2532 5673 2669 5744 βασι,
2705 5673 2786 5744 Β,
2824 5671 2830 5672 ί
2862 5671 3045 5744 δέτὴν,
3080 5671 3150 5744 ἐι.Δ
3173 5671 3491 5744 Ῠιιὶόιῂθέσξιν

209 5740 461 5816 nimi),
514 5743 914 5816 _"_posterio_ra
965 5741 1240 5816 ρχΑάλλὰ-
1279 5744 1585 5816 usqueuad
1635 5742 1786 5816 ἁὶτοξε

1896 5758 2009 5816 νται
2053 5757 2164 5816 om.
2385 5740 2488 5816 _“"
2518 5742 2728 5813 ἴδωμεν
2757 5743 2816 5798 C.
2923 5743 2967 5776 ⁸⁸
2989 5740 3263 5812 ὀῦσιώδης
3297 5742 3401 5798 BC
3426 5743 3490 5797 P.

237 5812 284 5848 ⁶⁶
315 5813 410 5868 καὶ
441 5815 474 5884 ἡ
512 5811 554 5866 Β
578 5810 642 5871 Ρζ
718 5813 760 5846 ⁵⁷
814 5812 934 5882 εῦρ.
966 5811 999 5883 ἢ
1051 5811 1380 5882 δυσρυθμία.
1457 5811 1502 5844 ⁸⁸
1531 5813 1617 5882 εἴη
1669 5811 1708 5862 Β
1736 5811 1795 5866 Ρ.
1873 5812 1916 5844 ⁸⁸
1945 5810 2176 5866 τοιοῦτοι
2214 5813 2350 5865 εἰσὶν
2381 5810 2444 5866 Β.
