3842 6460
421 417 566 474 ³1163

1738 406 2019 466 MELETll
2061 407 2371 464 MONACHI

3541 419 3698 476 H65

421 539 766 596 cernuntur;
815 527 906 598 qui
952 541 1080 582 vero
1129 524 1306 596 frigidi
1342 533 1503 590 sunt,
1563 540 1713 579 venre
1751 525 1809 578 in
1865 524 1965 593 ipsi

2068 523 2324 592 ,χρότης,
2369 523 2430 575 οὑ
2484 524 2747 594 φανεράς,
2804 524 2939 578 ἀλλὰ
2980 530 3339 599 κερυμμένας
3366 531 3432 585 ⁷⁸.
3483 533 3602 603 Τὴν
3637 534 3701 584 δὲ

421 624 785 682 occultantur,
823 634 884 672 ac
924 618 1112 672 latent.
1148 619 1216 670 At
1252 615 1514 670 siccitatis
1552 615 2002 685 humiditatisque

419 732 608 774 eorum
656 712 852 768 indicia
899 711 971 764 ita
1019 707 1536 779 deprehenduntur,
1581 723 1705 762 cum
1771 709 2000 764 durities

421 810 474 865 in
531 809 612 861 eis
668 805 750 858 vel
805 801 1079 863 ariditas,
1145 815 1208 855 ae
1265 799 1523 853 mollities
1575 814 1639 853 ac
1702 799 2000 855 humiditas

415 897 717 970 perspicua:
749 895 924 954 liunt;
974 906 1164 945 verum
1212 890 1401 944 molles
1463 889 1823 957 humidosque
1866 904 2000 943 ocu-

415 991 501 1045 los
563 987 722 1042 facile
780 998 1118 1054 cognosces,
1181 991 1234 1036 at
1303 982 1471 1037 duros
1535 991 1589 1037 et
1645 984 1826 1038 aridos
1886 999 1996 1039 non

419 1088 712 1143 admodum
779 1083 973 1148 facile,
1034 1081 1126 1135 sed
1185 1082 1253 1134 ab
1320 1081 1402 1135 his
1470 1096 1590 1150 quae
1653 1083 1996 1138 extrinsecus

417 1182 691 1244 eveniunt,
725 1175 1230 1232 animadvertimus.
1265 1171 1403 1226 Sunt
1430 1174 1520 1242 qui
1558 1174 1610 1226 in
1655 1173 1864 1227 fumum
1907 1175 1993 1228 in—

417 1276 682 1336 cidentes,
702 1277 1042 1332 avertuntur,
1061 1282 1122 1321 ac
1142 1265 1392 1336 plurimis
1411 1265 1667 1337 lacrymis
1681 1268 1990 1336 opplentnr,

416 1369 508 1423 alii
548 1381 676 1420 vero
712 1365 764 1418 in
804 1361 954 1414 fumo
983 1360 1174 1414 obtutu
1211 1358 1381 1410 libero
1424 1366 1654 1410 utuntur
1690 1359 1824 1413 :sed
1847 1360 1992 1414 oculi

415 1477 555 1532 quos
598 1458 784 1512 fumus
837 1453 1003 1514 landil,
1038 1449 1243 1504 humidi
1281 1463 1345 1503 ac
1391 1448 1738 1517 passionihus
1770 1450 1990 1505 obnoxii

415 1553 572 1606 facile
643 1556 810 1611 sunt,
885 1541 1038 1597 alteri
1109 1555 1238 1594 vero
1305 1539 1427 1593 duri
1507 1555 1537 1593 a
1617 1541 1991 1605 passionibus-

413 1658 518 1711 que
560 1637 877 1693 remotiores
924 1633 1237 1686 habentur:
1276 1637 1330 1683 et
1361 1630 1476 1684 haec
1534 1631 1818 1684 oculorum
1856 1631 1987 1685 sui»

2107 613 2380 684 ξηρότητα
2435 614 2545 666 τῶν
2577 614 2877 685 ὀφθαλμῶν
2930 619 3027 670 καὶ
3081 620 3365 692 ὑγρότητα
3384 623 3704 690 διαγνωσὸ-

2106 705 2248 774 μεθα
2295 707 2405 758 ἀπό
2432 723 2492 758 τε
2529 706 2626 759 τοῦ
2660 707 2899 778 σκληρὸν
2947 711 2980 780 ἢ
3017 710 3329 781 αὐχμηρὸν,
3367 713 3398 783 ἢ
3437 715 3706 782 μαλακόν

2101 811 2160 848 τε
2193 798 2287 848 καὶ
2320 797 2488 867 ὑγρὸν
2527 797 2671 851 εἶναι
2703 798 2796 850 τὸν
2827 798 3144 869 ὀφθαλμόν·
3175 805 3268 855 καὶ
3293 805 3322 856 6
3365 805 3465 871 μὲν
3514 804 3704 874 ὑγρὸς

2100 888 2196 940 καὶ
2221 887 2250 940 6
2275 889 2317 918 '”
2355 889 2600 957 μαλακὸς
2648 889 3047 958 εὐδιάγνωστός
3074 895 3222 944 ἐστιν
3252 909 3265 921 ·
3296 895 3326 946 ὁ
3359 894 3413 947 δὲ
3445 898 3590 963 σκλη
3603 895 3705 962 pb;

2100 980 2198 1032 καὶ
2236 981 2526 1052 αὐχμηρὸς
2555 982 2616 1036 οὐ
2656 982 2862 1054 σφόδρα
2883 1000 2899 1015 °
2931 985 3034 1038 οὐκ
3066 981 3158 1039 οὖν
3184 989 3248 1038 ὲκ
3270 987 3368 1056 τῆς
3408 987 3626 1051 ἔξωθεν
3654 990 3702 1020 ⁷⁸

2101 1070 2336 1140 βασάνου
2384 1073 2830 1142 διαγινώσκεται.
2894 1077 3133 1140 Πολλοὺς
3169 1077 3279 1148 γὰρ
3335 1079 3563 1149 δρῶμεν
3619 1079 3703 1149 μὴ

2095 1163 2430 1234 δυναμένους
2469 1167 2528 1218 ὲν
2573 1166 2765 1236 καπνῷ
2796 1167 2993 1237 στῆναι
3041 1170 3107 1234 ⁷³,
3161 1169 3300 1224 ἀλλὰ
3339 1171 3701 1241 δακρύοντας

2099 1255 2303 1308 πολλάο
2332 1255 2528 1320 ἄλλους
2552 1257 2609 1310 δὲ
2638 1258 2846 1329 σφόδρα
2899 1260 3038 1330 πρὸς
3067 1260 3162 1313 τὸν
3206 1263 3415 1314 καπνὸν
3446 1264 3701 1315 ἀντιτεξ-

2095 1369 2320 1417 νοντας⁹
2365 1355 2460 1407 καὶ
2511 1355 2652 1408 είσὶν
2711 1357 2762 1407 oi.
2809 1356 2908 1426 μὲν
2968 1357 3198 1425 πρῶτοι,
3255 1358 3414 1428 ὑγροί
3469 1375 3532 1412 τε
3597 1359 3700 1410 καὶ.

2094 1447 2354 1510 εὑπαθεῖς
2373 1463 2386 1476 ·
2423 1450 2472 1500 οἱ
2494 1447 2552 1500 δὲ
2576 1447 2848 1519 δεύτεροι,
2890 1449 3121 1521 σκληροί
3140 1469 3199 1504 τε
3217 1453 3311 1504 καὶ
3337 1452 3656 1512 δυσπαθεῖς
3680 1469 3697 1484 ·

2091 1537 2264 1591 ταῦτα
2295 1538 2530 1609 οὐσιὼδη
2557 1541 2602 1572 ⁷⁸
2637 1544 2845 1611 σημεῖα
2875 1541 2984 1596 τῶν
3009 1543 3328 1613 ὀφθαλμῶν.
3362 1545 3448 1598 Τά
3475 1545 3537 1596 δὲ
3576 1545 3699 1597 ἀπὸ

2095 1629 2526 1700 συμϐεϐηκότων
2552 1625 2656 1686 ὧδε
2679 1650 2692 1664 ·
2726 1634 2754 1686 6
2789 1634 2833 1665 ⁷⁸
2860 1636 3044 1686 τοίνυν
3076 1634 3376 1704 ὀφθαλμὸς.
3420 1637 3454 1704 ἦ
3501 1636 3700 1703 μέγας

411 1731 684 1789 stantialia
730 1728 930 1782 indicia
989 1731 1135 1779 sunt.
1171 1722 1302 1788 Qua:
1335 1737 1464 1776 vero
1512 1738 1577 1775 ex
1611 1723 1972 1777 accidentibus

2089 1721 2240 1772 ἐστὶν
2271 1721 2302 1792 ἢ
2339 1724 2536 1793 μικρός
2556 1741 2573 1758 ο
2603 1726 2698 1777 καὶ
2729 1726 2760 1794 ἢ
2794 1725 3067 1795 εὔρυθμος
3096 1727 3130 1796 ἢ
3167 1728 3416 1797 ἄρυθμος
3442 1743 3454 1755 °
3480 1728 3614 1780 ἀλλ’
3645 1731 3696 1779 εἰ

411 1824 611 1879 indicia
661 1819 1004 1890 proveniunt,
1051 1815 1151 1867 hoc
1203 1812 1366 1867 modo
1425 1828 1745 1882 cognosces,
1796 1813 1905 1883 59
1940 1830 1965 1869 s

2092 1813 2192 1882 μὲν
2218 1815 2301 1885 είη
2338 1815 2512 1885 μέγας
2546 1816 2643 1869 σὺν
2674 1819 2972 1888 εὐρυθμία,
3005 1818 3156 1888 δηλοῖ
3182 1817 3276 1871 κα)⁸
3300 1818 3509 1887 πλῆθος
3540 1819 3696 1885 ὖλτίς

411 1915 555 1971 oculi
602 1910 940 1981 magnitudo,
995 1915 1090 1961 aut
1115 1905 1379 1975 exiguitas
1420 1919 1683 1974 congrua,
1721 1907 1806 1960 vel
1832 1923 1966 1960 econ

2092 1908 2186 1960 καὶ
2235 1908 2538 1979 εὐκρασίαν
2589 1909 2786 1978 αὐτῆςο
2832 1913 2881 1965 εί
2929 1911 2987 1964 δὲ
3038 1912 3215 1980 μέγας
3264 1913 3362 1980 μὲν
3403 1914 3490 1982 εἴη
3545 1911 3699 1964 ἀλλὰ

411 2019 491 2062 tia
517 2005 700 2060 fuerit.
733 2001 870 2056 Nam
907 2000 951 2054 si
988 1998 1169 2068 magni
1203 2006 1256 2050 ct
1279 2012 1520 2065 congrue
1555 1997 1808 2066 dispositi
1838 1997 1972 2053 ocuh

2081 2001 2349 2070 ἄρυθμος,
2383 2003 2642 2072 σημαίνει
2666 2003 2870 2072 πλῆθος
2905 2003 3006 2073 μὲν
3039 2002 3171 2074 ὕλης
3199 2004 3336 2056 ἀλλὰ
3364 2004 3694 2073 μοχθηρᾶς,

411 2100 632 2161 fuerint,
696 2093 938 2149 materiae
969 2090 1161 2161 Optimi
1195 2090 1605 2158 temperamenti
1651 2092 1862 2160 copiam
1897 2093 1972 2146 in-

2083 2092 2176 2145 καὶ
2207 2092 2494 2162 δυνάμεως
2531 2093 2844 2157 ἀσθένειαν,
2896 2096 3040 2148 καθὰ
3073 2097 3168 2148 καὶ
3197 2096 3328 2166 περὶ
3358 2096 3464 2164 τῆς
3496 2113 3697 2165 κεφα-

411 2193 612 2247 dicant.
681 2185 740 2241 Si
805 2192 985 2239 autem
1045 2180 1224 2249 magni
1275 2190 1330 2234 et
1385 2181 1683 2249 incongrue
1732 2183 1972 2252 dispositi

2082 2183 2180 2254 λῆς
2195 2185 2441 2254 είρηταισ
2467 2187 2515 2237 εί
2549 2185 2605 2238 δὲ
2626 2187 2822 2256 μικρὸς
2853 2187 2938 2256 εἴη
2969 2188 3064 2240 καὶ
3093 2186 3389 2257 εὔρυθμος,
3415 2187 3698 2256 σημαίνει

409 2288 601 2345 erunt,
654 2279 707 2333 id
759 2277 830 2330 ob
879 2273 1118 2328 materia:
1147 2271 1558 2328 exuberantiam
1604 2270 1972 2342 facultatisqut

2082 2272 2291 2326 ἔνδειαν
2325 2275 2422 2344 μὲν
2453 2273 2606 2341 ὕλης,
2635 2277 3042 2348 εὐχρηστότητα
3072 2277 3130 2329 δέ
3160 2277 3238 2308 ⁸⁷⁸·
3279 2278 3329 2328 εί
3373 2277 3433 2329 δὲ
3477 2277 3698 2347 μικρὸς

409 2373 866 2432 imbecillitatem,
919 2363 1382 2436 quemadmodum
1422 2363 1490 2415 de
1523 2363 1698 2431 capite
1729 2365 1972 2433 superius

2086 2366 2172 2436 εἴη
2204 2365 2299 2419 καὶ
2329 2366 2595 2436 ἄρυθμος,
2630 2368 2884 2437 σημαίνει
2915 2369 3008 2420 καὶ
3029 2367 3237 2420 ἔνδειαν
3268 2367 3427 2436 ὕλης,
3462 2368 3572 2420 καὶ
3599 2367 3695 2420 δυ-

407 2469 612 2522 dictum
665 2471 769 2525 est,
808 2457 1093 2529 provenire
1124 2454 1424 2525 putandum
1475 2463 1578 2510 est.
1611 2455 1666 2508 Si
1702 2471 1830 2509 vero
1858 2473 1972 2526 par-

2086 2458 2306 2528 νάμεως
2325 2459 2567 2512 ἀτονίαν.
2599 2457 2785 2512 Ταῦτα
2808 2475 2874 2512 πε
2885 2461 2936 2528 pl.
2961 2460 3060 2529 τῆς
3088 2459 3182 2513 τοῦ
3205 2459 3494 2531 ὀφθαλμοῦ
3549 2460 3697 2531 κρά-

405 2574 526 2621 vus,
564 2555 659 2612 sed
694 2554 796 2608 rite
839 2550 1145 2606 consistens
1189 2546 1384 2601 oculus
1442 2545 1628 2608 fuerit,
1683 2547 1840 2602 bona:
1867 2564 1972 2602 ma-

2090 2565 2248 2614 σεως,
2281 2550 2377 2602 καὶ
2413 2550 2710 2620 σχήματος,
2743 2551 2837 2604 καὶ
2866 2551 3156 2620 μεγέθους.

402 2648 683 2714 ωτὶωνεεά
711 2643 891 2714 ἱηοιιίε
925 2641 1124 2696 "Mida
1151 2653 1261 2709 [δι’αέ
1297 2654 1357 2694 86
1419 2637 1540 2693 fert.
1570 2639 1636 2693 Al
1662 2640 1755 2709 qui
1791 2655 2010 2710 parvus,
2053 2641 2147 2698 sed
2186 2642 2550 2698 inconcinnus
2593 2642 2779 2709 fuerit,
2859 2653 2971 2698 tum
3013 2645 3258 2699 materia:
3287 2644 3687 2715 indigentiam,

401 2752 514 2798 tum
555 2735 832 2794 facultatis
875 2731 1304 2788 imbecillitatem
1369 2729 1566 2800 arguit.
1600 2731 1733 2797 Quae
1783 2733 1927 2786 enim
1971 2733 2038 2787 de
2097 2749 2381 2788 oculorum
2442 2743 2896 2804 temperamento,
2951 2749 3014 2790 ac
3071 2735 3264 2806 figura,
3332 2737 3686 2806 magnitudi-

399 2843 578 2900 neque
626 2827 855 2882 dicenda
909 2823 1146 2885 fuerant,
1197 2820 1312 2874 hzec
1366 2820 1657 2876 habentur.

471 2943 576 2998 Sed
600 2950 654 2996 et
678 2945 741 2994 de
771 2937 1014 2993 colorum
1037 2935 1129 3004 qui
1160 2934 1215 2988 in
1236 2933 1370 3004 ipsis
1393 2934 1642 2988 visuntur
1665 2935 1972 2991 diversitate

2155 2938 2489 3009 Ζητήσωμεν
2535 2938 2592 2992 δὲ
2634 2940 2729 2991 καὶ
2778 2938 2876 3001 τὰς
2929 2939 3036 2992 τῶν
3081 2940 3359 3012 διαφόρων
3400 2943 3466 2994 ὲν
3525 2943 3683 3010 αὐτῷ

397 3050 594 3091 causas
647 3029 1035 3086 scrutabimur.
1069 3025 1133 3080 Et
1175 3025 1395 3096 quidem
1450 3027 1740 3081 nonnullos
1797 3028 1972 3096 nigros

2082 3030 2394 3100 χρωμάτων
2417 3032 2464 3063 ⁷⁷
2490 3032 2690 3095 αἰτίας.
2736 3030 2988 3104 Ὀρῶμεν
3017 3033 3129 3101 γὰρ
3166 3035 3294 3096 τοὺς
3352 3035 3458 3103 μὲν
3507 3034 3681 3104 μέλι-

400 3127 660 3182 habentes
686 3121 896 3185 oculos,
931 3119 1069 3173 alios
1096 3118 1312 3182 caesios,
1349 3119 1614 3186 quosdam
1645 3133 1774 3173 vero
1802 3118 1972 3176 fulvos

2082 3140 2180 3186 νας
2212 3122 2434 3192 ἔχοντας
2461 3123 2799 3192 ὀφθαλμοὺς,
2838 3123 2963 3188 τοὺς
3009 3124 3065 3178 δὲ
3096 3127 3373 3191 γλαυκοὺς
3393 3166 3412 3191 ,
3457 3126 3596 3188 τοὺς
3623 3127 3678 3178 δὲ

397 3216 740 3287 inspicimus.
757 3211 942 3282 Neque
957 3211 1099 3265 enim
1118 3209 1287 3264 latere
1308 3225 1406 3263 nos
1423 3209 1577 3264 decet
1595 3212 1781 3265 oculos
1802 3211 1972 3281 ipsos,

2081 3214 2357 3284 χαροπούς
2396 3216 2463 3268 ⁷³.
2497 3217 2588 3268 Δεῖ
2616 3216 2799 3269 τοίνυν
2827 3215 3028 3271 εἰδέναι
3058 3219 3139 3270 ὅτι
3169 3221 3198 3271 6
3248 3217 3545 3287 ὀφθαλμὸς
3583 3221 3675 3270 καὶ

396 3317 508 3363 tum
551 3306 783 3376 plurima
817 3301 1034 3357 nomina
1085 3300 1289 3363 sortiri,
1323 3309 1435 3354 tum
1467 3315 1589 3355 esse
1626 3301 1874 3370 pluribus
1904 3318 1969 3357 ex

2080 3304 2296 3368 πολλοῖς
2332 3306 2562 3374 ὀνόμασι
2595 3306 2951 3375 ὀνομάζεται,
2992 3308 3088 3360 καὶ
3116 3309 3177 3358 ἐκ
3230 3306 3500 3359 πλειόνων
3539 3307 3672 3374 σύγ-

398 3399 642 3474 partibus
689 3395 1045 3465 compositos,
1095 3396 1348 3463 quodque
1398 3392 1689 3457 tuniculas,
1727 3393 1816 3447 alii
1865 3396 1969 3447 hu-

395 3489 590 3554 midas,
627 3487 716 3541 alii
763 3500 893 3540 vero
932 3484 1105 3538 siccas
1148 3482 1366 3537 habent.
1419 3481 1527 3536 Sed
1575 3483 1652 3536 uti
1703 3485 1861 3539 nobis
1904 3487 1970 3541 de

391 3596 581 3638 eorum
629 3577 942 3634 nominibus
999 3573 1346 3642 numerisque
1385 3582 1440 3627 et
1488 3584 1678 3628 exortu
1703 3615 1718 3639 ,
1753 3591 1966 3631 necnon

394 3673 587 3729 usibus
638 3679 692 3726 et
727 3668 1036 3724 actionibus
1073 3665 1232 3734 plane
1266 3674 1498 3729 constet,
1527 3665 1594 3719 ab
1623 3666 1724 3721 hoc
1775 3667 1966 3721 subin-

390 3764 459 3819 do
479 3760 749 3833 principio
777 3757 1076 3813 ordiemur.

461 3873 772 3931 Notandum
813 3869 1032 3941 quidem
1083 3879 1199 3935 est,
1230 3870 1374 3939 quod
1430 3870 1629 3939 gemini
1670 3886 1701 3924 a
1742 3872 1966 3928 cerebro

391 3968 543 4023 nervi
593 3965 1027 4035 pretenduntur,
1069 3963 1162 4032 qui
1213 3977 1243 4016 a
1288 3961 1491 4018 Graecis
1541 3965 1787 4028 όπτικοί,
1818 3967 1964 4033 quod

389 4060 533 4116 visui
577 4057 826 4113 videlicet
875 4054 1209 4118 inserviant,
1255 4065 1658 4124 nuncupantur.
1723 4056 1962 4112 Primum

389 4149 612 4218 quidem
673 4146 804 4203 huic
857 4145 1073 4211 sensui,
1124 4145 1408 4201 cerebrum
1460 4147 1638 4215 ipsum
1689 4147 1788 4202 hos
1839 4165 1964 4202 ner-

393 4259 509 4309 vos,
543 4240 889 4313 postmodum
922 4239 1018 4293 toti
1053 4238 1268 4308 corpori
1311 4238 1619 4304 impertitur
1655 4257 1668 4293 :
1705 4241 1798 4295 sed
1824 4242 1963 4296 inter

391 4335 490 4388 hos
514 4330 868 4402 corporisque
902 4343 1097 4383 nervos
1131 4328 1232 4382 hoc
1273 4327 1518 4392 interest,
1545 4330 1690 4398 quod
1717 4333 1961 4400 corporis

386 4428 539 4482 nervi
600 4407 780 4490 solidi,
835 4438 934 4477 nec
991 4418 1111 4477 cavi
1163 4429 1325 4487 sunt;
1376 4421 1431 4476 hi
1468 4437 1598 4477 vero
1653 4423 1956 4490 fistulares,

385 4519 757 4588 terebratique
802 4524 964 4579 sunt,
997 4530 1108 4584 quo
1158 4515 1392 4570 visibilis
1439 4516 1664 4584 spiritus
1704 4531 1799 4585 per
1830 4517 1955 4581 hos,
1990 4549 2033 4604 υ

381 4623 481 4664 ceu
537 4623 632 4678 per
688 4606 1042 4676 aquzeductus
1091 4604 1158 4658 ad
1213 4606 1401 4660 oculos
1462 4617 1791 4674 penetraret.
1847 4607 1955 4663 Hos

380 4702 544 4771 igitur
568 4712 764 4754 nervos
796 4698 851 4751 in
893 4697 1035 4751 oculi
1065 4696 1334 4752 thalamos
1358 4697 1563 4766 ingredi
1603 4698 1951 4752 manifestum

380 4793 629 4847 habetur.
675 4788 974 4844 Thalamus
1029 4787 1176 4842 enim
1221 4787 1366 4842 oculi
1416 4791 1711 4856 penetrale,
1756 4791 1808 4843 in
1839 4807 1950 4859 quo

381 4881 579 4936 tunicae
624 4886 842 4941 coeunt,
903 4877 1197 4943 lumenque
1261 4877 1532 4938 consistit.
1586 4890 1949 4949 nuncupatur.

380 4973 675 5028 Thalamus
722 4967 1030 5039 siquidem.
1084 4968 1240 5036 quasi
1303 4968 1645 5036 thalpatnus,
1699 4973 1837 5024 unde
1893 4980 1950 5025 et

374 5065 603 5132 juvenes
649 5061 702 5115 in
741 5057 1000 5113 thalamis
1027 5057 1260 5126 degunt;
1292 5056 1447 5112 decet
1490 5059 1632 5111 enim
1694 5058 1950 5116 ﬂorentes

378 5168 627 5224 corpore,
667 5167 773 5206 non
801 5150 894 5220 qui
920 5149 1173 5204 exstincti
1206 5148 1404 5202 caloris
1436 5158 1565 5202 sunt
1598 5150 1650 5203 in
1696 5152 1950 5208 thalamis

378 5245 560 5307 coire,
602 5252 662 5298 ut
712 5241 981 5298 Hesiodus
1019 5260 1032 5296 :
1076 5239 1180 5295 Sed
1225 5241 1538 5308 tempestivis
1587 5243 1836 5297 thalamis
1885 5247 1951 5299 sit

443 5443 491 5475 ⁷⁰
530 5439 895 5516 Δκεκρωμένας
921 5438 980 5496 Ρ.
1048 5441 1100 5516 _'"
1145 5441 1175 5493 6
1227 5441 1408 5516 ξηιλ-Β
1457 5441 1514 5494 Ρ.
1591 5443 1648 5516 "_’A
1699 5444 1806 5510 ἔξω
1845 5445 1902 5496 ll.
1978 5445 2022 5516 f’"
2053 5447 2136 5514 ὁρ.
2171 5447 2226 5495 ἐν
2269 5462 2338 5516 κε
2378 5445 2536 5514 στῆν.
2572 5446 2647 5516 μὴ
2690 5447 2806 5498 δυν.
2840 5444 2886 5516 ΒΔ
2914 5443 2999 5516 Ρη
3051 5445 3094 5516 “ff
3117 5444 3184 5497 τὰ
3239 5445 3356 5516 οὒᾲσ.
3392 5443 3455 5496 Β.

2075 3414 2255 3450 κειται
2284 3398 2488 3470 μορίων
2513 3414 2526 3427 ·
2559 3399 2619 3451 τὸ
2655 3399 2753 3470 μὲν
2788 3400 2832 3431 ⁷⁹
2853 3401 3058 3471 ὑγρῶν,
3081 3401 3142 3452 τὸ
3161 3400 3219 3452 δὲ
3242 3401 3288 3432 ³⁸
3317 3398 3582 3470 χιτώνων
3604 3401 3666 3452 ⁸³.

2075 3489 2186 3543 Καὶ
2221 3491 2307 3544 ἵνα
2359 3491 2564 3545 τούτων
2607 3491 2854 3562 εἴπωμεν
2898 3492 2968 3545 τά
3008 3510 3066 3546 τε
3113 3493 3378 3563 ὀνόματα,
3435 3492 3539 3545 καὶ
3577 3493 3668 3544 τὸν

2073 3580 2330 3652 ἀριθμὸν,
2374 3584 2469 3634 καὶ
2517 3583 2617 3646 τὰς
2648 3581 2914 3652 ἐκφύσεις
2936 3584 3004 3649 ⁸¹,
3047 3585 3140 3637 καὶ
3172 3584 3274 3646 τὰς
3309 3583 3533 3655 χρείας,
3573 3584 3666 3636 καὶ

2072 3674 2172 3738 τὰς
2193 3675 2500 3745 ἐνεργείας,
2526 3673 2776 3728 ἐντεῦθεν
2803 3674 3118 3745 ἀρξώμεθα.

2140 3870 2233 3920 Δεῖ
2264 3867 2462 3921 εἰδέναι
2511 3870 2593 3922 ὃτι
2638 3868 2744 3922 ἀπὸ
2782 3867 2879 3920 τοῦ
2932 3869 3240 3936 ἐγκεφάλου
3277 3869 3590 3941 ἐκφέρεται
3619 3872 3660 3904 ⁸³

2068 3961 2163 4014 δύο
2189 3962 2354 4031 νεῦρα
2382 3961 2453 4014 τὰ
2473 3961 2689 4016 όπτικὰ
2711 3963 3232 4033 προσαγορευόμενα
3254 3977 3269 3993 ο
3301 3963 3533 4033 πρῶτον
3561 3966 3658 4034 μὲν

2069 4053 2178 4124 γὰρ
2202 4054 2376 4124 ταύτῃ
2408 4055 2472 4124 τῇ
2503 4052 2756 4124 αίσθήσει
2783 4053 2993 4124 πέμπει
3029 4057 3056 4107 6
3087 4054 3398 4122 ἐγκέφαλος
3438 4057 3618 4127 νεῦρα
3640 4072 3655 4086 ·

2065 4145 2261 4198 ἔπειτα
2291 4145 2348 4197 δὲ
2381 4146 2475 4199 καὶ
2507 4145 2587 4215 τῷ
2618 4147 2784 4198 παντὶ
2817 4148 3052 4215 σώματι.
3094 4147 3356 4217 Διαφέρει
3395 4148 3654 4202 δὲταῦτα

2063 4237 2176 4290 τῶν
2206 4237 2382 4292 ἄλλων
2410 4237 2620 4308 νεύρων
2641 4255 2654 4268 ·
2681 4238 2766 4290 ὅτι
2785 4237 2853 4290 τὰ
2884 4238 2980 4308 μὲν
3002 4239 3058 4290 ἐν
3078 4237 3158 4307 τῷ
3180 4239 3345 4292 παντὶ
3364 4238 3592 4308 σώματι
3610 4240 3652 4271 ⁸⁵

2066 4333 2240 4384 ναστά
2297 4331 2358 4382 τέ
2410 4332 2524 4382 ἐστι
2580 4331 2671 4380 καὶ
2726 4329 2979 4382 άκοίλιαο
3010 4329 3160 4381 τὰδὲ
3190 4329 3302 4382 τῶν
3347 4330 3651 4400 ὀφθαλμῶν

2063 4419 2314 4491 αὺλοειδῆ
2346 4422 2441 4474 καὶ
2490 4421 2804 4490 τετρημένα
2835 4421 2902 4486 ⁸⁸,
2954 4421 3041 4473 ἵνα
3099 4421 3358 4490 σωλήνων
3394 4422 3560 4491 δίκην
3594 4425 3649 4474 τὸ

2065 4512 2288 4565 ὁπτικὸν
2331 4512 2549 4582 πνεῦμα
2591 4511 2744 4580 παρὰ
2774 4512 2868 4564 τὸν
2897 4512 3179 4582 ὀφθαλμὸν
3218 4513 3266 4544 ⁸⁸
3321 4513 3645 4582 δχετεύωσι.

2063 4603 2248 4658 Ταῦτα
2281 4605 2463 4656 τοίνυν
2495 4604 2861 4672 ἐμϐάλλονται
2893 4605 2975 4666 εἰς
3003 4603 3104 4666 τὰς
3135 4603 3440 4672 λεγομένας
3471 4604 3619 4657 θαλά

2063 4710 2196 4762 μους
2215 4693 2258 4724 ⁸⁷
2293 4693 2404 4745 τῶν
2439 4691 2757 4761 ὀφθαλμῶν.
2798 4693 3055 4761 Θάλαμος
3093 4692 3150 4745 δὲ
3186 4691 3410 4759 λέγεται
3439 4695 3502 4746 τὸ
3541 4694 3643 4746 {sui

2057 4783 2150 4837 τοῦ
2179 4783 2486 4854 ὀφθαλμοῦ,
2513 4785 2570 4835 ὲν
2589 4777 2632 4851 ᾧ
2659 4785 2707 4835 οἱ
2740 4783 2968 4854 χιτῶνες
2996 4784 3268 4845 ὲνοῦνται,
3299 4785 3397 4838 καὶ
3427 4786 3567 4837 αὐτὸ
3586 4787 3640 4837 τὸ

2061 4877 2176 4946 φῶς
2228 4878 2445 4929 ἐνοικεῖ.
2480 4877 2637 4946 Παρά
2664 4877 2774 4946 γάρ
2806 4877 2867 4928 τὸ
2897 4875 3125 4929 θάλπειν
3172 4875 3388 4942 γίνεται
3434 4876 3637 4930 θάλπαο

2062 4986 2161 5038 μος
2188 4969 2232 5000 ⁸⁸
2268 4969 2362 5021 καὶ
2382 4968 2627 5037 θάλαμος
2650 4985 2663 4998 ο
2692 4966 2753 5031 ἐξ
2777 4962 2838 5022 οὗ
2859 4967 2954 5021 καὶ
2981 4968 3031 5020 οἱ
3058 4967 3169 5020 νέοι
3200 4966 3632 5035 θαλαμεύονται·

2057 5061 2138 5114 δεῖ
2162 5063 2271 5130 γὰρ
2317 5059 2578 5114 θάλλοντα
2625 5060 2696 5113 τὰ
2728 5058 2957 5130 σώματα
2985 5059 3209 5130 ἔχοντας
3251 5060 3334 5122 είς
3363 5061 3568 5112 ταύτὸν
3594 5061 3633 5090 ³³

2059 5153 2321 5218 συνιέναι,
2356 5153 2452 5206 καὶ
2489 5155 2533 5184 ⁹⁰
2575 5153 2648 5222 μὴ
2675 5152 3090 5222 ἀποϐεϐηκότας
3113 5170 3125 5183 ·
3167 5152 3262 5205 καὶ
3295 5152 3407 5222 γὰρ
3455 5151 3632 5205 Ἠσίο-

2057 5246 2146 5308 δὸς
2175 5262 2332 5316 φησι,
2395 5246 2622 5314 ὨραῙΟς
2667 5245 2734 5299 δὲ
2763 5245 3021 5314 γυναῖκα
3049 5246 3117 5308 ",
3162 5243 3439 5312 θάλαμος
3478 5246 3526 5276 ⁸⁸
3554 5247 3633 5308 εἰς

3534 5447 3626 5496 ηδ

375 5512 583 5596 οωηγᾼὶ.
647 5509 702 5544 ’⁷⁸
726 5509 1284 5596 εὐχρηιστοτάτηνςῆδὲ
1331 5510 1405 5596 [ξι
1429 5521 1548 5579 post
1581 5509 1752 5596 ⁸ὕλης
1791 5515 1916 5568 add.
1953 5586 1964 5596 .

2079 5509 2174 5596 :m.
2204 5516 2283 5596 ii_i_
2315 5515 2373 5569 P.
2405 5533 2417 5568 :
2449 5509 2889 5596 e'6quc‘ﬂavu6é
2910 5530 2923 5542 °
2956 5514 3004 5566 εί
3047 5513 3106 5596 δέ
3153 5513 3362 5596 μικρὸς.
3413 5517 3499 5596 sit;
3542 5517 3625 5596 καὶ

372 5582 704 5654 ἀνάριθμος,
731 5580 1100 5648 σημαίνεικαὶ
1124 5580 1332 5634 ἔνδειαν
1355 5581 1486 5650 ὕλης
1507 5583 1603 5634 καὶ
1626 5580 1909 5654 δονάμεως
1941 5585 2183 5637 ἀτονίαν.
2237 5586 2283 5616 ⁷⁷
2313 5580 2619 5656 χρημάτων
2639 5587 2707 5640 Α.
2783 5585 2829 5615 ⁷⁸
2862 5601 2930 5653 χα

375 5650 413 5706 Β
438 5651 500 5709 Ρ.
576 5651 624 5684 ⁸⁰
651 5651 758 5705 τῶν
789 5651 846 5704 δὲ
876 5650 916 5703 Β
943 5648 1004 5703 Ρ.
1083 5650 1126 5682 ⁸³
1160 5651 1387 5709 γιτόνων
1417 5651 1483 5707 Α.
1560 5652 1605 5684 ⁸⁸
1640 5653 1832 5709 φύσεις
1872 5654 1932 5706 Β.
2010 5653 2057 5684 ⁸³
2092 5655 2349 5709 φέρονται
2410 5657 2448 5708 Β
2475 5653 2515 5709 C
2543 5654 2601 5709 P.
2699 5655 2746 5687 ⁸⁵
2783 5655 2930 5709 διαφε

2092 5671 2349 5724 φερονται
2410 5671 2448 5708 ις
2475 5671 2515 5709 ι.
2543 5671 2601 5709 ι’.

661 5737 818 5795 mox_
836 5719 974 5795 male
1005 5719 1221 5795 pigra.
1272 5721 1326 5795 _”
1361 5719 1717 5795 τετριμμένα
1745 5721 1808 5777 Β.
1887 5722 1934 5755 ⁸⁸
1961 5719 2448 5795 τοὺςόφθαλμοὺς
2475 5725 2534 5790 Β,
2589 5729 2702 5789 τοῖς
2743 5719 3046 5795 ὀφθαλμοῖς
3071 5722 3129 5778 Ρ.
3157 5719 3171 5722 “
3207 5723 3253 5755 ⁸⁷
3285 5719 3537 5794 θαλάμας
3565 5724 3617 5776 Β.

375 5648 500 5709 BP.
576 5648 624 5684 ⁸⁰
651 5651 758 5705 τῶν
789 5651 846 5704 δὲ
876 5650 916 5703 Β
943 5648 1004 5703 Ρ.
1083 5650 1126 5682 ⁸⁸

371 5727 482 5778 om'.
542 5721 580 5775 Α
593 5763 608 5787 ,

369 5791 417 5862 ἐ
476 5791 746 5862 θάλπιμος
849 5791 888 5844 C
921 5789 981 5843 P.

372 5861 630 5918 citatione
650 5860 658 5862 “
675 5861 820 5916 omni
862 5870 1014 5917 caret
1044 5860 1108 5916 C.

1160 5651 1387 5722 χιτόνων
1417 5651 1483 5707 Α.
1560 5652 1605 5684 ⁸⁸
1640 5651 1832 5722 φύσεις
1872 5654 1932 5706 Β.

1085 5791 1132 5824 ⁸⁸
1165 5791 1329 5846 αὐτὸν
1360 5791 1400 5845 Β
1430 5793 1468 5847 C
1498 5791 1558 5846 Ρ.
1583 5791 1588 5792 ⁷
1625 5793 1672 5826 ⁹⁰
1698 5795 1791 5846 καὶ
1827 5807 1938 5850 om.
1979 5793 2045 5849 A.
2123 5791 2436 5864 "ﬁuvdlxa
2465 5796 2523 5861 Β,
2550 5791 2830 5864 γυναικῶν
2858 5799 2922 5849 Α.

3021 5585 3155 5645 ποὺς
3181 5584 3241 5637 Β.
3318 5585 3362 5615 ’³
3391 5585 3500 5637 τῶν
3533 5586 3623 5652 μὲν

2699 5655 2746 5687 ⁸⁵
2783 5652 3035 5724 διαφέρει
3072 5670 3249 5724 usque
3292 5652 3365 5724 ad,
3415 5653 3621 5722 σώματι

3034 5795 3081 5826 ⁹²
3107 5801 3382 5864 postrema
3407 5808 3519 5849 om.
3557 5796 3614 5856 Δ,
