3842 6404
379 391 517 448 H67

1697 394 1982 450 MELETII
2021 395 2334 452 MONACHI

3529 405 3662 456 H68

375 512 601 568 laternis
649 512 888 566 lucernae
933 527 1196 576 accensm,
1246 512 1382 567 nihil
1434 529 1463 566 a
1514 527 1683 567 cornu
1723 528 1950 582 corpore

2072 514 2146 568 l'ev
2180 517 2364 584 φανῶν
2393 517 2784 588 περιεχόμενος
2820 519 2848 570 ὁ
2873 517 3068 587 λύχνος
3096 517 3158 570 τὸ
3200 519 3318 585 φῶς
3353 517 3416 568 τὸ
3450 518 3668 568 οἰκεῖον

377 606 749 674 impedimenti
816 606 1151 671 sentientes,
1216 606 1496 676 proprium
1553 607 1733 660 lumen
1795 615 1950 660 extra

374 697 648 762 emittunt,
685 699 754 752 ita
785 698 928 753 oculi
961 713 1244 764 corneum,
1275 715 1398 754 cum
1431 698 1824 753 translucidum
1855 703 1948 762 sit,

374 791 605 845 visibilis
658 792 885 860 spiritus
937 791 1245 846 facultatem
1301 793 1615 862 neutiquam
1659 793 1948 862 intercipit.

375 881 552 952 Hujus
592 884 799 954 gratia,
854 885 1038 939 tunica
1084 900 1247 955 quam
1295 885 1630 955 superiorem
1671 885 1909 939 diximus
1935 924 1950 949 ,

375 982 547 1027 totum
595 988 857 1028 corneum
909 973 1336 1044 haudquaquam
1386 974 1806 1043 complertitur,
1857 973 1952 1028 sed

375 1062 506 1118 dum
544 1064 722 1133 ipsum
787 1065 1129 1119 circulariler
1186 1066 1544 1136 constringit,
1592 1067 1953 1135 comprehen-

375 1155 603 1224 ditque,
639 1171 804 1210 unam
850 1165 1060 1211 tantttm
1115 1156 1235 1226 ejus
1274 1158 1576 1227 portionem
1627 1159 1950 1214 circularem

376 1246 656 1316 relinquit,
707 1263 815 1317 qua
847 1241 1123 1304 visibilem.
1151 1250 1402 1318 spiritum
1432 1261 1586 1304 extra
1629 1251 1951 1320 ejaculetur.

376 1337 532 1404 Quod
588 1349 770 1395 autem
822 1356 1080 1396 corneum
1130 1351 1323 1395 natura
1356 1342 1536 1394 album
1582 1343 1673 1405 sit,
1727 1344 1827 1398 hoc
1856 1359 1955 1396 nu-

377 1431 463 1485 bis
501 1441 822 1501 argumento
851 1442 954 1497 est,
986 1434 1111 1502 quia
1157 1448 1282 1487 cum
1329 1433 1588 1488 densatur
1625 1434 1806 1487 album
1850 1437 1950 1488 lit:

377 1521 555 1589 ipsum
602 1524 782 1588 enim,
836 1524 890 1576 in
941 1523 1026 1578 bis
1075 1524 1168 1594 qui
1228 1525 1366 1578 albis
1418 1535 1545 1579 sunt
1592 1527 1766 1580 oculis
1813 1542 1953 1596 pra:-

376 1612 495 1677 diti,
531 1613 761 1668 densum
797 1612 1026 1669 edicitur
1063 1633 1077 1670 :
1113 1631 1304 1675 verum
1342 1632 1446 1669 non
1493 1616 1574 1670 sui
1612 1628 1826 1683 natura,
1860 1619 1953 1673 sed

377 1705 552 1760 uvalis
605 1696 774 1776 gratia
812 1707 956 1776 quod
989 1706 1091 1761 sibi
1125 1707 1430 1777 subjectum
1471 1717 1574 1771 est,
1622 1724 1650 1762 a
1695 1725 1804 1779 quo
1830 1725 1954 1765 cum

2056 604 2162 670 ἔξω
2194 611 2428 678 πέμπει,
2469 609 2638 680 μηδὲν
2669 609 3061 678 ἐμποδίζοντος
3083 609 3163 679 τῷ
3189 609 3374 679 λύχνῳ
3407 607 3513 661 τοῦ
3555 607 3665 661 σώ-

2059 719 2229 770 ματος
2250 720 2262 732 ο
2293 702 2436 755 οὕτω
2477 702 2760 756 κάνταῦθα
2790 704 2817 754 ό
2845 704 3218 774 κερατοειδὴς,
3251 701 3540 771 διαφανὴς
3565 701 3665 762 ὢν,

2055 795 2155 846 οὐκ
2179 795 2464 865 ἐμποδίζει
2493 795 2552 848 τὸ
2574 795 2799 848 ὀπτικδν
2827 795 3045 867 πνεῦμα
3073 797 3354 862 διεξιέναι.
3380 796 3486 847 Διά
3524 794 3664 846 ταύ-

2055 906 2155 957 την
2192 889 2291 959 τὴν
2324 889 2506 943 αἰτίαν
2555 890 2651 943 καὶ
2683 891 2711 942 ό
2753 888 3110 956 ἐπιπεφυκὼς
3152 890 3212 942 οὗ
3246 891 3430 942 πάντα
3491 904 3664 957 περι.

2055 981 2328 1051 λαμϐάνει
2355 981 2447 1034 τὸν
2486 983 2832 1054 κερατοειδῆ,
2865 982 3001 1036 ἁλλά
3039 982 3226 1052 κυκλῷ
3255 980 3663 1051 περισφίγγων

2057 1075 2241 1140 αὑτὸν,
2273 1075 2369 1128 καὶ
2399 1075 2849 1145 περιλαμϐάνων,
2887 1073 3084 1145 μοῖράν
3100 1092 3222 1127 τινα
3244 1073 3416 1128 αὐτοῦ
3452 1073 3665 1125 mawa

2057 1168 2189 1238 τερῆ
2229 1167 2488 1236 ἀφίησιν’
2524 1168 2612 1222 ἵνα
2637 1167 2704 1220 δι’
2742 1167 2916 1237 αὐτῆς
2955 1167 3280 1239 ἐξακοντίζῃ
3314 1167 3380 1218 τὸ
3417 1165 3664 1218 omni)”

2059 1261 2298 1331 πνεῦμα.
2352 1262 2473 1314 Ὅτι
2501 1261 2559 1315 δὲ
2588 1262 2684 1315 καὶ
2734 1263 2764 1314 ό
2817 1262 3171 1332 κερατοειδὴς
3229 1261 3396 1330 φύσει
3453 1260 3664 1322 λευκός

2058 1356 2196 1418 ἐστι,
2225 1355 2383 1426 δῆλον
2414 1357 2477 1408 ἐκ
2499 1355 2593 1409 τοῦ
2621 1355 2999 1425 παχυνόμενον
3028 1353 3194 1407 αὑτὸν
3222 1351 3658 1407 λευκαίνεσθαι’

2060 1447 2364 1517 παχύνεται
2390 1448 2447 1501 δὲ
2475 1450 2534 1502 ἐν
2568 1450 2681 1511 τοῖς
2714 1446 3033 1515 λευκώμασι
3060 1460 3073 1474 °
3111 1446 3365 1513 φαίνεται
3404 1445 3464 1496 δὲ
3498 1445 3660 1511 ὅμως

2066 1541 2254 1610 μέλας,
2296 1542 2356 1594 οὐ
2380 1540 2468 1594 διὰ
2496 1540 2596 1612 τὴν
2629 1541 2836 1594 οίκείαν
2867 1539 3052 1608 φύσιν,
3083 1538 3199 1591 ἀλλ’
3237 1540 3318 1590 ὅτι
3341 1536 3662 1604 ὑποκείμε-

2061 1650 2152 1694 νος
2195 1631 2345 1700 αὒτῷ
2409 1632 2437 1684 ὁ
2489 1630 2800 1702 ραγοειδὴς,
2857 1629 3066 1683 νοθεύει
3117 1628 3281 1682 αὐτοῦ
3315 1629 3380 1680 τὸ
3419 1625 3657 1697 χρῶμα.

2062 1724 2215 1778 Εἰσὶν
2248 1722 2342 1778 οὖν
2372 1725 2422 1778 οἱ
2445 1724 2541 1778 δύο
2569 1724 2668 1796 μὲν
2690 1724 2899 1788 λευκοὶ,
2923 1725 3095 1795 ἦγουν
3118 1724 3147 1776 ὁ
3174 1739 3234 1774 κε
3245 1720 3543 1793 ρατοειδὴς
3565 1719 3666 1769 καὶ

377 1795 528 1849 color
558 1795 677 1864 ejus
726 1794 1088 1859 adulteretur,
1133 1797 1348 1866 nigrum
1387 1812 1506 1852 csse
1539 1798 1773 1853 videtur.
1810 1799 1953 1856 Duas

2072 1821 2088 1872 5
2131 1819 2490 1888 ἐπιπεφυκὼς
2517 1837 2531 1849 ·
2572 1794 2808 1888 μέλανες
2839 1817 2897 1870 δὲ
2931 1794 2982 1870 οἱ
3012 1816 3106 1869 δύο
3130 1832 3142 1846 ·
3184 1816 3212 1869 ὅ
3249 1832 3308 1867 τε
3374 1811 3668 1883 ἀμφιελη-

377 1886 543 1956 igitur
594 1887 909 1951 tunit-ulas,
968 1902 1225 1943 corneam
1281 1901 1335 1944 et
1385 1890 1748 1960 superiorem,
1803 1893 1953 1949 albas

2072 1881 2364 1985 στροειδὴς.
2402 1881 2495 1964 καῖ
2537 1881 2922 1982 δ’ραγοειδήςο
2961 1910 3090 1980 περ).
3119 1907 3218 1979 μὲν
3256 1906 3301 1938 ¹⁸
3330 1881 3445 1958 τῶν
3480 1902 3664 1972 χιτώο

377 1994 499 2034 esse
532 1989 750 2034 constat
789 1999 804 2032 :
834 1981 1002 2050 nigra:
1039 1997 1169 2037 vero
1209 1983 1456 2050 totidem,
1487 1985 1794 2039 reticularis
1827 2002 1958 2041 ura-

379 2073 556 2142 lisque
579 2081 744 2140 sunt;
777 2073 844 2128 de
880 2088 1067 2128 earum
1102 2073 1287 2144 itaque
1323 2075 1533 2145 origine
1563 2117 1577 2139 ,
1618 2093 1682 2132 ac
1727 2093 1957 2132 numero

378 2164 692 2234 coloreque,
733 2182 944 2223 necnon
987 2185 1127 2240 quas
1173 2171 1565 2240 appellationes
1625 2175 1953 2239 sortiuntur,

379 2256 514 2311 satis
557 2258 887 2327 explicatum
929 2270 1033 2317 est.

453 2349 645 2405 Restat
677 2354 754 2406 uti
809 2353 875 2408 de
918 2355 1242 2412 humoribus
1277 2359 1565 2413 oculorum
1605 2359 1807 2428 quibus
1853 2358 1955 2427 ipsi

381 2451 508 2496 sunt
532 2443 741 2510 prtcditi
767 2444 1130 2515 disseramus;
1153 2449 1250 2503 hos
1273 2449 1417 2503 enim
1443 2459 1552 2505 tres
1581 2465 1702 2505 esse
1729 2465 1957 2504 numero

380 2533 631 2589 dicimus.
672 2535 888 2592 Primus
923 2539 1142 2606 quidem
1175 2541 1380 2596 vitreus
1406 2541 1602 2594 humor
1636 2550 1742 2601 est,
1775 2541 1867 2610 qui
1903 2541 1954 2594 iu

379 2623 560 2678 medio
582 2625 811 2681 visibilis
836 2637 1045 2683 meatus
1074 2629 1346 2691 consistit,
1372 2630 1514 2683 unde
1544 2630 1694 2684 nervi
1720 2631 1954 2698 sparsim

376 2717 538 2785 positi
575 2717 919 2774 reticularem
962 2721 1201 2775 tunicam
1242 2723 1603 2776 constituunt.
1646 2721 1744 2777 llic
1774 2732 1953 2776 autem

377 2808 574 2862 humor
593 2809 797 2864 vitreus
825 2820 1193 2880 nuncupatur,
1225 2815 1369 2883 quod
1407 2829 1516 2883 pra:
1549 2815 1633 2868 sui
1660 2813 1804 2868 ﬂuxu
1841 2824 1954 2869 tum

377 2899 595 2967 colore,
629 2910 741 2955 tum
786 2903 1178 2960 constitutione
1220 2905 1418 2958 vitrum
1468 2904 1684 2975 eliigiet.
1729 2907 1811 2960 Ab
1854 2906 1956 2961 hoc

377 2992 540 3054 alius,
564 2993 656 3062 qui
679 2994 978 3064 crystallini
1005 3011 1202 3051 nomen
1227 2997 1456 3062 obtinet,
1483 2998 1682 3051 humor
1707 3005 1810 3060 est,
1833 2998 1957 3052 inde

374 3084 651 3150 videlicet,
675 3085 818 3154 quod
845 3087 1034 3156 glaciei
1055 3102 1176 3156 quae
1192 3103 1221 3141 a
1241 3087 1443 3143 Graecis
1465 3088 1795 3159 κρύσταλλος
1823 3089 1951 3143 dici-

377 3187 486 3241 tur,
528 3177 723 3236 similis
749 3179 839 3234 sit.
880 3179 1089 3248 Aquam
1125 3195 1362 3248 namque
1408 3178 1607 3246 frigore
1638 3192 1949 3234 concretam
1987 3220 2030 3276 ί.

377 3268 602 3338 glaciem
634 3279 780 3324 recte
803 3271 1026 3325 dixeris.
1061 3269 1211 3326 Talis
1242 3272 1510 3341 siquidem
1543 3272 1740 3326 humor
1762 3273 1950 3343 glaeici

375 3361 516 3430 ipsi,
553 3361 754 3418 coloris
795 3363 1313 3432 constitutionisque
1344 3364 1701 3419 similitudine
1725 3381 1952 3435 respon-

375 3453 484 3507 det.
525 3451 625 3507 Hic
655 3464 837 3508 autem
888 3455 1084 3509 humor
1141 3455 1457 3510 dimidiatus
1488 3471 1610 3509 cum
1641 3457 1813 3510 vitreo
1849 3457 1951 3510 hu-

377 3561 564 3613 more,
617 3562 682 3602 ac
733 3546 975 3601 vicissim
1035 3548 1329 3603 transfixus
1387 3547 1685 3602 cut-.l'ertur.
1734 3547 1953 3602 Tertius

375 3647 556 3692 autem
590 3639 785 3692 humor
811 3639 952 3694 oculi
983 3640 1154 3694 ovalis
1185 3640 1404 3700 dicitur,
1437 3641 1581 3709 quod
1615 3642 1797 3695 subtili
1832 3658 1952 3711 quae

376 3731 431 3784 in
467 3746 571 3785 ovo
601 3740 683 3786 est
721 3740 775 3786 et
809 3733 1054 3788 candidae
1086 3735 1226 3802 parti
1254 3734 1451 3788 similis
1477 3744 1579 3788 est.
1613 3735 1680 3788 Et
1732 3735 1951 3805 quidem

377 3823 576 3877 humor
618 3825 823 3879 vitreus
883 3826 1084 3896 duplici
1138 3827 1260 3881 usui
1296 3827 1406 3898 62
1456 3828 1950 3883 accommodatur:

378 3932 502 3970 nam
549 3917 868 3988 crystallina
913 3928 1025 3973 tum
1056 3934 1290 3987 superne
1336 3920 1662 3982 obducitur,
1710 3931 1822 3976 tum
1851 3922 1952 3991 ipsi

378 4008 701 4064 alimentum
730 4010 995 4080 suggerit.
1059 4012 1130 4064 At
1168 4011 1345 4064 ovalis
1392 4021 1754 4081 praeterquam
1807 4014 1954 4082 quod

378 4101 752 4172 crystallinum
780 4102 849 4157 ob
872 4102 1125 4158 assiduas
1154 4103 1399 4158 actiones
1430 4103 1814 4158 siccescentem
1840 4120 1956 4159 ma-

379 4189 599 4251 defacit,
627 4191 1092 4260 propugnaculum
1117 4191 1278 4246 etiam
1311 4192 1430 4261 ejus
1456 4203 1558 4259 est,
1586 4209 1652 4247 ne
1679 4193 1886 4248 scilicet
1904 4205 1957 4250 et

380 4282 434 4336 in
459 4281 787 4337 ambientem
819 4298 942 4336 aera
973 4293 1196 4354 repente
1230 4284 1498 4349 incidens,
1536 4285 1604 4338 ab
1624 4285 1742 4354 ipso
1772 4287 1953 4356 aliqua

380 4389 445 4428 ex
470 4383 622 4443 parte
640 4373 960 4441 lzederetur;
985 4375 1131 4438 talis,
1151 4378 1394 4445 inquam,
1418 4376 1592 4432 ovalis
1615 4378 1812 4433 humor
1828 4379 1956 4434 sub-

382 4467 491 4525 tilis
512 4477 564 4522 et
600 4483 793 4522 aereus
814 4468 1064 4531 habetur,
1084 4469 1162 4524 sic
1186 4479 1242 4524 ut
1270 4469 1472 4524 visibili
1497 4469 1711 4539 spiritui
1742 4486 1834 4540 per
1851 4487 1954 4540 νυ·-

2059 2024 2168 2059 νων
2213 2007 2313 2074 τῆς
2365 2022 2425 2057 τε
2457 2005 2767 2074 ἐκφύσεως,
2817 2003 2915 2056 καὶ⁸
2943 2001 3039 2055 τοῦ
3092 1999 3355 2072 ἀριθμοῦ,
3414 1997 3520 2051 καὶ
3557 1995 3666 2062 τῆς

2058 2098 2251 2168 χρείας
2313 2095 2516 2159 αὐτῶν,
2569 2095 2668 2148 καὶ
2723 2095 2822 2165 τῆς
2876 2091 3178 2164 ὀνομασίας
3242 2090 3552 2160 αὐτάρκως
3588 2086 3666 2138 εζ-

2059 2206 2240 2262 ρηταμ

2132 2345 2398 2416 Εἴπωμεν
2431 2344 2490 2398 δὲ
2528 2345 2572 2378 ¹⁸
2603 2343 2736 2413 περὶ
2772 2340 2882 2394 τῶν
2917 2342 2975 2393 ἐν
3005 2340 3192 2402 αὐτοῖς
3227 2339 3402 2390 όντων
3442 2335 3662 2405 ὑγρῶν·

2059 2441 2166 2495 είσὶ
2213 2440 2270 2493 δὲ
2309 2439 2377 2492 τὰ
2436 2437 2528 2490 τοῦ
2567 2435 2851 2507 ὀφθαλμοῦ
2898 2432 3045 2503 ὑγρά
3092 2431 3184 2485 τὸν
3217 2431 3457 2502 ἀριθμὸν
3501 2428 3659 2499 τρία.

2059 2535 2171 2587 Καὶ
2203 2532 2426 2602 πρῶτον
2466 2531 2567 2601 μέν
2605 2532 2723 2583 ἐστι
2771 2526 2832 2580 τὸ
2863 2525 3094 2589 ὑελῶδες
3114 2543 3128 2556 ·
3153 2525 3183 2578 δ
3213 2524 3309 2577 καὶ
3345 2523 3392 2553 ¹⁶
3417 2521 3572 2575 κατὰ
3600 2522 3664 2573 τὸ

2063 2629 2229 2699 μέσον
2253 2626 2500 2695 ἔγκειται
2521 2623 2615 2677 τοῦ
2639 2620 2871 2676 ὀπτικοῢ
2904 2621 3076 2692 πόρου
3102 2636 3115 2650 ο
3147 2617 3271 2672 ὃθεν
3292 2617 3351 2670 αἱ
3381 2616 3660 2684 διεσπαρ-

2062 2723 2224 2793 μέναι
2257 2715 2372 2782 ἶνες
2399 2716 2617 2773 ποιοῦσι
2643 2715 2736 2769 τὸν
2763 2710 3294 2784 ἀμφιόληστροειδῆ’
3330 2706 3575 2762 καλοῦσι
3604 2706 3660 2758 δὲ

2060 2812 2323 2875 ὐελῶδες
2356 2810 2515 2864 τοῦτο
2565 2807 2628 2860 τὺ
2674 2807 2862 2879 ὑγρὸν,
2897 2807 2979 2860 ὅτι
3009 2823 3115 2876 περ
3166 2804 3211 2834 ⁸⁷
3257 2799 3659 2872 παραπλήσιόν

2059 2911 2208 2962 ἐστιν
2244 2905 2408 2975 ὑάλῳ,
2443 2901 2588 2956 κατά
2609 2918 2670 2955 τε
2697 2901 2760 2954 τὸ
2788 2899 2987 2970 χρῶμα
3021 2897 3116 2951 καὶ
3142 2895 3286 2950 κατὰ
3307 2893 3411 2957 τὴν
3446 2888 3656 2942 σύστα-

2063 3023 2167 3060 σιν.
2203 3003 2340 3059 Μετ’
2365 3001 2545 3053 ἐκεῖνο
2568 2996 2626 3050 δέ
2662 2997 2779 3048 ἐστι
2807 2990 3186 3060 τὸλεγόμενον
3215 2986 3660 3056 κρυσταλλοει-

2059 3097 2162 3163 δὲς
2195 3096 2238 3128 ⁸⁸
2274 3093 2474 3164 ὑγρόνσ
2508 3091 2603 3145 καὶ
2635 3089 2751 3158 ἔχει
2794 3083 2963 3138 αὐτοῦ
3006 3081 3107 3151 τὴν
3145 3076 3455 3148 ὀνομασίαν
3505 3074 3662 3143 παρὰ

2061 3190 2124 3242 τὸ
2153 3187 2389 3241 ἐοικέναι
2421 3181 2750 3256 κρυστάλλῳ
2782 3181 2848 3212 ’θ’
2873 3174 3218 3249 κρύσταλλος
3248 3171 3296 3203 ’⁸
3320 3169 3381 3222 δέ
3410 3171 3538 3222 ἐστι
3566 3184 3661 3219 7:-

2009 3259 2031 3278 Δ
2065 3281 2242 3351 πηγὸς
2269 3277 2414 3347 ὕδωρ
2438 3255 2635 3328 (ἔοικε
2665 3271 2720 3325 δὲ
2751 3269 2928 3339 τούτῳ
2959 3265 3103 3320 κατά
3137 3280 3197 3316 τε
3229 3261 3290 3315 τὸ
3319 3258 3535 3330 χρῶμα
3567 3255 3661 3351 καέ

2062 3349 2206 3424 κατὰ
2234 3369 2334 3438 τὴν
2371 3366 2667 3420 σύστασινο
2711 3360 3013 3433 συμϐάλλει
3045 3358 3103 3412 δὲ
3142 3355 3203 3408 τὸ
3227 3355 3408 3425 ἥμισυ
3449 3351 3520 3414 ²¹,
3568 3349 3661 3402 καὶ

2061 3457 2174 3515 οἷον
2206 3460 2561 3530 ἐμπέπαρται
2609 3457 2669 3509 τὸ
2712 3453 2945 3517 ὑελῶδες
2977 3451 3144 3519 ὑγρὸν
3184 3447 3326 3519 μετά
3366 3445 3470 3499 τοῦ
3520 3461 3659 3516 κρυ-

2064 3549 2443 3614 σταλλοειδοῦς
2499 3551 2568 3604 ”.
2605 3546 2850 3601 Ἔστιδέ
2903 3545 2998 3598 καὶ
3029 3543 3213 3615 τρίτον
3243 3539 3416 3611 ὑγρὸν
3469 3540 3532 3590 ἐν
3584 3535 3661 3605 τῷ

2060 3643 2359 3716 ὀφθαλμῷο
2395 3644 2490 3697 καὶ
2536 3641 2786 3695 καλεῖται
2821 3637 3083 3703 ὼοειδὲς,
3127 3633 3282 3704 παρά
3314 3631 3377 3685 τὸ
3414 3630 3659 3684 ἐοικέναι

2061 3741 2140 3811 τῷ
2175 3738 2362 3810 λεπτῷ
2391 3738 2485 3791 κα)⁴
2515 3735 2694 3806 λευκῷ
2733 3737 2800 3767 ¹²⁴
2830 3733 2926 3786 τοῦ
2949 3729 3082 3784 ὠοῦ.
3108 3728 3284 3799 Χρεία
3313 3725 3375 3778 ’δέ
3407 3725 3534 3777 ἐστι
3565 3718 3656 3774 τοῦ

2063 3831 2331 3894 ὑελώδους
2373 3831 2560 3900 διττή·
2616 3829 2711 3881 καὶ
2741 3826 2850 3896 γὰρ
2882 3825 2979 3878 καὶ
3016 3821 3370 3891 ὑπέστρωται
3395 3815 3480 3885 τῷ
3523 3831 3657 3885 κρυ-

2065 3921 2396 3977 σταλλοειδεῖ
2429 3922 2496 3986 ⁸³,
2541 3919 2640 3974 καὶ
2666 3917 2860 3989 τρέφει
2895 3913 3052 3968 αὑτό.
3078 3911 3152 3964 Τὸ
3181 3909 3239 3962 δὲ
3285 3906 3515 3968 ὠοειδὲς
3543 3906 3657 3956 ἐπι·

2061 4017 2248 4085 τέγγει
2279 4032 2339 4068 τε
2385 4013 2447 4067 τὺ
2491 4007 2942 4080 κρυσταλλοειδές
2993 4007 3060 4067 ³³,
3103 3999 3345 4071 συνεχῶς
3393 3996 3504 4050 ὑπὸ
3546 3996 3656 4046 τῶν

2061 4107 2356 4180 ἐνεργειῶν
2393 4107 2788 4176 ξηραινόμενον
2807 4116 2820 4130 ·
2860 4098 3003 4154 ἀλλὰ
3031 4097 3140 4170 μὴν
3175 4096 3272 4149 καὶ
3301 4090 3579 4162 πρόϐολος

2062 4179 2227 4258 αὑτοῦ
2264 4201 2514 4270 γίνεται,
2574 4201 2718 4252 ὥστε
2774 4193 2850 4266 μὴ
2897 4191 3123 4263 ἀμέσως
3173 4186 3307 4241 αὐτὸ
3356 4185 3438 4254 τῷ
3490 4179 3654 4251 πέριξ

2061 4294 2266 4366 ὁμιλῶν
2315 4294 2438 4365 ἀέρι
2477 4289 2812 4363 βλάπτεσθαι
2851 4286 2942 4341 ὑπ’
2973 4281 3162 4338 αὑτοῦ.
3198 4281 3357 4334 Ἐστι
3400 4278 3463 4330 δὲ
3491 4276 3652 4328 τοῦτο

2061 4390 2124 4444 τὸ
2175 4388 2393 4450 ὠοειδὲς
2423 4384 2624 4440 λεπτὸν
2671 4383 2768 4436 καὶ
2798 4379 3062 4451 ἀερῶδες,
3112 4376 3189 4437 ὡς
3221 4373 3296 4446 μὴ
3327 4367 3650 4441 ἐμποδίζειν

2062 4479 2140 4548 τῷ
2172 4477 2384 4546 ὀπτικῷ
2416 4475 2690 4546 πνεύματι
2717 4471 3004 4542 φερομένῳ
3035 4465 3187 4539 παρά
3215 4463 3315 4534 τὴν
3347 4462 3544 4533 κόρην.
3579 4460 3650 4512 Τὸ

381 4561 566 4630 pillam
595 4562 908 4630 procedenti
941 4561 1090 4615 nullo
1128 4561 1518 4630 impedimento
1547 4563 1638 4615 sit.
1673 4561 1953 4632 Crystalli-

2072 4573 2118 4626 δὲ
2149 4569 2599 4642 κρυσταλλοειδές
2631 4569 2677 4599 ³⁸
2719 4568 2837 4618 ἐστι
2871 4563 3198 4635 μεσαίτατον
3229 4553 3649 4628 περιλαμϐανό·

381 4669 510 4708 nam
539 4668 670 4709 vero
701 4654 986 4709 humorem
1011 4693 1026 4718 ,
1059 4654 1296 4708 medium
1327 4654 1436 4707 duo
1463 4653 1656 4724 reliqui
1697 4654 1958 4709 humores

381 4760 443 4799 ac
459 4758 583 4799 cum
607 4744 692 4799 his
718 4745 786 4799 de
808 4744 1007 4814 quibus
1023 4743 1261 4798 diximus
1283 4743 1541 4798 tunicula:
1557 4745 1888 4814 suscipiunt,
1905 4753 1960 4799 et

386 4839 503 4907 ipse
529 4847 613 4892 est
640 4838 730 4906 qui
760 4837 989 4892 visibilis
1015 4837 1270 4906 potentia:
1290 4847 1494 4906 partes,
1528 4846 1582 4891 et
1606 4853 1728 4910 quae
1765 4837 1957 4910 primi-

381 4939 470 4986 tus
502 4941 795 4999 operantur
815 4929 1006 4984 obvius
1031 4930 1279 4994 suscipit.

454 5021 745 5076 Enimvero
783 5021 1015 5077 visibilis
1055 5022 1149 5091 qui
1203 5021 1256 5074 in
1299 5020 1474 5076 oculis
1514 5030 1596 5076 est
1641 5023 1887 5092 spiritus,
1924 5039 1954 5076 a

383 5115 610 5170 cerebro
647 5115 712 5169 ad
753 5115 1128 5187 crystallinum
1176 5113 1370 5175 fertur,
1409 5121 1461 5168 et
1496 5113 1766 5183 duplicem
1797 5113 1954 5169 olﬁcii

383 5203 720 5260 iunctionem
775 5205 992 5275 explet,
1038 5205 1263 5259 alteram
1302 5203 1556 5274 quidem,
1613 5205 1690 5259 uti
1738 5205 1956 5260 oculum

384 5297 602 5366 plenum
649 5297 872 5364 reddat,
926 5299 1087 5368 eique
1128 5297 1330 5368 justam
1385 5298 1812 5367 magnitudinem
1857 5299 1960 5354 im-

384 5391 690 5459 pertiatur,
748 5400 804 5447 et
862 5391 1150 5462 plurimam
1211 5389 1524 5446 distantiam
1590 5390 1786 5447 elIiciat
1849 5409 1958 5462 quo

383 5635 532 5690 BC.

384 5845 475 5898 λου
506 5845 567 5902 Β.
646 5849 687 5880 ³⁸
730 5845 848 5919 μηδ’
875 5848 1056 5918 ὀλίγον
1084 5853 1150 5907 Α.

2065 4681 2248 4735 μενον.
2276 4662 2384 4716 ὑπὸ
2408 4661 2518 4715 τῶν
2544 4659 2639 4714 δύο
2662 4658 2846 4728 ὑγρῶν
2863 4653 3089 4710 καὶτῶν
3108 4650 3315 4706 λοιπῶν
3333 4646 3648 4719 εἰρημένων

2061 4755 2342 4828 χιτώνων*
2398 4754 2496 4808 καὶ
2523 4752 2656 4806 αὐτό
2703 4754 2820 4804 ἐστι
2849 4750 2912 4802 τὸ
2962 4741 3509 4815 ἀντιλαμϐανόμενον
3553 4739 3646 4790 καὶ

2059 4848 2172 4902 τῶν
2200 4845 2573 4919 πρωτουργῶν
2605 4843 2812 4916 μορίων
2843 4843 2888 4874 ’⁷
2915 4841 3013 4912 τῆς
3042 4836 3277 4908 ὀπτικῆς
3303 4832 3616 4902 δυνάμεως.

2134 5026 2209 5080 Τὸ
2232 5025 2292 5080 δὲ
2320 5023 2546 5078 όπτικὸν
2576 5021 2796 5092 πνεῦμα
2825 5019 2888 5074 τὸ
2920 5019 2979 5072 ἐν
3023 5019 3136 5080 τοῖς
3163 5013 3496 5085 ὀφθαλμοῖς,
3539 5009 3646 5064 ἀπὸ

2066 5118 2373 5188 ἐγκεφάλου
2409 5118 2454 5150 ’⁸
2479 5115 2707 5188 φέρεται
2737 5115 2798 5166 ἐν
2827 5113 3036 5176 αὐτοῖς,
3073 5109 3174 5164 καὶ
3215 5105 3404 5176 διττὴν
3441 5105 3642 5158 ἀποτε-

2067 5211 2150 5264 λεῖ
2175 5211 2273 5280 τὴν
2309 5209 2500 5280 χρείαν
2521 5225 2537 5240 ο
2578 5208 2709 5277 μίαν
2744 5208 2864 5276 μὲν,
2897 5205 2986 5258 ἵνα
3018 5203 3218 5272 πληροῖ
3246 5198 3338 5253 τὸν
3366 5195 3646 5266 ὀφθαλμὸν

2066 5304 2162 5357 καὶ
2199 5302 2364 5370 ὀγκον
2423 5300 2843 5371 ἀπεργάζηται’
2877 5281 2994 5354 ’καὶ
3052 5295 3319 5363 πλείστην
3372 5292 3504 5356 ποιῇ
3547 5287 3646 5358 τὴν

2066 5394 2348 5446 διάστασιν
2369 5409 2380 5422 ’
2420 5391 2495 5453 ὡς
2525 5392 2590 5446 ἂν
2624 5391 2699 5461 μὴ
2728 5390 2794 5446 δι’
2833 5389 3015 5457 ὀλίγου
3043 5389 3089 5419 ²⁹
3115 5385 3196 5456 τῷ
3235 5383 3404 5455 πέριξ
3434 5382 3558 5452 ἀέρι
3586 5379 3646 5433 τὸ

457 5565 510 5644 *1
542 5565 654 5644 μὲν⁸
682 5566 776 5620 οὖν
811 5563 850 5616 Β
1020 5568 1165 5644 ⁸⁸⁵.δέΔ
1192 5570 1374 5644 λριπὸν
1417 5576 1505 5626 καὶ
1543 5574 1580 5626 Β
1613 5577 1674 5631 Ρ,
1753 5576 1793 5605 ¹⁶
1837 5575 1929 5625 καὶ
1962 5588 2072 5644 out.
2106 5574 2144 5623 Β
2179 5573 2236 5625 Ρ.
2316 5574 2353 5644 ¹Ϊ
2403 5574 2486 5625 ὅτι
2538 5572 2822 5644 κεχυμέναι)
2878 5568 2920 5620 Β
2943 5571 2988 5644 AC
3153 5567 3194 5598 ¹⁸
3226 5560 3643 5644 ,κρυσταλοειδὲς

615 5636 997 5713 ξθ-κρυστάλῳ
1053 5640 1094 5692 Α
1134 5639 1180 5713 ΒΛ
1351 5645 1394 5674 ⁸ο
1439 5645 1738 5713 κρύσταλος
1787 5646 1956 5697 (loud.
1993 5641 2051 5695 P.
2128 5644 2171 5674 “
2202 5643 2533 5713 συμϐάλεται
2571 5635 2637 5696 δὲ’
2674 5635 2866 5695 τούτου
2906 5642 2967 5713 τὸ
3015 5641 3189 5713 ἥμισυ
3225 5635 3364 5690 ΒΡ.
3433 5636 3483 5713 ξ’
3514 5648 3641 5713 Ite?-

388 5691 1282 5784 gjratlouﬁoﬁglA.“oz§>tr,pos_t§06;
1322 5713 1377 5765 Β.
1461 5691 1525 5745 ’r"
1559 5717 1634 5784 τῷ
1670 5691 1818 5777 ἑλίτός
1869 5715 1956 5784 καῖ
2005 5713 2181 5782 λευκῷ
2204 5711 2263 5765 Ρ.

384 5776 553 5857 podii.
631 5778 723 5857 ’.δ-ὀ
754 5777 919 5857 πρόδἱ
945 5777 1004 5857 Β,
1029 5776 1332 5857 ’πρόϐλημα
1363 5785 1422 5838 Ρ.
1498 5787 1542 5817 ’⁵
1573 5776 1953 5857 κρυσταλοειδέ

2072 5776 2190 5838 odd.

2373 5715 2418 5744 ”
2448 5713 2856 5784 κρυσταλοειδεῖ
2892 5703 3099 5784 Codd."
3141 5708 3186 5739 “
3208 5703 3639 5784 ⁸κρυσταλοειδές

2271 5782 2312 5814 ²¹
2344 5784 2402 5836 τὸ
2433 5776 2787 5856 πρωτουργὸν
2834 5783 3021 5853 μόριον
3068 5780 3127 5833 Β.
3205 5780 3248 5810 ⁸⁸
3277 5776 3371 5830 ἀπ’
3406 5776 3638 5854 ἐγκεςά-
