3842 6398
192 364 339 419 “69

1438 349 1528 408 DE
1567 347 1854 407 NATUBA
1896 343 2210 403 HOMINIS.

3299 326 3440 384 H70

192 475 416 538 ὼοειδὶς
449 474 618 546 ὑγρὸν
642 474 805 547 ὀμιλῇ
849 476 892 508 ³⁸
913 491 928 507 ο
961 473 1223 546 δευτέραν
1253 474 1333 539 δὲ,
1378 473 1467 527 ἵνα
1496 472 1770 537 ἐξακοντι-

1875 467 2048 522 ovalis
2109 466 2309 519 humor
2360 474 2469 515 non
2516 457 2774 528 paulatim
2829 468 2893 507 ac
2941 467 3036 522 per
3082 457 3263 519 partes
3318 463 3441 503 cum

191 567 426 639 ζομένου
456 567 499 600 ³⁸
528 568 592 620 ὲκ
613 568 712 638 τῆς
755 568 922 638 κόρης
964 582 1322 635 γινωσκωμεν
1369 565 1644 637 μακρόθεν
1674 562 1771 621 τὰς

186 658 303 712 τῶν
334 657 612 729 αίσθητῶν
668 659 939 729 σωμάτων
991 660 1133 724 ίδὲας
1158 676 1217 713 τε
1269 662 1366 712 καὶ
1419 656 1638 728 χρείας·
1675 653 1770 707 καὶ

186 749 280 803 ἵνα
311 752 340 803 6
364 749 643 820 ὀφθαλμὸς
695 748 880 822 ἁλλοιῇ
932 749 1127 815 ταῦτα,
1156 748 1251 805 καὶ
1293 745 1768 818 διαπορθμεὺηται

180 838 345 911 παρὰ
373 839 434 891 τὸ
463 839 916 910 κρυσταλλοειδὲς
950 841 993 873 δ’
1025 841 1058 910 ἡ
1094 840 1299 894 τούτων
1346 839 1541 909 χροιά·
1590 838 1686 890 καὶ
1724 837 1769 868 ³³

184 931 471 1000 ὲπικρίνει
494 930 553 984 δὲ
583 930 758 984 ταῦτα
788 931 864 994 ὡς
910 931 1165 999 βασιλεὺς
1189 934 1218 985 ὀ
1257 931 1580 999 ἐγκέφαλος.
1622 928 1769 999 Πλὴν

185 1022 287 1076 καὶ
314 1021 476 1075 τοῦτο
529 1021 612 1076 δεῖ
651 1021 876 1087 είδέναι,
922 1022 1005 1076 ὅτι
1049 1023 1100 1076 οί
1150 1022 1354 1093 μικρὰν
1407 1021 1622 1091 ἔχοντες
1669 1019 1769 1090 τὴν

185 1113 363 1183 κόρην
403 1115 501 1167 τοῦ
545 1112 832 1183 ὀφθαλμοῦ
887 1116 954 1167 ἐκ
1001 1114 1249 1183 γενετῆς,
1299 1107 1444 1167 οὑτοι
1471 1111 1518 1144 ⁸⁸
1565 1111 1768 1181 μᾶλλον

182 1206 555 1273 τυγχάνουσιν
578 1204 983 1276 ὀξυωπέστεροι
1001 1205 1108 1259 τῶν
1126 1206 1225 1269 τὰς
1251 1203 1494 1274 μεγάλας
1514 1203 1765 1272 ἐχόντων·

184 1293 382 1364 ἐπειδὴ
403 1294 464 1348 τδ
492 1293 711 1364 πνεῦμα
731 1294 794 1347 τὸ
823 1295 1045 1347 ὀπτικὸν
1064 1293 1124 1357 ἐξ
1146 1292 1316 1361 αὐτῆς
1350 1290 1489 1360 μετὰ
1518 1290 1696 1361 ῥύμης
1723 1292 1767 1323 ⁸⁸

183 1383 708 1456 ἐξακοντιζόμενον,
779 1386 876 1439 καὶ
952 1384 1204 1455 μηδαμοῦ
1273 1384 1534 1454 χεόμενον
1559 1421 1574 1448 ,
1633 1381 1769 1446 ὅπερ

184 1478 486 1548 συμϐαίνει
515 1479 611 1532 ἐπὶ
646 1479 748 1547 τῆς
799 1478 1044 1548 μεγάλης
1099 1478 1291 1545 κόρης,
1342 1468 1592 1546 ἀκριϐῶς
1619 1474 1768 1527 ἀντιο

181 1564 532 1637 λαμὸάνεται
561 1566 672 1620 τῶν
691 1566 987 1638 αἰσθητῶν,
1005 1567 1100 1620 καὶ
1126 1565 1232 1618 τῶν
1257 1566 1444 1636 πόρρω
1473 1563 1764 1634 κειμένων.

1870 559 2145 614 ambiente
2175 570 2299 608 aere
2355 551 2605 613 uniatur‘,
2646 557 2809 618 atque
2851 543 3178 607 conveniat,
3214 541 3444 595 alterum

1871 662 2033 713 vero,
2083 663 2195 717 quo
2242 659 2368 699 cum
2422 640 2650 696 visibilis
2699 638 2925 708 spiritus
2970 644 3122 690 extra
3168 648 3197 688 e
3244 632 3444 702 pupilla

1869 738 2205 809 cjaenlatur,
2247 730 2543 788 visibilium
2596 743 2776 784 rerum
2831 724 3165 781 substantias
3214 721 3449 778 colores-

1869 847 1978 900 que
2007 831 2221 885 eminus
2246 827 2410 880 etiam
2455 821 2911 893 deprehenderet;
2969 825 3228 887 prasterea
3258 813 3443 878 etiam,

1872 924 1949 977 uti
2002 920 2196 976 oculus
2249 919 2365 988 ipse
2427 931 2489 971 ea
2552 914 2617 968 ad
2675 910 3051 980 crystallinqu
3109 907 3201 962 ubi
3258 905 3443 961 talium

1873 1030 2004 1069 usus
2038 1021 2127 1069 est
2163 1012 2389 1066 atterata
2422 1006 2644 1070 reddat,
2689 1012 2851 1073 atque
2896 1001 3136 1071 trajiciat
3198 1018 3214 1055 :
3252 1013 3442 1054 verum

1871 1121 1934 1161 ea
1989 1105 2275 1160 cerebrum
2324 1099 2468 1171 regis
2513 1097 2633 1152 vice
2669 1094 2949 1150 discernit.
2996 1090 3224 1156 Tamen,
3253 1098 3308 1145 et
3345 1090 3450 1144 hoc

1870 1198 2014 1253 scire
2038 1211 2177 1265 opus
2202 1204 2321 1259 est;
2354 1191 2447 1262 qui
2483 1189 2736 1259 exiguam
2767 1202 2797 1241 a
2827 1185 3003 1256 primo
3031 1195 3152 1238 ortu
3189 1182 3445 1277 pupillam

1870 1288 2196 1349 sortiuntur,
2230 1285 2283 1338 hi
2321 1282 2564 1337 acutiore
2596 1281 2737 1346 visu,
2775 1293 2940 1349 quam
2986 1277 3079 1346 qni
3130 1274 3449 1347 grandiores

1870 1379 2069 1434 habent
2139 1376 2348 1448 praediti
2418 1384 2583 1439 sunt;
2662 1370 2923 1441 quoniam
2957 1410 2973 1434 ,
3027 1384 3151 1424 cum
3217 1366 3448 1423 visibilis

1872 1469 2096 1538 spiritus
2122 1484 2217 1537 per
2235 1465 2472 1538 regulam
2514 1473 2671 1518 extra
2702 1461 3038 1531 ejaeuletur,
3080 1473 3181 1513 nec
3213 1455 3445 1526 sparsim

1870 1560 2034 1632 (quod
2059 1559 2251 1628 majori
2281 1557 2497 1629 pupilla:
2518 1556 2738 1611 etenire
2760 1553 2918 1618 solet)
2945 1551 3072 1606 hinc
3100 1550 3224 1604 inde
3252 1547 3445 1609 fertur,

1870 1659 2085 1706 sensata
2118 1651 2236 1720 ipsa
2270 1649 2524 1719 longiore
2553 1649 2681 1702 item
2710 1645 2966 1700 distantia
2994 1642 3166 1713 posita
3227 1655 3449 1695 accura-

1872 1744 1980 1799 tins
2032 1744 2464 1812 comprehendit.

265 1830 497 1901 Ἴδωμεν
525 1830 584 1884 δὲ
620 1830 741 1896 πῶς
771 1830 983 1899 γίνεται
1014 1831 1074 1885 τὸ
1105 1829 1274 1903 μέλαν
1324 1830 1543 1901 χρῶμα,
1578 1831 1672 1883 καὶ
1707 1829 1766 1883 τδ

1934 1834 2198 1890 Praaterea
2262 1850 2500 1905 quonam
2563 1842 2725 1904 pacto
2790 1832 2945 1903 niger
3022 1832 3319 1900 albusque,
3384 1844 3449 1885 ac

181 1922 430 1991 γλαυκὸν
459 1922 529 1987 ³⁵,
559 1923 654 1977 καὶ
679 1922 747 1976 τὰ
778 1922 941 1977 λοιπὰ
973 1923 1172 1976 πάντα.
1206 1924 1280 1977 Τὸ
1319 1922 1498 1976 τοίνυν
1530 1921 1768 1991 γλαυκὸν

181 2015 393 2086 χρῶμα
415 2014 630 2082 γίνεται
660 2014 803 2069 κατὰ
830 2016 928 2086 μὲν
954 2016 1109 2083 γένος
1138 2015 1229 2068 διὰ
1257 2014 1351 2069 δύο
1371 2015 1559 2068 αἰτίων
1580 2054 1596 2078 ,
1628 2013 1770 2066 κατὰ

180 2107 248 2162 δὲ
277 2101 420 2170 εἶδος
446 2104 536 2159 διὰ
577 2105 868 2176 τέσσαρας.
914 2106 1077 2160 Κατὰ
1121 2106 1277 2174 γένος
1310 2107 1409 2176 μὲν
1442 2105 1554 2166 οὑν,
1585 2106 1671 2159 διὰ
1708 2105 1769 2158 τὸ

186 2197 670 2270 κρυσταλλοειδὲς,
704 2199 801 2250 καὶ
834 2197 896 2250 τὸ
930 2197 1148 2260 ὼοειδὲς
1206 2197 1371 2267 ὑγρόν
1400 2212 1412 2225 ·
1467 2198 1588 2250 κατ’
1631 2194 1770 2263 εἶδος

183 2291 274 2356 δὲ,
308 2292 450 2344 κατὰ
480 2289 580 2361 μὲν
610 2289 708 2361 τὴν
741 2290 900 2358 ὼὼδη
935 2292 977 2321 ³⁷
1011 2290 1288 2361 ὑγρότητα
1319 2291 1600 2360 μοναχῶς·
1633 2291 1771 2344 κατὰ

183 2383 250 2436 δὲ
289 2383 349 2436 τὸ
379 2382 833 2453 κρυσταλλοειδὲς
861 2382 1094 2454 τριχῶς·
1120 2384 1181 2436 τὸ
1215 2382 1325 2454 γὰρ
1353 2383 1537 2445 ὠῶδες
1571 2383 1604 2453 ἢ
1636 2382 1770 2436 πολὺ

186 2474 366 2539 ἔστιν,
409 2472 442 2543 ἢ
469 2474 648 2542 ὀλίγον
670 2492 682 2506 ·
727 2475 823 2527 καὶ
851 2474 885 2546 ἢ
918 2474 1183 2545 καθαρὸν,
1217 2473 1251 2545 ἢ
1277 2474 1647 2543 τεθολωμένον
1673 2491 1685 2504 ’
1723 2475 1772 2527 εί

191 2562 301 2633 μὲν
326 2558 418 2616 οὖν
452 2563 588 2617 πολὺ
634 2567 748 2617 ἐστι
790 2563 851 2616 τὸ
882 2562 1061 2626 ὼῶδες
1093 2563 1280 2634 ὑγρὸν,
1315 2566 1457 2617 ποιεῖ
1479 2564 1570 2617 τὶν
1604 2566 1772 2632 γλαυοΔ

187 2655 294 2709 κὺν
351 2654 650 2726 ὀφθαλμὸν,
697 2656 794 2710 καὶ
838 2654 997 2725 ὀλίγη
1057 2656 1267 2724 γίνεται
1322 2658 1356 2729 ἡ
1414 2658 1544 2728 παρ’
1605 2657 1771 2713 αὑτοῦ

189 2746 490 2818 ἔκλαμψις,
523 2748 660 2801 διότι
707 2747 1001 2819 βαθύνεται
1028 2749 1089 2801 τὸ
1120 2750 1568 2819 κρυσταλλοειδὲς
1608 2752 1773 2822 ὑγρὸν

190 2838 295 2892 καὶ
320 2841 352 2911 ἡ
384 2840 542 2911 κόρη.
576 2839 748 2895 Τοῦτο
775 2842 831 2895 δὲ
872 2843 969 2896 καὶ
1003 2843 1096 2895 ἐπὶ
1126 2842 1324 2915 λίμνης
1355 2844 1563 2899 ὑδάτων
1593 2846 1705 2919 ἴδῃς
1728 2847 1772 2879 ³⁸

188 2932 523 3002 γινόμενον*
574 2932 642 2986 τὰ
669 2932 778 3004 γὰρ
809 2933 868 2988 ὲν
916 2934 1071 3004 βάθει
1121 2934 1294 3003 αὑτῆς
1313 2937 1445 3007 ὁρᾷν
1494 2938 1553 2989 οὑ
1617 2938 1775 2991 δυνά-

190 3022 342 3093 μεθα
367 3039 381 3053 ο
411 3024 473 3077 οὑ
516 3023 623 3096 μὴν
648 3024 756 3111 οξδ⁹
819 3027 870 3078 εἰ
912 3025 1282 3111 τεθολωμένον
1329 3027 1438 3099 εἴη,
1472 3029 1774 3101 ἐπιτήδειόν

186 3112 315 3167 ἐστι
337 3114 594 3180 δέξασθαι
631 3102 832 3188 χὲῶμα
868 3116 930 3170 τὸ
965 3102 1194 3172 οίξνοίν.
1236 3118 1409 3173 Τοῦτο
1435 3121 1545 3191 γὰρ
1573 3122 1667 3175 καὶ
1706 3123 1774 3176 τὰ

188 3204 397 3276 θολερὰ
432 3207 543 3261 τῶν
575 3208 785 3263 ὑδάτων
817 3209 1030 3264 ποιοῦσι
1062 3211 1155 3264 καὶ
1199 3210 1398 3283 ίλυὼδη
1434 3213 1503 3272 ³³.
1538 3213 1612 3284 μὴ
1642 3231 1773 3282 συγ⁶

188 3298 481 3369 χωροῦντα
511 3299 611 3363 τὰς
644 3303 872 3363 ἀκτῖνας
901 3300 996 3355 τοῦ
1037 3302 1214 3374 φωτὸς
1248 3302 1314 3357 δι’
1359 3304 1536 3357 αὑτῶν
1568 3306 1773 3377 διέρχε-

190 3389 322 3444 σθαι
368 3390 624 3463 καθαρῶς
661 3407 676 3422 ·
750 3391 889 3447 ὥστε
941 3394 1063 3446 ὅσον
1123 3394 1216 3448 ἐπὶ
1272 3395 1334 3447 τὸ
1392 3395 1607 3460 ὠοειδὲς
1745 3400 1774 3451 ὀ

184 3481 498 3555 ὀφθαλμὸς,
526 3483 786 3537 τοσοῦτον
831 3485 924 3538 καὶ
968 3486 1208 3554 γλαυκός
1236 3487 1385 3540 ἐστι*
1421 3487 1504 3540 δεῖ
1550 3483 1642 3542 οὑν
1680 3491 1772 3542 καὶ

184 3573 504 3644 ὀλιγότητος
545 3575 723 3648 τούτῳ
770 3576 817 3609 ⁸⁸
858 3577 955 3631 καὶ
1005 3576 1404 3648 καθαρότητος.
1458 3580 1558 3632 Διὰ
1602 3581 1659 3633 δὲ
1713 3581 1773 3634 τὸ

186 3665 641 3734 κρυσταλλοειδὲς
675 3668 888 3736 γίνεται
916 3669 1156 3734 γλαυκὸς
1183 3670 1211 3722 ὁ
1232 3670 1529 3741 ὀφθαλμὸς,
1562 3674 1644 3725 ὅτι
1668 3674 1773 3741 φύ-

190 3773 281 3809 σει
314 3756 569 3828 λαμπρόν
601 3759 740 3823 ἐστι,
774 3761 871 3813 καὶ
900 3760 1252 3830 καταλάμπει
1286 3761 1407 3816 ὅλον
1452 3764 1543 3817 τὸν
1573 3763 1773 3833 ὀφθαλ-

191 3847 300 3919 μόν
319 3861 332 3876 ⁶
359 3848 392 3919 ἢ
415 3848 671 3921 λαμπρὸν
701 3848 802 3920 μὲν
831 3850 932 3904 οὐκ
962 3850 1110 3904 ἔστιν
1129 3850 1302 3905 ἐνίοτε
1329 3852 1390 3905 τὸ
1413 3853 1599 3924 ὑγρὸν,
1631 3855 1774 3924 μέγα

185 3939 286 3994 δέ’
337 3941 434 3993 καὶ
476 3942 566 3996 διὰ
596 3940 658 3995 τὸ
702 3942 936 4014 μέγεθος
973 3942 1070 4014 τὴν
1113 3944 1285 4015 αὑτὴν
1335 3945 1493 3999 πάλιν
1544 3950 1772 4001 ποιεῖται

188 4031 490 4103 ἔκλαμψιν,
522 4033 616 4087 καὶ
648 4032 889 4102 γλαυκὸς
921 4033 1135 4102 γίνεται
1157 4037 1185 4088 6
1212 4035 1514 4108 ὀφθαλμός.
1549 4039 1618 4090 Ἢ
1647 4037 1771 4091 οὔτε

192 4123 345 4193 μέγα
389 4124 508 4178 ἐστὶ
549 4125 611 4179 τὸ
667 4126 858 4199 ὑγρὸν,
911 4125 1035 4195 οὔτε
1089 4128 1325 4200 μικρόνο
1383 4129 1656 4198 ἐνδέχεται
1715 4131 1773 4184 δὲ

192 4217 450 4288 προπετῆ
480 4217 577 4289 τὴν
611 4218 761 4273 θέσιν
799 4213 939 4273 εἶναι
984 4218 1095 4273 τῶν
1133 4219 1429 4292 ὀφθαλμῶν
1465 4222 1532 4287 ⁸⁸,
1562 4223 1657 4276 καὶ
1686 4222 1774 4278 διὰ

188 4307 355 4361 τοῦτο
394 4309 708 4364 δείκνυσθαι
744 4310 835 4364 τὸν
875 4311 1157 4382 ὀφθαλμὸν
1207 4312 1446 4382 γλαυκὸν
1497 4314 1592 4366 καὶ
1642 4330 1774 4383 προ-

192 4400 360 4470 πετῆ.
393 4400 456 4453 Ei
491 4402 591 4472 μὲν
632 4397 726 4456 οὖν
755 4402 974 4466 ἄραντα
1021 4403 1198 4459 ταῦτα
1244 4406 1395 4477 παρῆ
1428 4405 1497 4467 δ’,
1540 4406 1772 4473 γλαυκὸς

1870 1926 2186 1981 omnes'alii
2222 1926 2432 1981 colores
2455 1925 2597 1981 oculi
2630 1925 2783 1986 fiant,
2830 1924 3181 1993 considerare
3210 1931 3444 1992 Oportet.

1869 2019 2039 2073 Albus
2098 2018 2282 2089 itaque
2331 2017 2474 2073 oculi
2549 2017 2724 2079 color,
2781 2031 2978 2086 genere
3043 2014 3259 2084 quidem
3315 2013 3450 2069 dua-

1869 2111 1974 2166 bus
2024 2111 2091 2166 de
2140 2109 2343 2174 causis,
2386 2109 2566 2180 specie
2620 2124 2750 2163 vero
2790 2118 3024 2177 quatuor
3066 2108 3144 2160 fit.
3183 2104 3318 2160 Nam
3359 2120 3449 2175 ge.

1873 2217 2002 2256 nere
2050 2201 2398 2273 crystallinas
2440 2199 2722 2268 ovalisque
2772 2199 2922 2254 color
2962 2212 3128 2253 causa
3155 2206 3277 2262 est;
3326 2212 3447 2266 qua:

1873 2301 2055 2347 autem
2085 2292 2153 2346 ad
2170 2291 2408 2362 speciem
2423 2292 2677 2357 attinent,
2692 2304 2798 2344 una
2820 2290 3085 2345 duntaxat
3101 2287 3448 2344 causaoralis

1874 2385 2091 2450 humor,
2116 2382 2461 2454 erystallinus
2486 2397 2615 2437 vero
2641 2383 2831 2452 triplex
2857 2390 2959 2436 est.
2988 2379 3056 2434 Et
3076 2379 3315 2449 quidem,
3340 2395 3448 2449 qua

1874 2477 1940 2532 ad
1975 2477 2186 2531 ovalem
2208 2476 2494 2530 humorem
2509 2475 2719 2540 attinet,
2745 2475 2789 2530 si
2816 2475 2931 2544 ipse
2948 2472 3219 2544 plurimus
3231 2473 3314 2528 vel
3329 2473 3447 2527 exi-

1874 2586 2034 2640 guus,
2069 2571 2184 2626 sive
2218 2586 2390 2640 purus
2419 2569 2503 2624 vel
2539 2570 2790 2624 turbidus
2824 2568 3006 2623 fuerit.
3024 2566 3081 2621 Si
3102 2567 3448 2637 igiturovalis

1877 2660 2075 2715 humor
2118 2660 2388 2729 plurimus
2430 2659 2614 2723 fuerit,
2650 2659 2869 2714 casium
2900 2658 3119 2712 oculum
3154 2658 3322 2712 efficit
3353 2657 3447 2727 qui

1872 2752 1980 2823 63
2016 2752 2233 2806 modico
2270 2750 2559 2806 admodum
2590 2749 2879 2821 splendore
2903 2748 3184 2818 praefulget
3202 2763 3268 2802 eo
3303 2748 3447 2818 quod

1878 2845 2077 2898 humor
2100 2843 2469 2912 crystallinus,
2491 2844 2801 2914 pupillaque
2829 2842 2943 2911 ipsa
2965 2856 3064 2897 ceu
3094 2843 3146 2896 in
3180 2840 3449 2911 profundo

1877 2935 2047 3003 posita
2069 2944 2401 3001 cernuntur;
2429 2935 2587 3005 cujus
2614 2934 2690 2990 rei
2714 2933 3024 3004 exemplum
3057 2934 3109 2987 in
3128 2946 3449 3002 quocunque

1876 3034 2068 3098 stagno
2116 3025 2273 3083 facile
2322 3029 2555 3097 patebit;
2581 3043 2728 3093 nam,
2760 3043 2882 3097 quae
2928 3028 2981 3081 in
3010 3027 3129 3097 ejus
3159 3027 3270 3081 imo
3299 3034 3447 3093 sunt,

1876 3118 2192 3188 neutiquam
2236 3121 2461 3175 anubis
2507 3120 2656 3175 cerni
2714 3128 2943 3190 queunt.
2993 3118 3134 3173 Tum
3186 3119 3233 3174 si
3291 3119 3446 3174 illum

1880 3205 2158 3260 turbidum
2212 3223 2335 3263 esse
2363 3209 2674 3279 contigerit,
2709 3208 2909 3264 coloris
2948 3210 3183 3279 speciem
3211 3208 3450 3278 aliquam

1879 3298 2157 3368 suscipere
2214 3299 2363 3353 nullo
2420 3310 2578 3370 pacto
2641 3309 2836 3369 potest.
2898 3299 3053 3366 Quod
3111 3300 3163 3354 in
3222 3301 3463 3355 turbidis

1878 3388 2271 3458 lutulentisque
2331 3389 2489 3459 aquis
2529 3393 2749 3447 evenire
2805 3392 3078 3447 cernimus
3122 3391 3256 3446 :haa
3303 3393 3458 3455 enim

1880 3481 2001 3550 puri
2062 3482 2284 3537 luminis
2318 3484 2484 3538 radiis
2519 3484 2959 3553 impenetrabiles
3014 3486 3169 3539 fiunt.
3221 3483 3446 3555 Itaque,

1880 3573 2127 3629 caesietas
2162 3574 2328 3640 oculi,
2372 3591 2479 3645 qua
2525 3575 2593 3629 ad
2625 3578 2836 3631 ovalem
2894 3576 3180 3631 humorem
3215 3578 3444 3644 attinet,

1881 3677 1991 3720 tum
2019 3667 2344 3736 paucitatem
2378 3669 2658 3735 humoris,
2688 3678 2801 3725 tum
2829 3672 3199 3727 sinceritatem
3234 3672 3449 3727 deside-

1880 3768 1981 3813 rat.
2026 3757 2131 3814 Sed
2171 3768 2225 3813 et
2276 3775 2307 3813 a
2359 3761 2678 3831 crystallina
2724 3762 2955 3817 humore
2998 3762 3195 3816 caesius
3256 3762 3448 3816 oculus

1879 3850 1971 3914 tit,
2028 3851 2120 3920 qui
2161 3851 2344 3906 clarus
2383 3862 2579 3907 natura
2618 3854 3021 3923 splendensque
3050 3865 3151 3920 est,
3189 3868 3255 3909 ac
3276 3862 3446 3907 totum

1877 3946 2156 4005 illustrans
2180 3950 2423 4006 oculum.
2458 3949 2515 4004 Si
2551 3950 2729 4019 ipsum
2762 3948 3134 4018 crystallinum
3162 3947 3446 4001 humorem

1878 4057 1984 4097 non
2027 4042 2392 4112 splendidum,
2440 4051 2494 4097 et
2529 4043 2758 4096 multum
2815 4055 2937 4097 esse
2988 4040 3315 4110 quandoque
3353 4054 3449 4093 ac-

1877 4133 2089 4203 ciderit,
2137 4150 2211 4189 ex
2255 4135 2356 4190 hac
2408 4134 2656 4190 humoris
2712 4132 2888 4203 copia,
2957 4132 3207 4188 eumdem
3271 4138 3447 4185 totum

1878 4225 2131 4295 splendor
2172 4226 2363 4291 efﬁcit,
2400 4236 2456 4284 et
2504 4226 2650 4282 caesii
2701 4226 2846 4280 oculi
2892 4223 3212 4280 constitutio
3260 4223 3337 4276 fit.
3383 4220 3450 4275 Et

1879 4316 1926 4372 si
1968 4316 2085 4386 ipse
2122 4316 2323 4371 humor
2360 4333 2460 4372 nec
2487 4314 2883 4387 magnitudine,
2913 4330 3013 4368 nec
3037 4312 3306 4382 paucitate
3333 4326 3437 4365 mo-

1879 4407 2007 4461 dum
2045 4408 2294 4474 excedit;
2336 4419 2387 4462 et
2437 4407 2583 4462 oculi
2635 4406 2811 4461 situm.
2852 4405 3106 4459 decenter
3135 4402 3449 4472 prominen-

192 4491 410 4560 γίνεται
447 4494 475 4546 ὀ
517 4493 828 4565 ὀφθαλμός·
862 4497 911 4549 εί
950 4496 1009 4550 δὲ
1050 4497 1270 4550 ἐναντία
1302 4497 1532 4563 τούτων,
1560 4499 1770 4567 γίνεται

1881 4509 1987 4554 tem
2031 4513 2151 4554 esse
2201 4497 2503 4571 contingit;
2553 4506 2717 4567 atque
2767 4497 2868 4550 hac
2908 4495 2974 4549 de
3024 4509 3195 4549 causa
3251 4493 3448 4548 caesius

197 4583 394 4655 μέλας.
423 4584 487 4639 Ei
511 4584 569 4639 δέ
595 4603 717 4640 τινα
744 4587 844 4658 μὲν
881 4588 1031 4661 παρῆ
1060 4587 1129 4655 ⁸³,
1159 4590 1284 4643 τινὰ
1315 4589 1371 4644 δὲ
1404 4591 1498 4661 μὴ.
1526 4591 1580 4645 αἱ
1607 4592 1770 4662 μέσαι

192 4674 406 4733 τούτων
434 4679 610 4731 πᾶσαι
637 4679 879 4747 γίνονται
904 4679 1164 4753 διαφοραὶ
1191 4682 1302 4734 τῶν
1319 4682 1637 4752 ὀφθαλμῶν.
1666 4685 1770 4738 Πο-

193 4766 575 4837 λυφωτότατος
605 4768 664 4822 δέ
698 4770 812 4823 ἔστι
845 4769 940 4823 τοὺ
969 4770 1201 4842 μέλανος
1228 4771 1511 4844 ὀφθαλμοῦ
1540 4775 1568 4827 ὀ
1602 4774 1771 4843 γλαυ·

193 4856 297 4921 κὸς
317 4897 332 4924 ,
365 4858 447 4910 ὅτι
468 4859 526 4911 αί
560 4857 886 4931 λεπτότεραι
908 4861 1001 4914 mi
1022 4859 1343 4932 λευκότεραι
1374 4863 1467 4915 καὶ
1485 4861 1769 4918 διειδέστε-

196 4966 297 5020 ραι
324 4948 434 5001 τῶν
460 4950 680 5014 οὐσιῶν,
723 4952 941 5023 πρῶται
971 4952 1070 5023 τῆς
1099 4953 1423 5023 είσρεοὺσης
1452 4954 1647 5027 αἴγλης
1674 4956 1769 5011 τοῦ

193 5037 352 5108 ἡλίου
387 5037 878 5110 ἀποπληροὺμεναι
917 5039 981 5093 τὸ
1023 5041 1167 5094 κατὰ
1199 5044 1308 5095 πᾶν
1353 5043 1564 5099 ἑαυτῶν
1592 5045 1768 5119 ὑπερ-

194 5128 461 5199 εχόμενον
512 5128 650 5197 φῶς,
680 5130 777 5183 καὶ
826 5131 907 5194 είς
955 5133 1056 5195 τὰς
1088 5131 1205 5203 μετ’
1252 5133 1422 5198 αὑτὰς
1452 5135 1694 5206 ἡλιωδῶς
1724 5139 1771 5171 ιι

192 5219 390 5285 οὐσίας
411 5219 824 5290 ὲποχετεὺουσιν
859 5220 927 5276 ⁸⁵.
1360 5252 1371 5262 ’

1877 4588 2327 4659 prominulusque
2356 4589 2598 4643 cernitur
2631 4607 2644 4642 :
2675 4590 2720 4643 si
2753 4597 2932 4643 autem
2960 4595 3156 4642 cuncta
3184 4584 3298 4639 haec
3327 4598 3449 4653 quae

1875 4680 2116 4736 diximus
2145 4683 2397 4745 aderunt,
2445 4680 2641 4736 caesius
2694 4681 2886 4736 oculus
2922 4687 3276 4750 procreatur;
3322 4691 3446 4732 cum

1878 4787 2007 4828 vero
2056 4772 2143 4828 his
2184 4772 2398 4827 diversa
2444 4772 2721 4838 eveniunt,
2762 4771 2919 4844 niger
2948 4769 3203 4826 efﬁcitur.
3239 4769 3296 4825 Si
3342 4784 3444 4822 auo

1878 4872 1985 4919 tem
2043 4880 2108 4919 ex
2161 4864 2246 4919 his
2292 4865 2538 4934 quredam
2602 4864 2810 4925 adesse,
2855 4864 3101 4934 quaedam
3155 4876 3284 4916 vero
3336 4875 3445 4915 non

1879 4954 2070 5012 adesse
2096 4957 2400 5026 contigerit,
2439 4945 2632 5011 horum
2674 4970 2866 5010 omnes
2909 4953 3226 5009 din‘erentia:
3255 4951 3445 5008 oculo-

1880 5063 1999 5103 rum
2039 5047 2369 5103 efficiuntur.
2407 5046 2563 5114 Quod
2607 5047 2801 5102 czesius
2846 5047 3039 5101 oculus
3083 5046 3334 5101 uberiore
3362 5043 3447 5097 ln-

1879 5139 2024 5194 mine
2050 5154 2213 5210 quam
2246 5137 2394 5207 niger
2427 5138 2683 5208 prmditus
2710 5138 2800 5204 sit,
2847 5138 2948 5192 hoc
2992 5151 3170 5190 causae
3193 5133 3443 5197 habetur,

1879 5231 2007 5301 quia
2049 5231 2238 5302 prima:
2286 5230 2606 5286 substantia:
2634 5245 2753 5300 qua:
2801 5229 2974 5301 magis
3007 5229 3194 5297 exiles,
3231 5243 3294 5283 ac
3328 5225 3434 5281 ful-

194 5314 475 5386 gentiores
519 5315 911 5383 nitidioresque
950 5290 1125 5383 sunt:
1183 5319 1380 5376 solaris
1435 5321 1660 5378 luminis
1720 5290 1927 5379 inﬂuxu
1982 5290 2221 5394 repletae,
2265 5325 2447 5379 lumen
2517 5290 2695 5395 ipsum
2720 5338 2833 5393 quo
2860 5290 2994 5393 ipsae
3020 5322 3258 5392 undique
3276 5320 3447 5391 plena!

194 5411 330 5461 sunt
377 5406 588 5462 caeteris
663 5406 986 5465 substantiis
1046 5410 1113 5466 ad
1163 5412 1296 5468 solis
1357 5412 1773 5470 similitudinem
1811 5416 2219 5488 impertiuntur.

270 5581 524 5660 ⁸’.ὁμιλεζ
570 5582 650 5660 Β.-
713 5582 1263 5660 ἰρξξακοντιζόμενρν
1527 5589 1571 5620 ³²
1606 5606 1770 5660 κρυστ

1875 5590 2017 5654 ειδὲς
2059 5592 2225 5646 Codd.
2301 5592 2344 5623 ³³
2375 5593 2469 5647 καὶ
2526 5607 2636 5646 om.
2690 5590 2732 5642 Β
2783 5590 2844 5654 Ρ,
2891 5605 3019 5645 ηιοι
3078 5588 3333 5659 ὲπικρίνῃ
3365 5607 3443 5657 ετξ.

195 5653 246 5758 3
278 5645 435 5741 obsint,
465 5653 575 5724 γὰρ
621 5654 688 5708 Α.
764 5645 1314 5777 ³⁸,μεταρ3ρὺθμοῦσιν
1344 5656 1491 5729 (sic)
1524 5645 1670 5712 ποιεῖ
1714 5659 1770 5716 Ρ.

199 5792 239 5805 η
271 5722 514 5805 ίυλυωδη
544 5724 636 5805 Α..
684 5721 987 5805 ξ’)-τρρτουΔ
1018 5725 1143 5805 .Ρ.“
1183 5726 1403 5805 Μἔχειν
1427 5728 1517 5781 τὸν
1547 5728 1770 5805 ὀφθαλμί

1877 5662 1897 5692 ⁶
1931 5645 2122 5716 λεῦκόν
2154 5661 2217 5727 Ρ,
2257 5669 2311 5715 et
2357 5645 2442 5718 sic
2465 5645 2628 5717 infra.
2709 5662 2751 5693 ³⁷
2780 5645 2922 5731 ὠόδη
2946 5659 3005 5714 Β.
3084 5660 3128 5691 ³⁸
3155 5645 3284 5722 ῖδόις
3305 5645 3355 5712 ’Β
3386 5645 3446 5713 (ἶ.

1875 5730 1970 5786 ιΡ.
2046 5735 2090 5765 δ’
2112 5747 2299 5804 παρεῃ
2324 5735 2386 5800 A-,
2419 5732 2622 5805 παρείη
2654 5730 2773 5788 CP.
2852 5730 2896 5764 "
2918 5744 3102 5802 παρεῃ
3141 5730 3208 5797 Α,
3246 5727 3447 5801 παρείη

194 5792 242 5846 c
271 5770 1167 5867 ρζ”’ῖδ’έίέ“ἰ;οάᾱ.”ἧὶἱᾶεἱδῐῦξῬ.
1242 5770 1770 5871 ιῖλρὲὶᾶᾖὲτέιῖἇιῖᾰὶῖ

1875 5770 1970 5810 ..τ
2120 5770 2299 5804 ...τευ
2324 5770 2386 5800 ιι,
2425 5770 2622 5805 "are",
2654 5770 2735 5788 ν.
2758 5770 2773 5787 .
2924 5770 3102 5802 ..-νυν
3141 5770 3208 5797 ..,
3253 5770 3353 5801 ...με

196 5725 246 5806 :r
271 5721 514 5806 ίυλυείξδη
544 5721 636 5806 λλ
684 5721 743 5806 το.

2709 5662 2751 5731 θ’
2780 5660 2922 5731 ὠόδη
2946 5659 3005 5714 Β.
3084 5660 3128 5691 ³⁸
3155 5660 3284 5722 ἷδοις
3314 5660 3355 5712 Β
