3842 6442
1716 359 1996 415 MELETll
2040 361 2349 420 MONACIII
3537 351 3560 404 ﬁ
3580 352 3671 407 172

2167 470 2324 524 Ἐπεὶ
2379 467 2473 524 οὖν
2519 471 2585 524 τὰ
2645 470 2774 540 περὶ
2825 469 2934 521 τῶν
2982 465 3278 537 ὀφθαλμῶν
3334 462 3679 533 ἐρευνῶντες

2085 561 2381 632 ὲξεθέμεθα
2415 563 2484 616 τὰ
2520 561 2795 623 οὑσιωδὼς
2845 561 3031 621 αὐτοῖς
3087 558 3426 627 ὑπάρχοντα,
3479 554 3585 607 καὶ
3615 555 3680 606 τὰ

2085 653 2226 706 κατὰ
2276 653 2629 723 συμϐεϐηκὸς
2669 651 3112 724 ἰτροσγινόμενα⁸
3158 649 3382 710 καὶτὰς
3433 646 3562 698 τῶν
3601 663 3680 714 ιι·

2083 744 2268 797 τώνων
2298 745 2576 813 ἐκφύσεις,
2623 745 2845 807 καὶτὰς
2885 742 3184 812 ὀνομασίας
3225 740 3427 801 αὐτῶν,
3458 738 3564 790 καὶ
3594 737 3680 789 τὸν

2083 836 2353 908 ἀριθμόνο
2391 837 2486 891 καὶ
2539 837 2656 901 πῶς
2700 840 2729 890 ὁ
2782 837 2882 906 μὲν
2931 832 3499 906 ἀμφιόληστροειδὴς,
3533 831 3684 883 καὶὲ

2084 928 2468 996 ἐπιπεφυκὼς,
2508 929 2605 982 κατ⁹
2641 929 2669 980 ὀ
2719 926 3005 996 ραγοειδὴς
3038 925 3222 995 ἔχουσι
3264 921 3477 992 φλέὀας
3507 936 3524 950 ⁶
3556 921 3588 972 ὀ
3626 917 3682 972 ἃ

2085 1019 2434 1089 κερατοειδὴς
2471 1018 2703 1087 ἄφλεϐὀς
2759 1020 2912 1070 ἐστι’
2963 1019 3058 1071 καὶ
3106 1017 3204 1079 τὰς
3251 1014 3448 1086 χρείας
3497 1009 3682 1064 αὐτῶν

2084 1112 2529 1180 ἐσαφηνίσαμενο
2567 1112 2661 1164 καὶ
2708 1111 2818 1163 τῶν
2849 1109 3032 1181 ὑγρῶν
3085 1109 3185 1179 τὴν
3232 1105 3548 1173 ποσότητα,
3589 1104 3682 1152 καὶ

2083 1202 2181 1264 τὰς
2213 1203 2424 1273 χροίας,
2456 1203 2551 1256 καὶ
2599 1202 2918 1271 ἐνεργείαςο
2951 1204 3044 1255 καὶ
3091 1199 3195 1254 ποῦ
3252 1200 3352 1268 μὲν
3390 1199 3587 1248 κεῖται
3623 1195 3682 1244 τὸ

2087 1295 2372 1357 ὑελοειδὲς,
2418 1295 2523 1348 ποῦ
2568 1295 2715 1348 δὲτὸ
2759 1293 3210 1366 κρυσταλλοειὸὲς
3240 1293 3305 1355 ⁸⁸,
3350 1288 3461 1344 ποῦ
3513 1287 3574 1338 δὲ
3621 1285 3682 1336 το

2083 1386 2301 1450 ὼοειδές
2327 1404 2340 1418 ·
2375 1389 2472 1441 καὶ
2512 1386 2764 1458 περὶτοῦ
2798 1386 3030 1441 ὀπτικοῦ
3077 1385 3387 1455 πνεύματος
3427 1379 3683 1442 ἐδιδάξα-

411 1474 476 1528 de
521 1473 723 1528 visibili
777 1472 970 1540 spiritu
1023 1471 1166 1538 quod
1225 1487 1255 1523 a
1315 1470 1540 1525 cerebro
1608 1468 1719 1540 64
1769 1484 1982 1540 progre-

2098 1496 2208 1546 μεν,
2239 1479 2321 1532 ὅτι
2351 1481 2417 1532 ὲκ
2434 1479 2527 1533 τοῦ
2555 1479 2858 1548 ἐγκεφάλου
2886 1481 3157 1550 ὁρμᾶται·
3189 1477 3286 1530 καὶ
3325 1475 3424 1546 τὴν
3465 1472 3679 1532 αἱτξαν,

411 1565 559 1618 ditur
586 1603 600 1629 ,
638 1562 892 1632 quodque
925 1562 1158 1632 duplicis
1218 1562 1388 1616 utitur
1435 1559 1602 1616 ofﬁcii
1661 1562 1943 1615 iunctione
1967 1601 1982 1626 ,

2098 1574 2166 1625 iri
2197 1572 2382 1642 διττὴν
2403 1572 2606 1644 ταύτην
2637 1575 2873 1626 ποιεῖται
2895 1589 2908 1603 ο
2941 1573 2989 1625 εἰ
3017 1574 3126 1642 γὰρ
3167 1571 3260 1624 καὶ
3295 1571 3356 1621 ὲν
3390 1569 3542 1620 πᾶσι
3569 1567 3684 1624 τοῖς

413 1671 581 1711 causa
632 1672 659 1709 a
694 1655 853 1710 nobis
899 1655 1036 1710 satis
1087 1655 1351 1724 explicata
1411 1663 1514 1709 est.
1560 1651 1716 1718 Nam,
1771 1652 1982 1708 tametsi

2098 1663 2297 1732 μορίοις
2320 1661 2413 1716 τοῦ
2444 1662 2698 1734 σώματος
2720 1663 2810 1718 ἀεὶ
2833 1662 3052 1730 πνεῦμα
3076 1661 3392 1731 περιέχεται
3424 1654 3688 1726 φυσικῶς

411 1748 636 1818 spiritus
662 1746 730 1800 ab
753 1747 1006 1801 omnibus
1028 1747 1271 1815 corporis
1304 1745 1545 1814 partibus
1584 1753 1791 1798 naturae
1829 1753 1982 1807 nutu,

2098 1757 2142 1804 iv
2172 1754 2357 1815 αὑτοῖς
2378 1752 2468 1806 διὰ
2499 1751 2601 1824 τὴν
2628 1753 2821 1824 χρείαν
2856 1753 3198 1820 γεννώμενον
3223 1751 3291 1814 ⁸⁷,
3318 1747 3437 1802 ἀλλ’
3474 1748 3540 1798 ἐν
3572 1745 3689 1806 τοῖς

411 1847 573 1910 atque
605 1839 868 1908 obsequio
899 1852 1007 1908 quo
1037 1853 1220 1891 earum
1254 1839 1444 1892 usibus
1483 1837 1743 1891 inserviat
1784 1852 1982 1906 usque-

2098 1843 2393 1914 ἆφθαλμοίς
2419 1845 2448 1896 ὁ
2469 1843 2777 1914 ἐγκέφαλος
2804 1845 2937 1897 αὐτὸ
2960 1845 3188 1914 χορηγεῖ
3207 1843 3297 1895 διὰ
3323 1840 3427 1904 τὰς
3449 1838 3690 1907 εἰρημέ-

411 1946 628 2003 quaque
669 1931 1033 1995 contineatur,
1071 1929 1238 1982 nihilo
1285 1938 1460 1983 tamen
1497 1929 1697 1991 secius,
1733 1943 1856 1981 eum
1892 1929 1982 1997 qui

2098 1954 2183 1999 vat;
2220 1937 2403 1999 αἰτίας
2425 1951 2438 1967 ·
2475 1938 2568 1990 κα)⁸
2592 1937 2674 1990 ὅτι
2706 1936 2775 1991 τὰ
2801 1939 3068 2008 εἰρημένα
3099 1936 3278 1989 πάντα
3315 1932 3408 1986 διὰ.
3444 1931 3559 2001 τὴν
3593 1927 3690 1981 τοῦ

414 2024 465 2077 in
494 2023 670 2078 oculis
694 2038 724 2077 e
758 2032 778 2076 t
840 2022 910 2074 oh
937 2036 1076 2090 quas
1115 2019 1443 2074 adduximus
1475 2035 1670 2076 causas
1700 2023 1982 2074 cerebrum

2098 2029 2212 2081 Ξλου
2241 2028 2477 2097 ὀργάνου
2501 2027 2808 2099 ὑπηρεσίαν
2843 2027 2886 2060 ⁸⁸
2921 2028 3203 2097 γινόμενα,
3236 2026 3306 2078 τὰ
3338 2025 3440 2094 μὲν
3464 2022 3691 2088 τέγγει,

411 2115 806 2171 subministrat.
840 2112 943 2168 Sed
972 2114 1225 2182 quoniam
1289 2122 1484 2167 cuncta
1523 2113 1638 2168 hmc
1669 2127 1790 2182 quae
1812 2112 1982 2167 disse-

2098 2117 2156 2170 τὰ
2189 2118 2246 2171 δὲ
2277 2119 2490 2188 τρέφει,
2526 2121 2595 2172 τὰ
2625 2119 2682 2172 δὲ
2721 2119 2988 2188 περιέχει,
3017 2118 3087 2171 τὰ
3115 2117 3170 2170 δὲ
3193 2114 3598 2184 ἀσφαλιζεται.
3624 2114 3688 2163 τὰ

412 2208 624 2260 ruimus
656 2207 732 2259 uti
766 2206 934 2260 totius
966 2203 1310 2258 instrumenti
1361 2203 1665 2258 ministerio
1709 2201 1982 2258 sufficiant

2098 2209 2142 2259 Ξὲ
2175 2208 2273 2278 τὴν
2305 2210 2473 2279 κόρην
2507 2209 2550 2242 ‘9
2579 2209 2864 2279 φυλάττειο
2905 2210 3086 2276 σοφῶς
3117 2210 3210 2262 καὶ
3243 2207 3552 2276 ἐντέχνως,
3596 2204 3690 2256 καὶ

411 2308 593 2353 creata
616 2307 765 2361 sunt.
787 2297 890 2352 alia
910 2296 1301 2352 madefaciendi
1325 2296 1467 2351 oeuli
1489 2296 1684 2368 gratia,
1711 2296 1980 2366 quaedam,

2098 2298 2415 2368 ὂαυμαστῶς
2471 2299 2571 2371 τὴν
2604 2301 2916 2372 ὑπέρσοφον
2951 2300 3145 2370 σοφίαν
3191 2298 3289 2352 τοῦ
3335 2295 3486 2350 Θεοῦ
3536 2295 3689 2359 ἄξιον

411 2389 732 2462 suggereudi
790 2389 1060 2454 alimenti,
1118 2387 1377 2442 nonnulla
1424 2387 1734 2442 securitatis
1786 2401 1982 2446 causa.

2098 2392 2426 2462 ἐκπλαγῆναι
2452 2432 2466 2457 ,
2498 2393 2593 2446 καὶ
2625 2393 2863 2457 συνετῶς
2902 2393 3039 2462 μετὰ
3067 2393 3163 2445 τοῦ
3189 2389 3494 2464 Προφητοῦ
3521 2387 3686 2441 £1226-

411 2485 517 2538 alia
554 2493 615 2536 ut
645 2481 904 2552 pupillam
943 2481 1112 2550 ipsam
1144 2480 1453 2534 custodiant
1478 2488 1655 2532 creata
1679 2493 1807 2533 cens
1827 2493 1982 2532 -mus.

2098 2480 2289 2546 ξασθαι
2315 2499 2328 2512 ·
2354 2483 2636 2548 Φύλαξόν
2655 2503 2754 2555 με,
2782 2487 2978 2555 Κύριε,
3004 2486 3084 2552 ὡς
3115 2486 3306 2554 κόρην
3326 2481 3684 2553 ὀφθαλμοῦ.

412 2576 572 2630 Decet
604 2575 793 2645 utique
826 2588 927 2628 nos
980 2572 1352 2627 admirabilem
1385 2571 1478 2626 Dei
1530 2571 1852 2641 sapientiam
1881 2572 1982 2624 mi-

2098 2572 2254 2643 Οἶμαι
2280 2575 2390 2647 γὰρ
2421 2576 2516 2630 καὶ
2544 2577 2638 2630 τὸν
2671 2577 2968 2650 Προφήτην
3017 2579 3115 2650 τὴν
3168 2570 3450 2647 τοσαύτην
3511 2574 3686 2628 αὑτοῦ

410 2677 592 2722 rantes
621 2669 912 2737 prudenter
931 2682 1053 2719 (um
1082 2664 1346 2734 Propheta
1373 2666 1577 2733 precari
1600 2680 1613 2715 :
1644 2663 1863 2719 Custodi
1885 2679 1982 2726 me,

2098 2666 2390 2734 ἅσφαλείαν
2418 2670 2829 2738 κατανοήσαντα
2853 2667 3014 2722 τοῦτο
3039 2671 3234 2722 εἰπεῖν.

409 2765 632 2819 Domine
670 2803 684 2825 ,
736 2772 791 2816 ut
845 2762 1104 2832 pupillam
1161 2760 1298 2814 oculi
1326 2773 1372 2814 α.
1431 2759 1566 2826 Quis
1623 2775 1728 2814 non
1798 2760 1955 2815 facile
1991 2775 2311 2830 persuasum
2361 2762 2558 2818 habeat
2594 2765 2770 2833 ipsum
2832 2764 3352 2834 Prophetam,cum
3421 2761 3684 2817 animad-

411 2863 664 2916 vertisset
694 2858 912 2912 oculuin
939 2865 1088 2911 tanta
1119 2857 1320 2926 talique
1346 2870 1469 2910 esse
1500 2855 1662 2910 tutela
1712 2855 1979 2920 fulcitum,
2022 2856 2123 2910 hoe
2153 2870 2370 2911 carmen
2402 2858 2686 2913 cecini-sse.

477 2955 590 3024 Age
609 2953 719 3023 jam
742 2952 806 3007 de
823 2953 1104 3006 oculorum
1129 2951 1530 3015 deiinitione,et
1550 2965 1788 3020 quonam
1824 2959 1982 3020 pacto

2166 2950 2396 3021 Ἴδωμεν
2417 2947 2510 3006 οὖν
2540 2955 2634 3007 καὶ
2659 2955 2751 3007 τὸν
2782 2957 2908 3025 ὅρον
2943 2955 3050 3010 τῶν
3087 2953 3413 3024 ὀφθαλμῶν,
3445 2953 3559 3007 καὶ
3588 2953 3682 3012 vi:

412 359 540 414 ΗΠ

478 472 612 526 Cum
675 470 839 541 igitur
905 470 1064 525 nobis
1129 469 1200 525 de
1264 471 1440 524 oculis
1514 470 1748 525 scrutari
1803 470 2054 540 visumA

409 573 581 629 esset,
626 579 747 634 qua:
818 562 950 632 ipsis
995 561 1375 617 substantialia
1428 563 1649 628 insunt,
1683 577 1869 631 quaeve
1917 575 1982 616 ex

409 656 779 712 accidentibus
833 654 1205 723 provenientia
1259 654 1412 717 sint,
1465 662 1576 707 tum
1612 654 1981 709 tuniculurum

407 755 606 810 Ortus,
676 745 986 813 quibusque
1065 743 1195 812 ipsa!
1272 743 1587 798 nominibus
1664 759 1983 814 nuncupen-

408 850 520 902 tur.
559 852 770 892 necnon
828 837 918 906 qui
972 850 1163 889 eorum
1223 851 1485 890 numerus
1532 836 1622 902 sit,
1659 845 1712 892 et
1745 852 1981 906 quonam

407 939 566 1002 pacto
609 928 914 982 reticularis
949 927 1130 980 tunica
1154 968 1169 992 ,
1209 935 1264 980 et
1305 927 1552 995 superior
1583 928 1866 996 uvalisque
1896 942 1986 980 ve-

408 1022 493 1076 nis
519 1019 752 1084 rel‘e‘rtae,
796 1028 998 1074 cornea
1044 1032 1172 1073 vero
1203 1019 1444 1088 ipsarum
1479 1033 1675 1088 expers
1714 1020 1981 1086 habetur;

408 1111 474 1163 ad
527 1110 640 1162 haec
681 1107 810 1162 item
859 1119 1045 1160 carum
1082 1120 1216 1160 usus
1261 1105 1579 1175 perspicuos
1627 1107 1978 1161 reddidimus.

410 1200 537 1264 Sed,
569 1215 669 1253 nec
695 1207 828 1268 quot
865 1199 1120 1252 humores
1156 1197 1478 1260 habeantur,
1531 1206 1771 1267 quotque
1793 1211 1981 1251 eorum

409 1292 621 1347 colores
647 1291 1000 1357 actionesque
1037 1299 1184 1351 sunt,
1205 1298 1259 1342 et
1279 1302 1526 1358 quaenam
1563 1288 1740 1352 vitrei,
1764 1287 1984 1357 crystal-

408 1383 504 1437 lini
563 1383 840 1451 ovalisque
885 1382 1156 1434 habentur
1202 1379 1365 1434 missa
1403 1377 1655 1434 fecimus.
1695 1377 1982 1443 Praeterea,

297 3109 305 3112 _
413 3057 838 3117 nuncupantur,
887 3060 952 3100 ac
995 3043 1138 3098 unde
1178 3043 1400 3098 nomina
1445 3057 1634 3096 eorum
1669 3042 1982 3111 proveniant

2098 3040 2387 3110 ὀνομασίας
2412 3039 2617 3110 αὐτῶν,
2662 3045 2883 3108 καὶτὰς
2927 3043 3287 3116 παραγωκάς.
3341 3039 3681 3110 ὐφῦαλμοζ

413 3143 768 3198 disseramus.
794 3135 974 3200 Tales,
1011 3137 1260 3204 inquam,
1285 3135 1472 3188 oculos
1513 3148 1634 3188 esse
1663 3134 1977 3202 opinamur,

2098 3131 2278 3202 φησιν,
2311 3132 2450 3187 εἰσὶν
2493 3134 2542 3186 oi
2593 3133 2930 3198 συνεστῶτες
2972 3135 3037 3188 ἐκ
3081 3133 3369 3202 τεσσάρων
3400 3126 3680 3200 χιτώνων,

413 3232 504 3302 qui
536 3240 770 3300 quatuor
804 3227 1062 3282 tuniculis
1093 3239 1158 3280 ac
1193 3225 1367 3280 tribus
1398 3225 1626 3280 diversis
1655 3223 1982 3279 humoribus

2098 3226 2186 3275 καὶ
2214 3224 2397 3294 ὑγρῶν
2423 3223 2796 3295 διαφερόντων
2825 3223 2995 3296 τριῶν
3013 3239 3028 3254 ο
3059 3221 3351 3294 νευρώὸεις
3370 3235 3387 3252 ⁸
3421 3219 3681 3286 αἰσθητι-

411 3322 836 3382 constituuntur,
866 3317 1068 3386 quique
1095 3332 1288 3371 nervos
1348 3317 1401 3369 in
1450 3332 1508 3370 se
1558 3315 1874 3379 continent,
1929 3323 1982 3370 et

2098 3315 2178 3368 κοὶ
2203 3315 2312 3369 τῶν
2339 3316 2722 3388 ὑποκειμένων
2770 3316 3106 3388 χρωμάτων,
3136 3313 3234 3369 καὶ
3265 3310 3558 3383 μεγεθῶν,
3591 3308 3680 3362 καὶ

411 3414 503 3484 qui
544 3412 786 3481 ohjectOS
824 3409 924 3464 sibi
957 3408 1190 3470 colores,
1239 3421 1528 3475 rerumque
1560 3405 1981 3474 magnitudines,

2098 3407 2389 3476 σχημάτων
2423 3409 2491 3462 ⁸⁹.
2521 3408 2595 3462 Οὐ
2632 3408 2798 3479 μόνον
2823 3409 2879 3462 δὲ
2913 3407 3207 3478 ὀφθαλμοὶ
3230 3407 3522 3474 λέγονται,
3547 3402 3679 3455 am

414 3517 630 3559 necnon
691 3501 892 3571 ﬁguras
933 3496 1337 3568 deprehendere
1401 3502 1623 3564 queant.
1655 3492 1774 3547 Non
1824 3494 1982 3548 modo

2098 3496 2186 3547 καὶ
2243 3495 2366 3564 φάη
2419 3497 2558 3550 κατὰ
2626 3497 2718 3551 τὸν
2791 3498 3022 3569 ποιητὴν
3047 3537 3063 3561 ,
3123 3497 3219 3551 καὶ
3259 3496 3532 3565 ὄμματα,
3591 3492 3679 3544 καὶ

412 3595 556 3651 oeuli
585 3593 687 3664 ipsi
722 3594 825 3646 hoc
881 3601 1113 3652 tantum,
1159 3603 1186 3641 a
1225 3587 1427 3642 Graecis
1464 3588 1684 3640 nomine
1720 3584 1982 3656 ὀφθαλμοὶ

2098 3586 2243 3641 ὄσσε
2273 3589 2342 3654 ⁸¹,
2396 3590 2492 3644 καὶ
2532 3585 2710 3656 ὦπες.
2746 3591 2856 3645 Καὶ
2888 3587 3182 3659 ὀφθαλμοὶ
3239 3588 3362 3658 μὲν.
3407 3585 3529 3638 ἀπὸ
3588 3581 3676 3635 τοῦ

411 3684 774 3754 appellantur,
815 3681 908 3736 sed
939 3680 1062 3734 aliis
1086 3680 1213 3733 item
1240 3676 1553 3731 nominibus
1579 3689 1676 3730 eos
1698 3669 1774 3730 illi
1805 3675 1982 3730 dicere

2098 3679 2317 3749 ΒφΘῆναι
2348 3682 2616 3752 παρέχειν
2642 3683 2859 3738 ἅπαντα
2884 3682 2945 3748 ἐξ
2969 3676 3042 3736 ὢν
3068 3681 3357 3737 ἐνάλλεται
3386 3680 3422 3751 ἡ
3453 3677 3618 3748 ὄψις·
3645 3676 3676 3743 ἢ

412 3782 835 3830 consueverunt.
862 3771 1096 3838 Quidam
1129 3777 1224 3824 eos
1248 3769 1381 3839 φάη,
1419 3777 1480 3822 ιιι
1510 3766 1652 3837 apud
1688 3765 1982 3821 Homerum

2098 3771 2252 3826 bm'bv
2281 3773 2554 3844 θάλαμοι·
2587 3775 2710 3845 φάη
2741 3777 2819 3842 δὲ,
2841 3777 2922 3830 ὅτι
2951 3775 3010 3842 ἐξ
3039 3774 3220 3828 αὐτῶν
3251 3771 3370 3843 φῶς
3403 3771 3675 3845 προέρχε·

411 3877 512 3927 est.
573 3874 911 3933 nuncupant.
977 3862 1080 3916 Alii
1138 3860 1364 3930 ὄμματα
1430 3859 1638 3912 dicunt.
1690 3857 1791 3911 Alii
1834 3858 1980 3910 εσσε.

2098 3880 2215 3917 rat'
2257 3865 2290 3936 ἢ
2334 3866 2418 3919 ὅτι
2449 3868 2629 3936 φωτός
2653 3870 2760 3920 εἰσι
2809 3867 3045 3940 κριτικοὶ
3100 3868 3195 3921 καὶ
3237 3863 3528 3919 δεκτικοι·
3590 3862 3675 3914 καὶ

410 3954 514 4006 Alii
542 3947 710 4016 ὦπες.
742 3953 807 4006 Et
839 3952 911 4006 ob
935 3951 985 4004 id
1012 3965 1108 4004 eos
1142 3950 1214 4002 illi
1261 3947 1570 4018 ὀφθαλμούς
1606 3948 1789 4002 dixere
1811 3988 1826 4009 .
1876 3947 1982 4001 ἀπὸ

2098 3957 2232 4028 ὀμη
2243 3975 2332 4030 ρος
2351 3975 2366 3992 ’

410 4047 506 4102 τοῦ
547 4046 778 4118 ὀφθῆναι
823 4043 1086 4115 παρέχειν
1125 4042 1362 4106 ἅπαντα,
1415 4041 1562 4111 quod
1598 4041 1780 4095 omnia
1829 4044 1970 4099 visui

2098 4050 2209 4106 rvia
2266 4054 2524 4123 reddant;
2551 4065 2646 4111 aut
2711 4057 2857 4128 quod
2878 4056 3164 4113 oculorum
3200 4051 3432 4108 thalami
3462 4066 3534 4106 ex
3558 4051 3671 4121 qui-

410 4146 510 4200 bus
532 4144 682 4199 visus
709 4142 906 4197 emicat
936 4147 1084 4204 sunt,
1145 4138 1215 4192 ob
1244 4137 1407 4207 idque
1439 4137 1509 4192 ab
1573 4137 1698 4191 aliis
1730 4138 1842 4210 φάη
1891 4141 2020 4196 dicti
2059 4155 2206 4214 sunt,
2236 4150 2380 4218 quod
2449 4167 2515 4222 es
2549 4151 2681 4222 ipsis
2714 4153 2896 4206 lumen
2922 4150 3068 4222 quod
3096 4150 3171 4204 illi
3201 4148 3318 4219 φῶς
3344 4155 3670 4218 nuncupant

412 4239 818 4312 progrediatur;
883 4237 1034 4308 ἥότι
1071 4234 1244 4304 φωτός
1284 4235 1389 4286 εἱσι
1449 4233 1704 4304 κριτικοί,
1755 4237 1899 4304 quod
1964 4255 1982 4292 ι

2098 4241 2215 4296 licet
2283 4245 2626 4301 discernendi
2697 4245 2920 4300 luminis
2941 4245 3050 4299 vim
3075 4243 3321 4300 obtinent
3368 4251 3436 4296 ut
3468 4240 3666 4295 Home-

413 4351 506 4390 l‘llS
535 4354 548 4389 ε

411 4443 518 4521 65
553 4447 651 4501 Hic
674 4446 858 4517 capiti,
889 4460 950 4497 ac
983 4441 1214 4513 pulchris
1245 4440 1409 4494 oculis
1433 4441 1594 4493 simul
1631 4442 1811 4494 oscula
1836 4444 1979 4512 ﬁxit.

2098 4445 2254 4500 Κῦσε
2275 4446 2344 4501 δέ
2360 4466 2469 4517 μιν
2498 4447 2779 4518 κεφαλὴν
2813 4449 2912 4500 καὶ
2953 4433 3126 4517 dmino
3150 4445 3308 4515 φάεα
3337 4444 3507 4500 καλά
3539 4445 3638 4512 (α).

413 4563 641 4630 Quidam
675 4560 745 4615 ob
793 4558 845 4613 id
869 4557 1017 4628 ipsos
1049 4555 1272 4626 ὄμματα
1301 4554 1572 4619 dixerunt,
1601 4549 1712 4608 οῖον
1745 4557 1982 4627 ὃρματα,

411 4657 504 4709 καὶ
543 4654 809 4723 αἶρματα,
851 4651 996 4719 quod
1043 4667 1106 4704 ex
1149 4650 1281 4720 ipsis
1342 4650 1570 4704 visibilis
1595 4650 1820 4719 spiritus
1858 4667 1981 4705 cum

412 4748 613 4816 impetu
651 4744 845 4808 fertur,
882 4753 935 4798 et
984 4743 1123 4797 idem
1164 4743 1256 4812 qui
1293 4741 1345 4794 in
1381 4742 1553 4796 oculis
1590 4749 1673 4795 est
1712 4757 1807 4811 per
1840 4743 1986 4812 ipsos

409 4839 522 4893 exit
593 4847 756 4906 atque
827 4835 1148 4904 ejaculalur.
1213 4831 1425 4888 Eolico
1473 4840 1655 4886 autem
1729 4832 1986 4887 idiomate

412 4928 574 4993 ὀπτά,
608 4943 732 4995 quae
776 4925 919 4979 circa
981 4924 1166 4979 oculos
1211 4933 1340 4977 sunt
1390 4924 1659 4994 appellare
1688 4939 1984 4982 consueve~

2091 4558 2353 4627 Ὀμματα
2387 4559 2466 4624 δὲ,
2508 4560 2592 4615 ὅτι
2643 4560 2712 4614 δι’
2759 4559 2942 4614 αὐτῶν
2969 4559 3030 4612 τὸ
3057 4557 3315 4630 ὁρατικὸν
3342 4557 3598 4628 ὁρμᾶται
3627 4557 3666 4590 ⁸³

2085 4648 2337 4718 πνεῦμω
2396 4646 2508 4705 οἷον
2555 4653 2772 4722 αἵματα
2820 4651 2865 4685 ⁸³
2900 4650 2997 4704 καὶ
3041 4649 3300 4720 ὅμματα·
3359 4648 3566 4718 ἐπειδὴ
3607 4648 3666 4700 δι’

2085 4741 2263 4795 αὐτῶν
2290 4743 2514 4811 ἀφίεται
2554 4745 2650 4797 καὶ
2677 4743 3026 4808 ἀκοντίζεται
3047 4741 3109 4795 τὸ
3133 4743 3193 4795 ὲν
3219 4743 3335 4804 τοῖς
3361 4741 3663 4810 ὀφθαλμοῖς

2086 4831 2324 4903 πνεῦμα.
2356 4833 2418 4886 0i
2447 4833 2503 4887 δὲ
2536 4833 2746 4898 Αἰολεῖς
2786 4833 2994 4888 rimata
3026 4834 3073 4866 ”
3099 4831 3325 4900 λέγουσι
3351 4829 3516 4901 παρὰ
3551 4832 3664 4890 τοὺς

2089 4919 2244 4988 ὦπας
2265 4942 2278 4954 ·
2312 4925 2564 4995 λέγονται
2599 4927 2696 4980 καὶ
2718 4926 2871 4998 παρὰ
2898 4925 2976 4996 τῷ
2999 4926 3196 4995 ποιητῇ
3221 4923 3380 4977 ὄσσε
3409 4925 3480 4987 ⁸⁸,
3522 4922 3663 4992 πα.ρὰ

2087 5017 2186 5088 τὴν
2220 5018 2328 5071 ὑπὸ
2377 5019 2446 5072 τὰ
2481 5020 2712 5090 κείμενα
2743 5019 2858 5074 ἕσιν
2902 5019 2969 5082 ⁸⁸,
3002 5017 3097 5072 καὶ
3149 5017 3250 5089 τὴν
3309 5016 3404 5070 ἐπ’
3452 5015 3587 5068 εὑθῦ
3627 5015 3664 5046 ⁸⁷

2091 5108 2251 5180 βολήν
2273 5125 2287 5141 ·
2320 5111 2414 5164 καὶ
2443 5111 2590 5181 ’Ὀμη
2601 5127 2692 5180 ρος
2715 5126 2730 5140 ·

409 5025 555 5072 runt.
593 5014 694 5070 Sed
725 5024 777 5068 et
804 5015 1068 5069 Homerus
1097 5013 1286 5068 oculos
1323 5014 1447 5066 ὄσσε
1479 5015 1798 5084 plerumque
1823 5016 1980 5081 dixit,

409 5107 553 5177 quod
595 5106 662 5160 ad
695 5104 799 5160 sibi
827 5105 1070 5174 subjecta
1099 5114 1245 5159 recte
1268 5105 1592 5174 dirigantur.
1635 5105 1716 5159 illi
1744 5122 1980 5177 namque

411 5199 587 5251 εὓσειν
647 5197 744 5250 καὶ
774 5194 1082 5250 εὐθυϐολεῖν
1131 5194 1396 5260 dictitant,
1435 5197 1575 5252 unde
1618 5197 1913 5254 Homerus:

482 5363 506 5391 ι
541 5349 683 5405 l‘sal.
716 5365 826 5413 xw,
864 5350 920 5403 8.

477 5534 523 5565 ⁸⁸
547 5531 650 5585 ποῦ
676 5531 814 5584 δὲτὸ
846 5533 1132 5601 κρ.οιιι.Δ
1165 5532 1294 5586 BC.
1370 5531 1414 5564 ⁸⁷
1441 5533 1733 5601 γενόμενον
1761 5534 1820 5585 Β.
1901 5534 1995 5584 ηδ
2055 5533 2142 5584 διὰ
2213 5547 2380 5598 usque
2437 5531 2503 5583 ad
2551 5532 2720 5603 ὑπηρ.
2753 5544 2862 5584 om.
2900 5529 2963 5582 Β.
3037 5527 3086 5560 δ’
3129 5529 3387 5652 κοὲυφήν
3436 5530 3481 5582 Α
3534 5533 3574 5584 Β
3613 5535 3647 5584 (ἶ

482 5604 576 5652 καὶ
627 5604 807 5652 ὅγκων
865 5603 991 5652 add.
1021 5602 1080 5652 C.
1157 5603 1198 5635 ⁸¹
1251 5602 1409 5652 ὅσσαι
1463 5603 1523 5652 Β.
1599 5605 1644 5635 δ’
1669 5605 1772 5652 dmi
1817 5605 1880 5652 A.
1959 5604 2003 5634 ⁵³
2041 5603 2248 5652 νέαατα
2297 5602 2356 5652 Β.
2433 5600 2477 5632 ⁵⁵
2503 5601 2723 5652 ὅππατα
2775 5600 2836 5652 Β.
2913 5601 2959 5633 ⁸⁵
2985 5599 3144 5652 ὅσσαι
3295 5596 3354 5652 Ρ.
3436 5601 3486 5633 ⁸⁸
3521 5621 3583 5652 π-
3622 5619 3647 5652 τ

403 5606 449 5638 ⁸ο
482 5604 576 5657 καὶ
627 5604 807 5669 ὄγκων
865 5596 991 5655 add.
1021 5602 1080 5670 C.
1157 5603 1198 5635 ⁵¹
1251 5602 1409 5656 ὅσσαι
1453 5596 1523 5654 Β.
1578 5596 1644 5635 ’δ’
1669 5605 1772 5670 ὁρᾶ
1817 5605 1880 5656 Α.
1959 5604 2003 5634 ⁵³
2041 5603 2248 5670 νέματα
2297 5596 2356 5656 Β.
2433 5596 2723 5655 “(irradia
2775 5600 2836 5655 B.
2913 5601 2959 5633 ⁸⁵
2985 5599 3144 5653 ὅσσαι
3203 5596 3246 5652 Β
3289 5596 3354 5655 Ρζ
3436 5601 3486 5633 ⁸⁸
3521 5621 3583 5657 π.
3622 5619 3665 5653 τ.

405 5655 606 5727 eum
646 5655 986 5742 ὑποκείμενα
1032 5655 1148 5726 ἕσιν
1186 5655 1417 5744 (αἴσσην
1451 5672 1548 5744 Ρ),
1582 5672 1622 5725 Β
1661 5655 1720 5728 Ρί
1798 5655 2081 5728 ⁵⁷νὲπευοὺ
2105 5655 2173 5730 ’8.

477 5785 553 5857 (a)
582 5779 680 5840 0d.
718 5786 786 5853 Π,
824 5782 909 5837 15.
