3842 6408
451 340 595 399 11Ἰεί

1760 329 2046 388 MELETII
2085 327 2403 386 MONACHI

3618 326 3739 386 H76

448 453 870 524 sudoribusque
901 447 1284 518 ingruentibus
1341 456 1703 518 protegerent.
1739 446 1795 501 ln
1823 447 1909 502 his
1936 462 2028 500 au-

2141 446 2222 498 ὃτι
2250 446 2309 497 αἱ
2341 444 2440 514 μὲν
2464 444 2566 514 τῆς
2595 442 2841 512 κεφαλῆς
2870 443 3058 515 τρίχες
3084 441 3316 509 αὔξουσι
3339 459 3403 494 τε
3442 440 3560 492 καὶ
3613 442 3737 495 i=9-

451 558 557 602 tent
620 544 863 600 defectus
904 541 1129 611 quidam
1188 540 1282 608 qui
1341 539 1397 594 in
1458 540 1672 611 capillis
1713 541 2029 611 neutiquam

453 644 538 692 est
569 632 857 703 inspicitur
890 650 904 685 :
940 647 1063 685 nam
1085 632 1267 701 capilli
1303 632 1356 685 in
1394 631 1512 687 dies
1542 633 1689 686 aucti
1741 632 2033 686 tondentur

450 731 880 791 rcsecanturque
913 739 929 789 ;
983 723 1177 776 horum
1231 737 1361 777 vero
1391 737 1456 777 ae
1487 722 1739 777 ciliorum
1786 738 1855 776 ne
1883 721 2034 776 visus

454 832 615 871 usum
659 816 961 885 oculosque
1010 816 1161 884 ipsos
1210 814 1531 884 impediant,
1582 815 1727 885 quod
1784 821 2032 868 extremo

453 910 719 966 confectis
747 910 902 965 senio
934 908 1188 965 accidere
1216 912 1377 975 solet,
1411 925 1603 965 verum
1633 907 1826 980 Opifex
1854 909 2033 962 incre-

452 1011 694 1057 mentum
741 999 1048 1070 denegavit.

519 1092 615 1147 Est
668 1100 849 1146 autem
880 1100 935 1145 et
980 1081 1037 1145 in
1097 1090 1233 1160 ipsis
1289 1089 1486 1159 oculis,
1551 1089 1713 1146 sicuti
1764 1090 2031 1158 colorum,

452 1183 525 1237 ita
567 1192 622 1238 et
677 1182 1112 1251 magnitudinum
1175 1182 1470 1251 plurimum
1518 1181 1872 1238 discriminis.
1925 1182 2033 1239 Sed

453 1291 577 1331 cum
632 1275 701 1330 de
734 1274 1012 1330 coloribus
1059 1274 1195 1330 satis
1222 1290 1252 1328 a
1279 1275 1436 1329 nobis
1488 1275 1694 1330 dictum
1729 1276 1829 1339 sit,
1863 1283 2034 1330 restat

455 1366 534 1420 uti
576 1366 645 1421 de
699 1365 1166 1436 magnitudinibus
1205 1366 1558 1422 disseramus.
1606 1367 1747 1421 Sunt
1789 1367 1880 1438 qui
1919 1382 2034 1421 ma-

455 1459 737 1530 gnitudine
793 1458 1218 1514 mediocritatem
1283 1458 1571 1522 excedunt,
1632 1458 1851 1529 quidam
1904 1472 2033 1512 vero

438 1560 620 1615 sunt,
674 1565 838 1620 quam
905 1548 1157 1618 expediat
1212 1548 1507 1605 breviores.
1567 1548 1672 1604 Eos
1731 1565 1882 1612 vero,
1936 1551 2029 1620 qui

429 1639 693 1709 .medium
739 1637 1015 1707 quoddam
1061 1639 1201 1691 inter
1247 1645 1488 1692 extrema
1525 1646 1738 1702 tenent,
1795 1638 2031 1708 optimos

426 1742 845 1797 _usquequaque
906 1736 1186 1795 putamus.
1230 1725 1462 1792 Rursus,
1491 1728 1785 1783 nonnullos
1809 1743 1872 1782 ex
1899 1728 2031 1798 ipsis

2138 533 2440 604 κείρονται.
2472 532 2649 586 Αυται
2696 532 2755 585 δὲ
2783 533 2839 585 αί
2885 531 3204 601 βλεφαρίδες
3249 532 3341 585 διὰ
3391 531 3460 583 τὸ
3524 529 3609 601 μὴ
3640 548 3739 583 κω-

2135 626 2284 680 λύειν
2316 625 2350 695 ἦ
2396 624 2832 696 παρεμποδίζειν
2855 624 2901 656 ⁸⁸
2949 626 3076 687 τοὺς
3108 624 3455 695 ὀφθαλμοὺς,
3524 623 3610 684 ὠς
3655 624 3739 676 ἐπὶ

2133 719 2243 772 τῶν
2264 717 2651 789 ὲσχατογήρων
2680 715 3038 788 ἐκωλύθησαν
3065 716 3406 780 αὐξάνεσθαι
3445 715 3620 787 παρὰ
3647 717 3735 767 τοῦ

2134 811 2465 883 τεχνουργοῦ
2487 812 2587 882 τῆς
2617 811 2838 864 πάντων
2862 809 3228 880 δημιουργίας
3251 812 3322 867 ⁸³.

2206 1072 2383 1145 Πολλὴ
2425 1072 2482 1127 δὲ
2508 1072 2612 1127 κάν
2642 1074 2755 1137 τοῖς
2787 1072 3091 1144 ὀφθαλμοῖς
3115 1073 3259 1127 κατὰ
3293 1073 3360 1125 τὺ
3394 1072 3617 1143 χρῶμα
3644 1078 3734 1125 καὶ

2134 1166 2195 1220 τδ
2231 1165 2462 1237 μέγεθος
2524 1165 2768 1235 πέφυκεν
2814 1166 3096 1235 ἑτερότης.
3156 1165 3268 1219 Καὶ
3315 1166 3452 1235 περὶ
3486 1164 3599 1234 μὲν
3640 1165 3732 1215 τοῦ

2133 1254 2426 1328 χρώματος
2446 1255 2629 1309 αὐτῶν
2662 1257 2882 1327 εἴρηται
2902 1271 2916 1285 ’
2952 1254 3167 1326 περὶόὲ
3200 1254 3298 1309 τοῦ
3324 1255 3616 1325 μεγέθους
3644 1255 3731 1306 vita

2133 1345 2280 1401 ἐστιν
2308 1346 2482 1400 εἰπεῖν
2502 1344 2569 1401 ⁸⁸.
2595 1347 2657 1399 Οί
2685 1346 2783 1417 μὲν
2814 1345 2923 1417 γὰρ
2947 1345 3169 1417 μείζους
3188 1347 3356 1411 εἰσὶν,
3384 1348 3438 1399 οἱ
3469 1345 3538 1397 δὲ
3574 1346 3733 1399 ἐλάτ-

2131 1456 2278 1505 τους,
2297 1439 2348 1493 οί
2374 1437 2432 1492 δὲ
2447 1436 2782 1509 σύμμετροιο
2811 1438 2914 1508 τὴν
2934 1438 3213 1510 ἑκατέρων
3237 1438 3531 1511 ἀμετρίαν
3562 1441 3732 1490 ἐκπε-

2134 1531 2388 1600 φυγότες,
2413 1527 2506 1592 οὓς
2524 1529 2617 1582 καὶ
2639 1528 2959 1599 βελτίστους
2987 1524 3126 1582 εἷναι
3161 1529 3318 1599 φασί.
3349 1529 3538 1584 Πάλιν
3554 1532 3607 1582 οξ
3633 1531 3734 1599 μὲν

2133 1621 2459 1691 πεπίληνται
2478 1621 2612 1692 πρὸς
2628 1619 2697 1673 τὰ
2722 1621 2868 1684 ὲντδς
2884 1619 2953 1682 ⁸⁷,
2984 1622 3078 1673 καὶ
3104 1621 3329 1690 μείζονα
3354 1622 3460 1688 τὴν
3489 1623 3735 1689 περι-,ξέ-

2137 1729 2289 1783 ρειαν
2309 1714 2410 1783 τῆς
2430 1712 2611 1766 αὐτῶν
2631 1711 2944 1783 κοιλότητος
2960 1711 3389 1782 διαγράφουσιν’
3424 1714 3481 1764 οἱ
3511 1712 3575 1764 δὲ
3600 1714 3735 1782 πρὸς

452 1829 644 1872 natura
680 1818 748 1872 ad
775 1817 1031 1873 interiora
1065 1817 1307 1888 impegit,
1329 1827 1384 1871 et
1406 1817 1462 1870 hi
1506 1818 1767 1886 majorem
1795 1817 2028 1872 circum-

2141 1806 2202 1858 τὰ
2231 1804 2387 1870 ἐκτὸς
2437 1803 2868 1871 ὲξὼγκωνται⁸⁸,
2899 1806 2994 1857 καὶ
3042 1805 3367 1871 ἐξάλλεσθαι
3430 1804 3733 1859 θέλουσιν

454 1909 740 1964 ferentiam
785 1924 948 1979 quam
970 1924 1158 1963 eorum
1191 1924 1324 1963 cava
1373 1920 1502 1964 sunt
1553 1908 1857 1979 designant.
1897 1908 2028 1974 Qui-

2141 1895 2287 1951 ἄλλοι
2301 1897 2357 1950 δὲ
2374 1897 2507 1966 πρὸς
2529 1897 2811 1968 οὐδέτερον
2835 1897 3044 1951 τούτων
3068 1897 3439 1962 ἐκκλίνουσιν,
3458 1897 3617 1952 ἀλλὰ

452 1999 575 2053 datu
615 2014 766 2062 vero,
800 1999 955 2069 quasi
989 2014 1019 2053 e
1053 2014 1149 2053 sua
1182 1998 1308 2053 sede
1341 1998 1686 2068 prosilientes
1736 1998 2028 2068 prominuli

2141 1990 2315 2062 μέσην
2354 1992 2536 2062 ἔχουσι
2567 1988 2772 2062 χώραν.
2799 1989 2862 2045 Οἳ
2895 1992 2991 2045 καὶ
3025 1991 3308 2060 βέλτιστον
3353 1988 3502 2064 ἦθος
3534 1992 3735 2063 διαση-

452 2090 718 2146 visuntur.
747 2092 817 2143 At
862 2091 1021 2155 alios,
1057 2089 1150 2159 qui
1196 2089 1263 2143 ad
1291 2100 1541 2143 neutrum
1613 2088 1805 2142 horum
1863 2088 2028 2142 decli-

2141 2083 2393 2152 μαίνουσι
2417 2082 2462 2114 ⁸³
2486 2084 2595 2135 τῶν
2627 2077 2823 2154 οἷσπερ
2855 2086 2903 2117 ⁹⁰
2936 2086 3067 2139 είσί.
3099 2087 3238 2147 Τοὺς
3288 2089 3491 2158 μέντοι
3524 2088 3735 2141 διακει.

452 2191 605 2247 nant,
652 2181 891 2237 medium
915 2182 1187 2252 quoddam
1213 2180 1412 2237 habere
1438 2196 1689 2236 cerneres
1711 2182 1849 2251 :67
1897 2182 2028 2236 talus

2141 2177 2336 2257 μένους
2361 2175 2565 2246 μᾶλλον
2593 2176 2727 2247 πρὸς
2752 2176 2820 2230 τὰ
2843 2177 2886 2209 ⁹¹
2916 2177 3067 2241 ὲντδς
3091 2176 3562 2243 ὀξυωπεστάτους
3594 2175 3733 2233 εἶναί

449 2272 621 2340 enim,
651 2287 843 2328 eorum
875 2273 926 2326 iu
972 2273 1173 2342 quibus
1202 2273 1475 2335 visuntur,
1516 2272 1808 2341 praeclaros
1848 2287 2028 2327 mores

2141 2285 2323 2338 φασιν,
2356 2268 2546 2341 ὧσπερ
2592 2272 2719 2335 τοὺς
2781 2273 2918 2342 πρὸς
2970 2271 3040 2324 τὰ
3083 2271 3241 2335 ἐκτὸς
3267 2271 3587 2335 ἀὸεόαίους
3642 2276 3732 2326 καὶ

449 2366 730 2422 denotant.
781 2363 915 2419 Natu
981 2365 1231 2420 homines
1265 2365 1357 2434 qui
1414 2364 1603 2419 oculos
1657 2363 1724 2417 ad
1770 2363 2027 2417 interiora

2141 2358 2423 2428 θυμικούς.
2446 2360 2586 2425 Τοὺς
2617 2361 2675 2415 δὲ
2716 2363 3205 2435 μεγαλοφθάλμους
3226 2405 3244 2430 ,
3272 2366 3371 2418 καὶ
3407 2365 3618 2428 ἀτενὲς
3644 2366 3731 2418 ὲν-

449 2465 716 2513 retraetos
764 2457 1091 2520 sortiuntur,
1136 2457 1434 2512 acutiorem
1466 2458 1641 2513 visum
1685 2457 1883 2512 habere
1911 2472 2028 2511 om-

2141 2448 2400 2521 ορῶντας,
2442 2449 2851 2524 λιροφθάλμους
2875 2453 2920 2485 ⁹²
2949 2455 3093 2518 τινὲς
3120 2453 3446 2524 ὠνόμασαν,
3480 2457 3645 2526 παρὰ
3676 2459 3731 2509 :s

449 2547 603 2602 nium
650 2548 834 2618 opinio
884 2557 987 2603 est.
1030 2552 1100 2603 At
1143 2549 1357 2619 magnis
1411 2548 1585 2604 oculis
1644 2546 1921 2617 praeditos,
1973 2554 2028 2602 et

2141 2541 2257 2596 λίαν
2285 2543 2393 2596 τινὶ
2431 2545 2792 2614 προσκεῖσθαι
2819 2546 2891 2617 ’ἢ
2944 2545 3097 2616 παρὰ
3122 2547 3185 2600 τὸ
3221 2546 3344 2600 λίαν
3376 2550 3526 2619 ὀρᾷν
3556 2566 3572 2580 ’
3602 2552 3727 2602 ἐπεὶ

447 2640 543 2708 qui
569 2638 776 2695 intento
803 2640 995 2696 obtutu
1045 2641 1205 2695 deliri
1249 2641 1474 2706 haerent,
1522 2640 1807 2694 instabiles
1846 2656 1911 2695 ac
1962 2640 2028 2695 ad

2141 2633 2351 2699 ἀτενεῖς
2374 2636 2514 2689 εἰσιν
2547 2638 2603 2690 αί
2646 2637 2855 2693 τούτων
2881 2637 3052 2708 ὄψεις,
3084 2639 3160 2703 ὡς
3198 2640 3441 2705 ἀναιδῶς
3494 2642 3729 2713 ἐπαιρό-

449 2729 585 2784 iram
609 2745 907 2800 propensos
919 2731 1122 2785 dixere.
1138 2730 1206 2784 At
1228 2730 1596 2801 tnagnoculos,
1614 2728 2028 2801 λιροφθειλμοὺςι

2143 2743 2323 2798 μεναι.

448 2787 729 2881 nonnullis
778 2827 1050 2896 appellare
1089 2787 1495 2895 placuitiquod
1539 2787 1595 2880 in
1632 2787 1908 2881 cernendi)
1956 2787 2032 2881 ad.
2063 2787 2158 2889 res
2186 2824 2334 2895 ipsas
2367 2824 2489 2894 plus
2524 2790 2693 2880 nimio
2741 2825 3089 2893 adhibentur,
3136 2829 3274 2893 sive,
3335 2831 3494 2900 quod
3532 2787 3724 2885 obtutu

450 2922 507 2977 in
559 2938 668 2981 uno
702 2922 863 2978 deﬁxi
906 2923 1278 2992 impudentius
1319 2923 1522 2977 haerere
1567 2924 1797 2978 soleant.

521 3018 775 3083 Musculi,
810 3020 955 3074 unde
999 3020 1174 3075 oculis
1200 3030 1382 3077 motus
1412 3020 1882 3084 subministratur,
1916 3033 2012 3075 sex

2190 3018 2255 3073 Οἱ
2292 3018 2350 3072 δὲ
2375 3019 2503 3082 τοὺς
2527 3018 2846 3090 ὀφθαλμοὺς
2875 3021 3159 3087 κινοῦντες
3202 3021 3344 3093 μύες
3374 3025 3442 3089 ἓξ
3487 3028 3611 3080 είσι
3638 3028 3725 3081 τὸν

436 3126 681 3175 .nutnero
728 3112 1020 3176 habentur,
1073 3127 1305 3182 quorum
1353 3112 1463 3167 duo
1514 3120 1662 3177 sunt,
1720 3126 1752 3167 a
1800 3110 2022 3181 quibus,

2141 3111 2360 3183 ιριθμόν
2377 3129 2391 3145 ο
2419 3112 2514 3167 δύο
2535 3113 2635 3183 μὲν
2661 3116 2713 3168 oi
2742 3092 3350 3185 περιστρέφοντεςὸλον
3376 3120 3478 3173 τὸν
3507 3121 3721 3190 ὀφθαλ-

450 3217 576 3259 cum
616 3218 647 3257 a
671 3218 869 3273 magno
895 3203 1195 3272 ptocedunt
1244 3202 1466 3272 angulo,
1493 3202 1667 3258 donec
1697 3203 1765 3258 ad
1799 3218 2027 3273 parvum

449 3293 723 3361 desinant,
756 3294 921 3348 totius
949 3294 1096 3349 oculi
1128 3309 1329 3365 corpus
1355 3295 1760 3365 circumagitur.
1782 3294 2031 3362 Quatuor

453 3400 584 3443 vero
634 3385 831 3453 reliqui
868 3396 1019 3442 recto
1054 3387 1176 3459 ejus
1204 3389 1376 3441 motui
1424 3385 1779 3455 famulantur,
1810 3404 1877 3443 ex
1906 3388 2030 3459 qui-

451 3476 556 3531 bus
578 3476 688 3530 duo
717 3486 864 3539 sunt,
909 3491 1144 3547 quorum
1185 3479 1322 3534 alter
1348 3493 1568 3533 sursum
1601 3477 1861 3544 extendit,
1892 3479 2031 3535 alter

451 3584 585 3623 vero
636 3569 855 3623 oculum
894 3568 1033 3625 infra
1075 3572 1333 3636 retrahit;
1369 3572 1461 3626 alii
1504 3587 1633 3626 vero
1668 3572 1915 3636 totidem,
1960 3572 2029 3628 ad

436 3660 696 3725 dextram
732 3662 1030 3732 laevamque
1056 3663 1232 3733 ipsum
1258 3671 1497 3718 movent.
1522 3663 1605 3737 Ad
1643 3666 1764 3730 hos,
1786 3673 1851 3733 et
1870 3666 2030 3735 septi-

438 3768 579 3821 ,tnus
611 3762 717 3817 est,
759 3768 920 3823 quem
963 3754 1251 3809 roboraudi
1283 3743 1426 3809 oculi
1461 3756 1633 3827 gratia
1674 3768 1869 3811 natura
1902 3770 2031 3827 pro-

453 3844 599 3909 tulit,
656 3860 768 3914 quo
820 3844 896 3898 illi
956 3845 1077 3900 usui
1139 3846 1427 3912 subiceret,
1487 3862 1611 3901 cum
1662 3847 1819 3902 nobis
1867 3847 2030 3902 breve

453 3936 671 4005 aliquod
684 3950 885 4006 corpus
898 3936 1014 3992 visu
1035 3939 1347 3992 accuratius
1359 3939 1757 4009 deprehendere
1773 3954 1913 4010 opus
1923 3948 2027 3996 est.

527 4025 692 4082 Visus
717 4038 796 4083 est
842 4029 985 4083 actio
1014 4045 1136 4099 qua:
1165 4030 1447 4084 oculorum
1488 4029 1670 4086 ofﬁcio
1704 4031 1795 4097 fit,
1829 4031 2030 4101 quibus

454 4120 684 4190 spiritus
718 4121 936 4177 subtilis
989 4122 1280 4178 admodum
1321 4124 1728 4188 commiscetur,
1760 4141 2030 4195 quorum-

452 4227 560 4282 que
599 4212 819 4281 pupillis
874 4213 1096 4279 insidet,
1136 4230 1230 4285 per
1277 4229 1437 4285 quem
1480 4231 1570 4272 res
1598 4214 1839 4277 eminus.
1863 4215 2027 4270 etiam

451 4303 649 4372 positae
679 4304 1158 4375 deprehenduntur
1196 4306 1338 4360 :uisi
1374 4306 1517 4361 enim
1557 4308 1610 4361 in
1636 4308 1808 4362 oculis
1844 4307 2027 4360 lumen

450 4395 759 4464 exsisteret,
784 4396 967 4452 lumen
992 4398 1139 4468 quod
1162 4408 1316 4454 extra
1342 4409 1426 4456 est
1444 4399 1592 4455 cerni
1616 4415 1647 4454 a
1670 4399 1828 4454 nobis
1856 4398 2029 4453 haud-

450 4501 722 4558 quaquam
780 4498 982 4558 posset.
1019 4489 1203 4560 lpsum
1235 4492 1379 4567 enim
1411 4492 1553 4546 visui
1591 4492 1672 4546 uti
1708 4491 1885 4547 solare
1918 4491 2023 4545 hoc

450 4581 633 4637 lumen
693 4570 1119 4654 comprehendat
1156 4584 1468 4641 facultatem
1509 4586 1770 4655 largitur,
1804 4593 1858 4640 et
1910 4583 2024 4654 pri-

450 4687 602 4726 mum
637 4687 667 4727 a
717 4674 838 4729 visu
878 4674 999 4744 ipso
1037 4675 1299 4740 cernitur,
1340 4676 1592 4743 aeuisque
1629 4676 1810 4730 lumen
1861 4674 2024 4730 rebus

452 4763 764 4819 visibilibus
792 4764 1187 4821 circumfusum
1251 4767 1439 4823 oculos
1505 4768 1570 4822 ad
1630 4776 1845 4822 sensata
1908 4766 2024 4836 ipsa

450 4850 901 4920 deprehendenda
940 4854 1188 4909 suscitat.
1238 4855 1372 4910 Illud
1424 4868 1602 4910 autem
1631 4856 1774 4925 quod
1806 4854 1919 4916 dat.
1966 4863 2025 4908 ut

452 4939 761 5011 Theologus
787 4945 1041 5012 asseruit,
1074 4946 1292 5015 accipit.

520 5024 683 5081 Plura
739 5028 1005 5100 siquidem
1092 5032 1400 5103 philosophi
1469 5034 1538 5090 de
1601 5035 1753 5091 visus
1810 5035 2026 5091 actione

451 5127 764 5176 scrutantes
810 5121 865 5175 itt
919 5122 1155 5179 medium
1189 5126 1508 5184 attulerunt.
1541 5126 1644 5193 Qui
1683 5137 1863 5183 autem
1901 5127 2029 5199 Epi-

2132 3203 2264 3274 μὸν,
2319 3204 2430 3258 ἀπὸ
2454 3205 2551 3259 τοῦ
2598 3205 2838 3276 μεγάλου
2881 3207 3082 3261 κανθοῦ
3120 3209 3446 3280 ἀρχόμενοι,
3492 3216 3602 3266 καὶ
3650 3216 3721 3278 εἰς

2126 3293 2219 3347 τὸν
2273 3295 2471 3366 μικρὸν
2512 3296 2897 3361 τελευτῶντες.
2940 3299 3005 3350 Οί
3041 3298 3098 3352 δὲ
3140 3299 3414 3369 τέσσαρες
3467 3304 3719 3357 κινοῦσιν

2128 3386 2290 3441 αὑτὸν
2324 3389 2446 3441 κατ’
2478 3388 2695 3443 εὐθεῖαν
2714 3405 2732 3420 ⁸
2761 3393 2787 3443 ὀ
2821 3389 2922 3460 μὲν
2955 3384 3038 3455 εἷς
3063 3392 3388 3458 ἀνατείνων,
3418 3394 3453 3446 ὀ
3473 3394 3537 3448 δὲ
3566 3398 3719 3459 ἄλλος

2128 3479 2467 3532 κατασπῶν·
2520 3479 2680 3544 ἄλλος
2724 3480 2971 3546 ἐπιδέξια
3013 3483 3208 3548 κινῶν,
3258 3474 3375 3538 καῖ’
3413 3485 3589 3549 ἄλλος
3638 3488 3718 3539 ἐπ’

2129 3569 2417 3643 ἀριστερά.
2455 3572 2615 3625 Ἐστι
2661 3572 2720 3626 δέ
2748 3588 2834 3636 τις
2883 3574 2981 3627 καὶ
3026 3574 3215 3646 ἔτερος
3262 3573 3532 3647 ἕϐδομος,
3577 3578 3717 3640 ὅστις

2127 3660 2292 3712 αὐτὸν
2333 3660 2582 3732 στηρίξει
2630 3662 2726 3716 τὸν
2778 3662 3081 3733 ὀφθαλμὸν,
3126 3665 3299 3719 ὲπειδ⁹
3352 3666 3424 3721 ἂν
3469 3668 3718 3739 ἁκριὸὦς

2130 3748 2351 3820 βλέπειν
2387 3769 2441 3805 τι
2490 3751 2651 3823 σῶμα
2698 3754 2899 3824 μικρὸν
2925 3756 2972 3787 ³⁸
3017 3754 3305 3826 δεηθῶμεν
3360 3758 3461 3826 εἰς,
3496 3759 3711 3828 ὅρασιν.

2201 3842 2369 3913 Ὀρος
2389 3842 2444 3894 δὲ
2477 3845 2721 3916 ὁράσεως
2749 3838 2927 3909 οὗτος.
2959 3845 3193 3915 Ὃρασίς
3223 3847 3375 3901 ἐστιν
3408 3849 3449 3920 ἡ
3493 3849 3591 3902 διὰ
3614 3851 3715 3904 τῶν

2127 3930 2424 4001 ὀφθαλμῶν
2470 3933 2731 4003 γινομένη
2759 3934 3011 4005 ἐνέργεια
3030 3935 3096 3991 ⁸⁸.
3128 3933 3236 3988 Τοῦ
3262 3935 3373 4005 γὰρ
3396 3953 3715 4010 συγκεκρα-

2131 4024 2296 4095 μένου
2325 4025 2382 4077 ὲν
2413 4025 2596 4088 αὐτοῖς
2629 4023 2942 4096 πνεύματος
2964 4026 3164 4080 λεπτοῦ
3191 4028 3438 4098 μάλιστα
3467 4029 3633 4093 ὀντος
3650 4032 3713 4094 ’⁸,

2129 4116 2225 4168 καὶ
2257 4118 2377 4178 ταῖς
2405 4116 2597 4186 κόραις
2620 4117 2828 4171 τούτων
2849 4118 3249 4189 ἐνυπάρχοντος
3272 4121 3344 4185 ’⁸,
3367 4120 3439 4173 δι’
3463 4121 3643 4175 αὑτοῦ
3672 4124 3712 4154 ’τ

2128 4207 2186 4259 αί
2233 4208 2490 4278 ὀρατικαὶ
2547 4209 2863 4281 ἀντιλήψεις
2928 4214 3024 4264 καὶ
3097 4210 3384 4283 πόρρωθεν
3443 4214 3711 4282 γίνονται.

2130 4299 2194 4352 El
2223 4298 2299 4369 μὴ
2328 4302 2437 4371 γὰρ
2467 4301 2525 4355 ὲν
2555 4300 2854 4372 ὀφθαλμοῖς
2883 4302 2997 4370 φῶς
3027 4305 3195 4366 ἐστιν,
3228 4303 3330 4357 οὐκ
3369 4304 3441 4356 ἂν
3485 4305 3706 4376 ὁραθείη

2128 4390 2190 4443 τὸ
2260 4389 2464 4457 ἔξωθεν
2509 4392 2659 4461 φῶς·
2728 4392 2851 4462 ὀψε-ι
2902 4393 3009 4464 γὰρ
3062 4394 3290 4464 παρέχει
3343 4397 3485 4465 ὀρᾷν
3554 4397 3708 4450 τοῦτο

2130 4483 2191 4535 τὸ
2222 4482 2450 4554 ἡλιακδν
2509 4483 2645 4553 φῶς.
2705 4485 2817 4538 Καὶ
2874 4486 3091 4556 πρῶτον
3147 4488 3342 4557 ὀρᾶται
3402 4489 3568 4559 παρὰ
3619 4491 3708 4558 τῆς

2130 4573 2308 4642 ὅψεως
2334 4588 2349 4603 ⁸
2377 4573 2469 4627 καὶ
2517 4576 2633 4637 τοῖς
2663 4575 2883 4645 ὁρατοῖς
2913 4576 3209 4648 περιρρέον
3246 4577 3308 4630 τὸ
3341 4579 3540 4649 ἀέριον
3577 4580 3705 4649 φῶς,

2130 4665 2449 4737 παρρησίαν
2478 4668 2591 4730 τοῖς
2623 4666 2841 4739 ὄμμασι
2889 4669 3179 4741 χαρίζεται
3234 4673 3315 4733 είς
3349 4671 3456 4740 τὴν
3483 4673 3602 4726 τῶν
3630 4678 3702 4728 αἱ-

2130 4756 2344 4829 σθητῶν
2391 4759 2755 4831 κατανόησιν·
2796 4778 2815 4812 t
2851 4761 3141 4832 Λαμσὰνει
3188 4763 3297 4835 γὰρ
3344 4764 3375 4817 ὀ
3422 4765 3657 4829 δίδωσι.
3684 4787 3700 4820 ι

2129 4850 2273 4905 κατὰ
2299 4850 2396 4923 τὴν
2418 4848 2514 4904 τοῦ
2547 4852 2816 4922 Θεολόγου
2848 4854 3056 4925 φωνήν.

2202 5029 2380 5084 Πολλὰ
2402 5030 2459 5084 δὲ
2486 5032 2537 5084 oi
2562 5030 2844 5103 φιλόσοφοι
2868 5034 3000 5104 περὶ
3041 5033 3142 5104 τῆς
3181 5036 3474 5105 ἐνεργείας
3505 5039 3701 5109 ταύτης

2129 5122 2483 5195 διενεχθησαν
2508 5140 2524 5156 ⁶
2555 5126 2607 5177 oi
2639 5126 2739 5195 μὲν
2786 5123 3177 5197 Ἐπικούρειοι,
3209 5126 3410 5180 εἴδωλα
3436 5129 3554 5182 τῶν
3586 5149 3700 5201 φαι-

452 5210 570 5264 curi
625 5214 947 5268 sententiam
995 5226 1125 5271 sunt
1181 5218 1373 5283 secuti,
1408 5218 1552 5276 idola
1598 5220 1773 5276 oculis
1827 5221 2028 5277 nostris

2141 5215 2370 5285 νομένων
2409 5216 2779 5288 προσπίπτειν
2805 5218 2917 5279 τοῖς
2946 5216 3250 5286 ὀφθαλμοῖς
3301 5216 3558 5287 λέγουσι,
3614 5224 3698 5274 καὶ

452 5313 642 5354 earum
716 5313 837 5371 qua:
892 5314 1155 5374 apparent
1215 5323 1396 5362 rerqu
1455 5307 1568 5378 68
1626 5307 1810 5378 objici,
1864 5310 2027 5379 idque

2130 5308 2229 5380 τὴν
2274 5309 2463 5375 ὅρασιν
2520 5311 2716 5362 ποιεῖν.
2791 5307 3170 5381 Ἀριστοτέλης
3211 5308 3268 5362 δὲ
3317 5311 3422 5364 οὐκ
3479 5313 3699 5367 εἴδωλον

522 5412 1004 5502 1ίξπι.“οτὴν⁴ὀ’ρσισιν
1092 5438 1227 5502 παρ.
1271 5424 1368 5502 Β.-.
1405 5424 1451 5457 ⁸³
1481 5424 1660 5502 παρὰ-
1681 5426 1782 5502 τού
1808 5426 2358 5502 ᾴριστοτέχνουρεού
2385 5425 2448 5482 Ρ.
2521 5426 2568 5458 ⁸⁵
2597 5427 2902 5502 είπεῖνηέτι
2939 5445 3004 5502 γε
3064 5427 3170 5502 μὴν
3222 5431 3333 5484 τῶν
3384 5431 3692 5502 ὀφθαλμῶν.

452 5483 570 5564 ιιι-οξ
611 5486 711 5564 μὲν
742 5483 860 5564 τῶν
885 5483 1189 5564 ὀφθαλμῶν
1207 5493 1542 5564 πεπόληνται
1565 5483 1608 5547 ἔτ

1610 5496 1796 5589 point?
1817 5496 1967 5589 esse;
1995 5499 2037 5550 Β
2060 5496 2159 5589 Ρ.“
2197 5497 2243 5530 ⁸⁸
2256 5497 2604 5589 ’ξξόγκωκίται
2627 5498 2727 5589 ἐκ
2768 5498 2814 5530 ⁸⁹
2838 5499 2892 5589 οξ
2909 5500 3006 5589 καὶ
3041 5496 3325 5589 κρείττοιίς
3372 5496 3469 5556 καὶ
3499 5496 3696 5589 βἒ

607 5552 1131 5652 Ξξῖιθριὶνιτξξλίδιιξᾶ.¹
1152 5565 1281 5652 τεὺς
1318 5552 1501 5652 μῇτοι
1759 5552 2190 5652 ὲνόἷςζπερήΒ..
2256 5552 2456 5652 Mincii;
2486 5569 2549 5623 Α,
2627 5552 3102 5652 σι’λινεξφθάξμουξ
3276 5552 3326 5604 οἱ

451 5624 561 5702 uti)
607 5624 793 5702 γινάμ,
830 5630 919 5702 si;
976 5632 1082 5686 τῶν
1108 5633 1231 5702 ὀφθ.
1260 5624 1340 5687 ἕν’.
1373 5635 1434 5689 Β.

1544 5575 1604 5621 l’.
1679 5575 1726 5599 ὐ
1759 5575 1817 5622 ὲν
1859 5575 1938 5632 οίς
1987 5585 2092 5639 περ
2120 5575 2180 5623 Β.
2256 5575 2300 5600 ἰ
2331 5575 2456 5631 τοὺς
2486 5575 2549 5623 Δ.
2627 5575 2672 5599 "
2708 5575 3102 5641 λινοφθάλμους
3138 5575 3203 5627 Α.
3279 5575 3326 5604 ³³
3357 5590 3498 5641 σμικ
3539 5575 3596 5628 ’ν
3637 5575 3693 5629 Β.

1542 5638 1587 5669 ’⁵
1608 5636 1932 5726 pausia}:
1969 5639 2140 5726 ὄντος.
2162 5641 2228 5726 Α,
2258 5638 2354 5726 καῖ
2376 5637 2914 5726 ’ξδ’ξιζγξεκραὶμένον
2946 5642 3006 5695 ὲν
3034 5642 3218 5706 αὐτοῖς
3245 5642 3469 5713 πνεῦμα
3504 5590 3694 5698 grta-6v

458 5693 693 5766 μάλιστα
726 5693 786 5756 ὀν
816 5700 856 5756 C
884 5700 946 5756 P.
1023 5703 1068 5734 "
1097 5693 1400 5776 ἐνυπάρχον
1420 5705 1484 5762 Δ.
1518 5693 1760 5780 ύπάῖρχον
1790 5708 1832 5765 C
1863 5710 1925 5762 P.
2001 5710 2046 5741 ⁸⁷
2072 5693 2140 5763 δὶν
2168 5693 2350 5764 αύτῶν
2374 5708 2437 5775 Δ,
2464 5706 2532 5762 δι’
2547 5693 2619 5761 ὀὗ
2650 5693 2690 5765 (ξ
2719 5693 2783 5763 Ῑί.
