3856 6452
78 400 111 455 ι
136 402 167 457 ι
188 402 278 458 77
1381 367 1475 462 ne
1510 404 1804 463 mnum
1840 388 2146 461 uomens.
3269 406 3409 465 ms

73 517 472 589 σωματικὸν,
503 514 642 580 ἀλλὰ
664 517 929 589 ποιότητα
955 519 1025 572 δι’
1058 518 1400 583 ἂλλοιώσεως
1428 519 1524 573 τοῦ
1555 518 1699 590 πέριξ

1820 517 1974 571 visus
2016 515 2466 571 constitutionem
2527 530 2648 571 esse
2702 525 3033 572 statuerunt.
3087 518 3411 576 Aristoteles

71 609 315 682 ἀέρος.
369 609 480 664 ἀπὸ
504 608 616 663 τῶν
644 610 861 682 ὁρατῶν
899 609 1030 682 ἄχρι
1074 614 1174 682 τῆς
1199 612 1375 681 ὅψεως
1410 612 1699 681 παραγίνε.

1822 623 1950 662 vero
2003 624 2111 664 non
2168 609 2309 664 idola
2370 608 2485 677 ipsa
2546 620 2828 676 corporea,
2877 609 2969 664 sed
3012 610 3239 665 resoluti
3264 617 3409 668 aeris

75 701 281 757 σθαι.
338 702 566 758 Πλάτων
593 703 651 757 δὲ
684 701 995 774 συμφώνως
1020 702 1097 775 τῷ
1126 704 1354 775 Γαληνῷ
1406 703 1500 757 τὸν
1549 701 1699 774 πέριξ

1818 702 1913 769 qui
1970 714 2072 755 nos
2116 699 2289 755 ambit
2340 699 2681 770 qualitatem,
2742 715 2864 770 quae
2909 715 2939 755 a
3002 701 3167 756 rebus
3211 703 3405 759 visibi-

70 792 268 863 ἀέρα
294 794 445 862 λέγει
466 794 512 827 ⁸⁸
568 794 803 865 ὄργανον
837 793 1088 863 γίνεσθαι
1126 794 1207 867 τῷ
1236 794 1500 866 ὀφθαλμῷ
1528 811 1544 825 ο
1582 793 1699 848 καθ

1821 792 1962 846 libus
2016 791 2083 846 ad
2147 791 2323 844 visum
2385 806 2560 861 usque
2611 791 2843 856 accedit,
2887 792 3065 848 visum
3122 809 3244 849 esse
3290 795 3408 864 opi-

82 885 171 939 ὃν
206 887 440 959 ὁρῶμεν
491 889 685 959 χρόνον
725 886 992 954 τοιοῦτον,
1036 881 1150 941 οἷόν
1180 904 1290 960 περ
1317 887 1611 958 ἐγκεφάλῳ
1654 886 1699 940 τί

1818 893 1981 936 natus
2025 890 2129 937 est.
2184 880 2377 945 Plato,
2435 881 2594 949 cujus
2652 883 2977 937 sententiam
3027 882 3267 941 Galenus
3318 900 3399 941 se-

74 978 326 1051 νεῦρον
341 982 409 1035 ὀ.
1014 978 1027 985 ”
1816 982 1978 1029 cutus
1989 974 2246 1038 est,hunc
2262 973 2353 1043 qui
2386 989 2487 1028 nos
2517 989 2697 1029 aerem
2723 975 2915 1041 ambit,
2935 989 3003 1030 eo
3027 985 3269 1046 tempore
3289 992 3402 1047 quo

1816 1064 2115 1127 cernimus,
2165 1063 2588 1119 instrumentum
2618 1063 2904 1118 oculorum
2935 1065 3399 1135 quemadmodum

1814 1163 1871 1207 et
1903 1152 2110 1213 cerebri
2149 1168 2376 1208 nervum
2420 1166 2544 1207 esse
2580 1152 2934 1207 existimavit.

1885 1245 2029 1302 Solis
2061 1259 2299 1315 namque
2346 1244 2622 1316 splendor,
2676 1245 2876 1315 inquit,
2938 1243 3204 1313 superiori
3255 1244 3398 1302 aeris

1814 1338 2050 1393 termino
2125 1337 2419 1403 adhibitus,
2492 1336 2716 1392 luminis
2801 1337 2909 1390 vim
2975 1337 3027 1389 in
3078 1336 3397 1392 universum

1812 1430 2114 1493 distribuit,
2172 1431 2515 1501 partiturque
2559 1449 2574 1486 :
2626 1430 2718 1501 qui
2771 1429 3047 1500 spirituali
3088 1429 3396 1485 substantia

1811 1521 2097 1592 praeditus,
2133 1536 2230 1591 per
2273 1532 2497 1575 nervos
2528 1520 2620 1589 qui
2670 1520 2812 1576 visui
2875 1520 3179 1575 inserviunt
3231 1534 3399 1590 pene-

1812 1625 1938 1669 trat.
1991 1613 2129 1668 Cum
2184 1627 2319 1669 vero
2372 1614 2427 1667 in
2495 1612 2825 1667 ambientem
2882 1626 3008 1666 aera
3082 1610 3291 1676 incidit,
3342 1619 3398 1668 et

852 1700 1157 1769 διαδίδωσιν
1234 1701 1366 1773 άχρι
1450 1703 1699 1756 πλείστου

1809 1705 1989 1774 primo
2042 1705 2247 1771 impetu
2302 1704 2358 1777 in
2392 1703 2488 1757 illo
2534 1703 2623 1758 cui
2681 1700 2970 1756 adhibetur
3019 1701 3397 1757 alteratiouem

181 1239 277 1295 'H
292 1256 353 1294 τε
384 1238 496 1312 γάρ
525 1238 671 1309 αὐγὴ
695 1239 793 1293 τοῦ
824 1239 980 1311 ἡλίου
1007 1238 1262 1309 ψαύουσα
1281 1239 1376 1294 τοῦ
1399 1241 1512 1296 άνω
1543 1240 1715 1312 πέρα·

77 1349 215 1397 τος
255 1331 356 1386 τοῦ
382 1332 569 1403 ἀέρος,
599 1331 913 1387 διαδίδωσιν
957 1334 1040 1396 είς
1071 1333 1192 1387 ὅλον
1220 1332 1322 1402 τὴν
1355 1332 1591 1403 δύναμιν
1612 1331 1709 1386 τοῦ

90 1425 316 1494 φωτός
338 1441 354 1454 ·
384 1424 484 1495 ἦτε
510 1422 603 1478 διὰ
640 1423 750 1477 τῶν
771 1423 1018 1479 ὀπτικῶν
1057 1423 1270 1496 νεύρων
1292 1425 1439 1494 αὐγὴ
1467 1426 1706 1497 φερομέ-

83 1535 209 1589 νη.
244 1517 348 1589 τὴν
379 1516 480 1588 μὲν
510 1515 704 1570 οὐσίαν
750 1515 867 1588 ἔχει
906 1516 1306 1588 πνευματικὴν,
1356 1517 1709 1587 ἐμπίπτουσα

84 1609 161 1663 δὲ
206 1609 296 1680 τῷ
326 1608 661 1680 περιέχοντι,
695 1611 794 1663 καὶ
838 1611 907 1680 τῇ
941 1606 1132 1681 πρώτῃ
1180 1604 1458 1681 προσϐολῇ
1489 1608 1589 1679 τὴν
1614 1610 1709 1662 άλ-

84 1702 347 1756 λοίωσιν
404 1699 774 1773 ἐργαζομένη,

92 1791 434 1861 συνέχουσα
464 1788 688 1861 ἑαυτὴν,
720 1789 883 1861 ἄχρις
933 1790 1003 1845 ἂν
1036 1792 1118 1857 είς
1160 1793 1458 1848 ἀντίτυπον
1484 1794 1702 1865 ἐμπέσῃ

1807 1804 1992 1869 eflicit,
2021 1803 2356 1871 tantumdem
2397 1804 2658 1874 temporis
2686 1817 2806 1858 sese
2850 1802 3141 1858 continens
3195 1801 3397 1857 din‘un-

91 1882 313 1955 σῶμα.
365 1882 499 1955 Ὁρᾷ
525 1882 585 1937 δὲ
609 1886 643 1955 ἡ
692 1883 819 1954 δψις
860 1885 984 1938 κατ’
1025 1886 1245 1951 εὐθείας
1283 1889 1574 1959 γραμμάς,
1606 1892 1699 1944 καὶ

1810 1897 1980 1960 ditur,
2021 1896 2201 1965 quoad
2246 1895 2301 1948 in
2340 1909 2543 1964 corpus
2598 1910 2627 1947 a
2666 1908 2775 1962 quo
2816 1892 3215 1963 repercutiatur
3260 1891 3398 1947 inci.

88 1975 230 2029 τῶν
271 1975 550 2044 διαφανῶν
581 1976 743 2047 μέχρι
801 1976 1005 2047 βάθους
1053 1978 1379 2034 διικνεῖσθαι
1414 1982 1660 2049 πέφυκεν
1688 2001 1703 2017 ο

87 2068 287 2139 ἀέρος
319 2068 419 2139 μὲν
447 2068 681 2141 πρώτως
711 2072 808 2124 καὶ
842 2070 1103 2147 μάλιστα,
1135 2073 1255 2126 ὅλον
1290 2075 1402 2143 γάρ
1428 2073 1704 2146 διεξέρχε-

89 2182 209 2217 ται
235 2181 253 2195 ο
294 2162 551 2234 δεύτερον
581 2163 640 2217 δὲ
679 2163 872 2227 ὕδατος
917 2164 1264 2234 ἠρεμοῦντος
1284 2168 1383 2220 καὶ.
1409 2166 1656 2239 καθαροῦ
1682 2182 1697 2198 ⁸

24 2252 27 2259 ’
91 2250 288 2327 ἦττον
318 2254 376 2309 δὲ
399 2254 471 2309 δι’
514 2254 672 2308 ὑέλου
699 2256 799 2308 καὶ
826 2254 938 2308 τῶν
966 2254 1145 2309 ἄλλων
1185 2255 1296 2309 τῶν
1348 2258 1705 2329 πεφωτισμέ-

24 2344 25 2353 “
90 2364 227 2400 νων
252 2358 269 2374 ⁶
304 2346 415 2401 ἴδια
457 2346 569 2416 γὰρ
626 2347 804 2400 ταῦτα
839 2345 941 2417 τῆς
986 2345 1184 2417 ὅψεως.
1241 2346 1470 2418 Ὁμοίως
1522 2348 1708 2403 καὶτὸ

24 2440 29 2517 ξ
92 2438 321 2510 χρῶμα
352 2439 486 2493 ἴδιον
517 2438 619 2509 τῆς
642 2439 956 2509 αἰσθήσεως
976 2454 992 2467 ’
1029 2435 1145 2492 οἷον
1180 2439 1244 2492 τὸ
1277 2439 1441 2508 φαιὸν
1498 2440 1531 2511 ἢ
1574 2442 1706 2513 ὲρυ-

24 2534 29 2539 ’
94 2530 281 2601 θρόνο
315 2530 633 2585 αἰσθάνεται
663 2532 774 2602 γάρ
824 2530 971 2585 κατὰ
1006 2531 1109 2601 μὲν
1144 2531 1368 2603 πρῶτον
1400 2532 1562 2599 λόγον
1594 2532 1705 2587 τῶν

24 2700 29 2703 _
94 2624 453 2695 χρωμάτων,
493 2621 948 2691 συνδιαγινώσκει
974 2622 1032 2677 δὲ
1073 2623 1260 2688 αὐτοῖς
1294 2626 1389 2678 καὶ
1410 2625 1473 2679 τὸ
1495 2643 1706 2697 κεχρω-

24 2722 27 2725 ’
97 2717 355 2788 σμένονί
389 2715 573 2785 σῶμα.
608 2715 707 2769 καὶ
732 2716 797 2770 τὸ
827 2714 1059 2786 μᾶγεθος
1090 2717 1187 2770 καὶ
1217 2716 1278 2770 τὸ
1301 2718 1489 2788 σχῆμα
1509 2718 1703 2782 αὐτοῦ,

99 2809 215 2863 καὶ
238 2807 339 2879 τὴν
371 2806 560 2880 χώραν
584 2806 714 2862 ἔνθα
743 2808 880 2872 ἐστὶ,
924 2809 1022 2862 καὶ⁵
1055 2807 1118 2862 τὸ
1155 2802 1459 2882 διάστημα,
1491 2812 1703 2866 καὶτὸν

100 2900 377 2973 ἀριθμὸν,
410 2900 631 2971 κίνησιν
653 2904 698 2963 ³,
729 2900 829 2955 καὶ
858 2900 1054 2955 στάσιν
1081 2917 1094 2931 ·
1140 2902 1238 2955 καὶ
1265 2901 1329 2956 τδ
1352 2905 1530 2975 τραχὺ
1563 2906 1584 2937 ³
1608 2905 1705 2958 καὶ

99 2995 284 3059 λεῖον,
313 2992 412 3057 καὶ
440 2993 500 3045 re
527 2992 731 3062 ὁμαλὸν
770 2992 865 3047 καὶ¹
908 2992 969 3045 τὸ
1007 2992 1300 3064 ἀνώμαλον
1317 2993 1362 3059 ⁵,
1406 2995 1502 3048 καὶ
1530 2994 1592 3049 τὸ
1610 2995 1705 3062 ὀξὺ

24 3088 31 3117 -.
101 3086 211 3140 καὶ
246 3087 269 3118 ι
307 3083 490 3156 ἀμσλύ
514 3101 529 3115 ο
569 3085 667 3139 καὶ
715 3084 815 3157 τὴν
871 3086 1086 3148 στάσιν.
1133 3087 1245 3140 εἴτε
1289 3086 1565 3153 ὑδατῶδες
1591 3089 1634 3154 ⁸,
1668 3088 1702 3160 ἢ

1809 1989 1967 2043 derit.
2032 1988 2196 2045 Visus
2243 1996 2425 2042 autem
2474 2002 2567 2057 per
2615 1994 2795 2041 rectas
2851 1986 3025 2040 lineas
3071 1984 3266 2051 cernit,
3299 1985 3393 2040 sed

1811 2088 1867 2135 t-t
1916 2094 1980 2135 ra
2032 2095 2154 2149 qua
2197 2080 2536 2134 translucent
2584 2092 2816 2148 corpora
2866 2075 2934 2132 ad
2993 2076 3163 2130 imum
3217 2091 3395 2145 usque

1811 2172 2129 2242 penetrandi
2159 2171 2418 2225 facultate
2452 2170 2712 2240 praeditus
2744 2178 2864 2235 est;
2895 2176 2951 2223 et
2973 2168 3208 2238 primum
3247 2182 3391 2237 pra-

1808 2266 2079 2335 cipueque
2105 2279 2204 2334 per
2254 2272 2427 2318 totum
2484 2277 2609 2317 aera
2649 2263 2800 2316 nullo
2828 2260 3221 2332 impedimento
3259 2260 3393 2317 ferri

1810 2366 2002 2427 suapte
2031 2364 2224 2412 natura
2278 2357 2510 2411 idoneus
2559 2356 2805 2410 habetur.
2882 2352 3054 2408 Paulo
3107 2353 3289 2410 minus
3337 2354 3393 2407 in

1810 2464 1951 2518 aqua
1998 2464 2136 2519 pura
2174 2448 2576 2517 tranquillaque
2612 2447 2752 2502 idem
2782 2445 2968 2501 efticit.
2998 2444 3104 2501 Sed
3138 2461 3246 2501 non
3272 2454 3395 2500 tan-

1813 2543 2056 2596 tumdem
2088 2541 2141 2595 in
2168 2541 2333 2605 vitro,
2355 2551 2407 2594 et
2435 2540 2559 2595 aliis
2581 2555 2704 2610 qua!
2732 2538 3032 2594 sublustria
3056 2546 3185 2594 sunt
3201 2551 3395 2608 corpo-

1810 2633 1960 2689 ribus
1990 2633 2148 2687 valet.
2185 2631 2311 2686 Haec
2365 2639 2515 2694 sunt,
2538 2644 2661 2701 qua:
2682 2630 2940 2701 peculiari
2965 2630 3090 2700 jure
3109 2630 3260 2685 visus
3287 2630 3391 2687 sibi

1808 2736 2069 2796 perpetuo
2130 2725 2392 2779 vindicat.
2453 2722 2655 2777 Eodem
2720 2733 2899 2792 pacto,
2959 2733 3012 2777 et
3045 2722 3284 2786 colores,
3333 2732 3394 2776 ut

1812 2816 1990 2870 fulvus
2038 2815 2357 2884 rubensque
2414 2827 2611 2869 sensus
2674 2812 2891 2883 propria
2945 2819 3110 2879 sunt,
3175 2813 3394 2868 colores

1807 2908 1952 2963 enim
1979 2906 2236 2975 primaria
2254 2906 2338 2961 sui
2366 2905 2575 2960 ratione
2597 2906 2746 2960 visus
2766 2904 3144 2974 deprehendit,
3169 2903 3386 2970 deinde,

1807 3009 1861 3054 et
1912 3001 2098 3054 colore
2125 2998 2388 3053 infectum
2428 3013 2631 3068 corpus
2651 3039 2666 3064 ,
2698 2996 2931 3067 ejusque
2959 2997 3389 3067 magnitudinem

1809 3089 2168 3161 figuramque,
2205 3103 2270 3145 ac
2299 3089 2479 3143 locum
2512 3103 2623 3158 quo
2652 3088 3152 3159 comprehenditur.
3196 3085 3392 3142 simul-

104 3177 329 3248 γεῶδές
354 3180 476 3232 ἐστι
496 3192 509 3207 ο
548 3176 637 3232 διὰ
677 3178 849 3250 μόνης
874 3178 987 3249 γὰρ
1013 3178 1115 3249 τῆς
1142 3178 1320 3249 ὅψεως
1348 3177 1460 3232 τῶν
1481 3180 1699 3251 χρωμά-

1808 3176 1917 3253 que
1945 3190 2214 3250 quantum
2237 3180 2420 3237 distet.
2462 3178 2752 3245 Praeterea,
2782 3195 3070 3235 numerum
3100 3189 3154 3233 et
3182 3187 3389 3233 motum

24 3278 31 3308 :
101 3289 230 3326 των
257 3268 797 3340 ἀντιλαμϐανόμεθα.
836 3270 918 3323 Τά
961 3270 1018 3323 δὲ
1040 3269 1205 3324 λοιπὰ
1231 3270 1390 3324 κοινᾶ
1429 3270 1531 3341 τῆς
1560 3270 1707 3341 ἁφῆς

24 3368 31 3399 ί
102 3363 215 3417 καὶ
244 3362 347 3432 τῆς
377 3360 576 3431 ὅψεως.
611 3360 803 3432 ὥσπερ
840 3361 936 3416 καὶ
968 3362 1063 3414 ἐπὶ
1088 3360 1184 3414 τοῦ
1220 3362 1394 3433 πυρός
1417 3378 1433 3392 ’
1467 3362 1565 3415 καὶ
1595 3362 1706 3432 γάρ

24 3448 29 3492 ί
103 3456 177 3511 τδ
205 3453 319 3525 πῦρ
364 3453 606 3526 ὁρῶντες
645 3453 809 3524 ἴσμεν
840 3454 923 3508 ὅτι
968 3452 1174 3525 θερμόν
1216 3454 1369 3507 ἐστιν
1398 3470 1412 3483 ·
1459 3454 1577 3508 ἀλλ’
1608 3454 1704 3508 ἐὰν

24 3556 29 3583 ί
105 3544 216 3598 ἐπὶ
243 3543 343 3615 τὴν
369 3542 596 3616 πρώτην
616 3544 742 3613 δψιν
763 3543 1050 3615 ἀναγάγῃς
1071 3545 1090 3575 "
1106 3543 1213 3596 ,τὸν
1234 3543 1416 3613 λόγον,
1448 3545 1705 3617 εὑρήσεις

24 3668 27 3677 .
106 3639 218 3704 ὼς,
254 3624 379 3693 τότε
423 3637 513 3692 ὅτε
551 3638 586 3708 ἡ
619 3636 743 3706 ὄψις
775 3634 1046 3690 ἐθεάσατο
1090 3636 1151 3689 re
1174 3634 1308 3708 πῦρ.
1346 3636 1555 3707 μόνον’
1602 3638 1700 3691 τοῦ

23 3736 31 3769 ι
107 3729 415 3803 χρώματος
471 3729 568 3784 καὶ
620 3729 901 3800 σχήματος
951 3727 1078 3798 ἔσχε
1107 3726 1208 3799 τὴν
1245 3727 1451 3797 γνῶσιν
1478 3745 1493 3760 ’
1531 3745 1704 3802 προσ-

24 3840 27 3857 ⁴
107 3821 388 3891 ελθούσης
411 3820 471 3876 δὲ
503 3824 603 3892 τῆς
629 3821 797 3893 ἁφῆς,
832 3820 1221 3892 ἐγνωρίσαμεν
1256 3820 1339 3874 ὅτι
1374 3820 1580 3890 θερμὸν
1607 3822 1704 3875 καὶ

24 3922 29 3949 '-
109 3913 425 3969 καυστικδν
459 3913 703 3985 ὑπάρχει
732 3914 795 3967 τδ
830 3912 967 3984 πῦρ·
1007 3913 1147 3967 Ποτὲ
1214 3912 1318 3983 μὲν
1353 3915 1386 3984 ἦ
1420 3913 1543 3983 δψῑς
1601 3914 1703 3986 τῆς

24 4012 27 4019 ’
109 4004 528 4078 ὲπιμαρτυρίας
554 4005 751 4078 χρῄζει
777 4004 888 4061 τῶν
913 4005 1092 4060 άλλων
1130 4005 1440 4077 αἰσθήσεων
1470 4007 1610 4078 πρὸς
1644 4007 1702 4061 τὸ

24 4104 27 4113 Γ
112 4100 198 4174 μὴ
227 4098 562 4169 σφάλλεσθαι
588 4114 601 4127 ·
639 4099 775 4152 ποτὶ
807 4098 864 4153 δὲ
892 4097 1013 4153 καθ’
1053 4096 1258 4170 ἑαυτὴν
1282 4099 1531 4171 ἐναργῶς
1559 4116 1700 4171 παρ-

24 4214 27 4225 ν
111 4192 302 4263 ίστησι
358 4190 421 4244 τὸ
458 4189 784 4261 φαινόμενον
816 4205 829 4218 ·
865 4190 995 4243 ὅταν
1042 4188 1138 4242 οὖν
1187 4189 1280 4242 τὸν
1326 4189 1538 4260 πύργον
1559 4191 1581 4222 ⁹
1610 4190 1702 4245 τὸν

108 4285 463 4356 τετράγωνον
503 4283 840 4354 στρογγύλον
884 4283 1173 4356 πόρρωθεν
1203 4284 1326 4355 δρᾷ,
1353 4283 1547 4337 καὶτὰ
1585 4284 1704 4354 μεί-

24 4382 25 4409 ³
111 4378 250 4442 ζονα
278 4376 388 4430 τῶν
443 4374 662 4446 ζώωνῆ
720 4374 1064 4445 κτισμάτων,
1106 4374 1305 4447 μικρὰ,
1372 4375 1697 4444 σφάλλεται.

141 4468 367 4540 Ομοίως
395 4466 492 4521 καὶ
517 4467 649 4521 ὅταν
675 4466 723 4498 ¹⁰
749 4466 821 4520 δι’
851 4465 1044 4530 ὕδατος
1065 4465 1391 4536 κινουμένου
1412 4467 1519 4537 δρᾷ
1545 4482 1561 4497 ο
1600 4466 1702 4536 τὴν

1808 3289 1876 3330 ac
1898 3275 2170 3345 quietem,
2229 3288 2465 3344 cumque
2512 3272 2598 3328 his
2622 3272 2768 3343 quod
2808 3288 3062 3343 asperum
3093 3287 3158 3327 ac
3200 3273 3394 3345 le‘veet

1807 3366 2057 3437 planum,
2092 3366 2473 3436 inaequaleque
2490 3374 2610 3432 est;
2648 3375 2761 3420 tum
2814 3366 2976 3419 etiam
3010 3374 3189 3429 acuta,
3227 3364 3390 3419 obtu-

1808 3472 1998 3529 saque,
2031 3467 2087 3512 et
2115 3474 2239 3529 quae
2289 3458 2513 3512 immota
2543 3458 2856 3512 consistunt
2891 3475 2905 3511 :
2962 3466 3015 3511 et
3040 3465 3224 3510 utrum
3255 3454 3388 3525 quid

1808 3550 1875 3605 ad
1906 3564 2140 3620 aqueum
2196 3558 2252 3605 et
2291 3557 2526 3604 terreum
2563 3548 2819 3610 declinet,
2869 3548 3191 3618 dignoscere
3233 3544 3392 3601 facile

1806 3651 2007 3712 potest.
2036 3640 2108 3696 Ut
2166 3641 2373 3695 enimn
2425 3640 2583 3695 nobis
2634 3641 2851 3693 colores
2887 3637 3387 3708 deprehendantur,

1806 3737 1955 3791 visus
2020 3742 2232 3789 tantum
2264 3749 2429 3790 causa
2460 3731 2719 3797 exsistit;
2756 3738 2817 3785 ut
2846 3744 2976 3786 vero
3019 3739 3238 3793 caetera,
3273 3737 3388 3784 tum

1805 3833 2005 3894 tactus,
2035 3835 2148 3882 tum
2173 3825 2325 3881 visus
2365 3832 2469 3890 est,
2499 3823 2646 3894 quod
2699 3821 2840 3892 ignis
2895 3820 3148 3891 exemplo
3172 3820 3390 3892 probari

1803 3926 1962 3983 facile
1973 3927 2312 3999 potest.Cum
2329 3926 2474 3983 enim
2495 3927 2673 3998 ignem
2691 3924 2929 3998 primum
2947 3923 3110 3981 nobis
3125 3924 3395 3994 inspicere

1802 4021 2091 4093 contingit,
2115 4023 2259 4092 quod
2275 4021 2485 4076 calidus
2507 4019 2578 4075 sit
2599 4019 2873 4076 novimus.
2888 4017 3393 4086 Verumenimvero,

1804 4115 1850 4170 si
1875 4115 1927 4170 id
1945 4113 2088 4185 quod
2119 4114 2355 4185 primum
2375 4113 2679 4183 inspexeris
2713 4111 3049 4175 consideres,
3091 4119 3219 4166 tunc
3245 4109 3391 4166 enim

1804 4205 2149 4262 manifestum
2169 4205 2274 4260 erit
2317 4206 2384 4260 de
2419 4204 2618 4261 coloris
2649 4203 3033 4259 tantummodo
3052 4202 3216 4271 ignis,
3250 4202 3387 4272 tigno

1802 4310 1986 4364 neque
2007 4296 2219 4349 ratione
2236 4293 2394 4348 nobis
2413 4293 2569 4363 plane
2598 4291 2943 4347 constitisse.
2966 4289 3023 4345 Si
3056 4305 3185 4346 vero
3218 4300 3273 4346 et
3304 4300 3391 4345 ta-

1802 4391 1951 4438 ctum
1983 4382 2416 4444 adhibuerimus,
2465 4382 2638 4446 illum,
2667 4390 2781 4435 tum
2829 4379 3064 4434 calidum
3103 4378 3216 4450 69
3247 4394 3389 4444 esse,

1806 4483 1919 4528 tum
1964 4472 2318 4549 comburendi
2363 4471 2471 4525 vim
2506 4471 2707 4525 habere
2743 4469 3238 4540 deprehendemus.
3283 4469 3391 4524 Sed

110 4561 229 4632 γὰρ
258 4557 455 4629 κώπην
502 4557 579 4624 ὡς
624 4558 1010 4629 κεκλασμένην
1056 4557 1243 4629 βλέπει
1284 4559 1344 4610 ἐν
1382 4559 1449 4627 τῇ
1497 4555 1699 4610 θαλάσ-

1808 4561 2428 4634 nonnunquam-accidit
2451 4562 2591 4616 visui
2631 4562 2756 4631 ipsi,
2792 4574 2903 4630 quo
2933 4561 3115 4616 minus
3153 4560 3389 4627 aberret,

110 4669 192 4729 σῃ
221 4654 285 4708 ¹¹.
345 4651 581 4723 Ὁμοίως
605 4652 665 4706 δὲ
692 4653 737 4684 ³⁸
778 4651 884 4731 κκαὶ
916 4650 1049 4705 ὅταν
1089 4650 1181 4705 διά
1222 4666 1371 4713 τινος
1425 4648 1581 4721 ὕλης.
1620 4649 1698 4714 ὡς

111 4749 346 4802 ἐπὶτῶν
379 4746 686 4819 ἐσόπτρων,
724 4745 823 4799 καὶ
851 4743 1060 4816 ἑτέρων
1092 4742 1401 4815 διαφανῶν,
1443 4744 1537 4797 καὶ
1565 4744 1699 4797 ὅταν

110 4839 284 4908 ὀξέως
315 4840 535 4909 κινῆται
560 4838 624 4892 τὸ
663 4837 968 4908 ὁρώμενον.
1026 4835 1406 4907 Συνταράσσει
1451 4835 1565 4907 γὰρ
1596 4835 1699 4905 τὴν

111 4932 241 5003 δψιν
267 4932 517 5003 ήταχεῖα
558 4930 798 5002 κίνησις,
846 4927 922 4993 ὡς
953 4928 1049 4982 ἐπὶ
1094 4927 1189 4982 τοῦ
1224 4928 1329 5000 τῆς
1363 4928 1698 4999 περιστερᾶς

112 5024 417 5096 τραχήλου.
489 5021 787 5094 Τεσσάρων
842 5020 901 5074 δὲ
985 5020 1223 5093 μάλιστα
1291 5018 1429 5090 πρὸς
1490 5018 1698 5090 ἐναργῆ

115 5117 413 5186 διάγνωσιν
454 5116 489 5187 ή
529 5114 654 5187 ὄψις
704 5113 900 5186 χρῄζει
928 5129 944 5145 ο
989 5111 1269 5176 άὸλαὸοῦς
1296 5112 1692 5183 αίσθητηρίου·

118 5208 440 5281 συμμέτρου
465 5208 738 5279 κινήσεως
759 5222 774 5237 °
800 5207 896 5262 καὶ
923 5206 1295 5277 διαστήματος
1326 5205 1489 5275 ἀέρος
1519 5203 1696 5257 καθα-

121 5303 217 5375 ροῦ
245 5319 259 5332 ·
284 5303 381 5358 καὶ
440 5299 701 5374 λαμπροῦ
756 5299 957 5371 φωτός.
1015 5299 1129 5355 Καὶ
1156 5298 1225 5353 τά
1259 5299 1359 5370 μὲν
1404 5298 1536 5369 περὶ¹
1584 5297 1697 5350 τῶν

117 5392 415 5466 ὀφθαλμῶν
444 5393 589 5457 ἃλις.

1775 4655 1930 4724 aliis
1968 4654 2231 4711 sensoriis
2275 4670 2373 4710 ceu
2431 4652 2662 4708 testibus
2718 4652 2796 4706 uti
2829 4669 2845 4705 :
2881 4652 3212 4722 quandoque
3259 4666 3391 4707 vero

1806 4763 1905 4819 per
1937 4761 1995 4800 se
2024 4745 2204 4815 ipsum
2235 4743 2386 4799 nullo
2422 4751 2747 4800 ceterorum
2777 4741 3112 4797 adminiculo
3149 4757 3238 4798 res
3269 4757 3392 4814 qua:

1804 4845 2070 4910 apparent
2108 4836 2516 4893 animadvertit.
2566 4834 2763 4890 Turris
2805 4833 2970 4905 igitur
3006 4834 3288 4904 quadrata:
3330 4835 3392 4888 ti-

1803 4945 1954 5004 gura:
1988 4928 2045 4983 in
2071 4928 2238 5000 paulo
2256 4927 2536 4984 remotiori
2564 4943 2598 4984 a
2625 4926 2744 4982 visu
2775 4940 2941 4997 quam
2970 4939 3069 4995 par
3093 4924 3165 4979 sit
3186 4924 3391 4980 distan-

1802 5024 1878 5079 tia
1936 5022 2113 5094 posita
2157 5021 2388 5078 rotunda
2443 5020 2698 5086 videtur,
2765 5018 3088 5089 majoraque
3132 5016 3390 5072 animalia

1797 5130 1864 5171 ac
1910 5114 2157 5185 cujusvis
2205 5112 2424 5185 generis
2479 5112 2735 5175 aedilicia,
2810 5111 3061 5167 breviora
3112 5111 3251 5165 :sed
3288 5108 3393 5164 fal-

1798 5205 1930 5263 litur
1979 5206 2222 5279 quidem.
2283 5204 2473 5276 Atqui,
2508 5213 2563 5261 ct
2597 5205 2692 5259 illo
2744 5212 2986 5274 tempore
3037 5202 3191 5257 visus
3222 5202 3389 5257 etiam

1798 5297 1976 5368 decipi
2018 5297 2178 5363 solet,
2220 5312 2346 5352 cum
2409 5313 2595 5353 remus
2642 5311 2710 5352 ex
2761 5302 2914 5349 motu
2967 5309 3123 5366 aqua:
3150 5294 3209 5349 in
3250 5291 3390 5348 mari

1797 5387 2006 5445 fractus
2063 5390 2298 5445 videtur.
2343 5386 2427 5443 Ad
2470 5389 2607 5454 haec,
2653 5385 2890 5457 alicujus
2921 5386 3164 5442 materiae
3198 5401 3388 5464 causa,

121 5498 265 5545 utex
288 5486 498 5558 speculi
532 5484 987 5558 inspectionibus,
1016 5499 1081 5540 ac
1113 5482 1238 5538 aliis
1295 5481 1585 5551 diaphanis
1641 5496 1764 5552 qua:
1799 5481 2052 5538 videlicet
2108 5483 2444 5538 translucent
2498 5481 2845 5553 corporibus,
2887 5482 3037 5536 visus
3093 5479 3386 5549 decipitur.

120 5582 275 5638 Tunc
310 5582 497 5648 etiam,
559 5581 781 5652 quando
806 5580 858 5637 id
888 5580 1036 5652 quod
1069 5580 1332 5644 cernitur,
1386 5576 1592 5649 pernici
1620 5593 1686 5633 ac
1720 5577 1981 5634 ocissitno
1997 5588 2145 5634 tnotu
2164 5578 2373 5647 fertur;
2391 5578 2518 5634 talis
2563 5578 2710 5657 enim
2763 5574 3390 5646 motus,utincolumba:

126 5792 266 5848 ⁵-άνό

129 5864 224 5920 καὶ

349 5794 441 5848 λον
472 5796 534 5851 Β.
610 5797 751 5851 ’καὶ
801 5815 831 5850 τ

315 5881 382 5921 αν
409 5865 451 5919 Β
490 5868 553 5922 Ρ.
636 5869 677 5902 ¹¹
706 5868 802 5939 τῆς
837 5865 1118 5937 θαλάσσης
1154 5864 1213 5920 Β.
1293 5865 1334 5896 ¹²
1357 5864 1414 5917 δὲ
1440 5881 1549 5920 om.
1600 5865 1659 5921 Β.

189 5722 236 5758 ’⁸
262 5694 513 5790 λέγουσιν
534 5726 597 5779 Β.
673 5727 720 5760 ⁹⁹
752 5742 829 5780 πα
869 5724 883 5745 ⁹
914 5724 1110 5795 ὲγκεφ.
1165 5734 1219 5780 et
1257 5738 1380 5777 mox
1402 5722 1467 5776 τὸ
1486 5720 1685 5793 νεύρω.
1770 5724 1786 5756 ¹
1817 5723 2164 5796 κεχωσμένου
2192 5723 2258 5777 Δ.
2335 5723 2356 5752 ²
2386 5723 2600 5795 κίνησίν
2655 5739 2716 5776 τε
2773 5721 2817 5774 Β
2848 5721 2891 5777 C
2916 5764 2921 5771 .
2951 5720 3013 5777 P.
3092 5721 3113 5753 ³
3140 5717 3279 5788 τοιχῦ
3321 5718 3384 5770 Α.

189 5792 441 5849 ινόιιαλον
472 5796 534 5849 Β.
610 5798 633 5830 ⁸
656 5797 751 5849 καὶ
801 5743 866 5849 τί
884 5795 946 5849 Β.
1023 5795 1044 5826 ⁸
1072 5794 1155 5849 ὑδ.
1209 5792 1373 5849 τυγὸν
1423 5794 1485 5848 Β.
1561 5795 1581 5826 ⁷
1609 5793 1825 5849 ὰγάγης
1852 5790 1893 5846 Β
1912 5795 1975 5849 Ρ.
2077 5794 2099 5824 ³
2132 5794 2294 5849 μόνου
2329 5793 2369 5846 Β
2398 5792 2458 5848 P.
2530 5795 2553 5828 '
2576 5793 2667 5848 τὸν
2688 5792 2817 5849 γοῦν
2845 5811 2906 5846 π.
2934 5792 2975 5847 Β
2998 5792 3061 5844 Ρ.
3140 5790 3184 5823 ¹⁰
3212 5805 3304 5849 σφο
3330 5787 3384 5843 δὲ

1023 5795 1044 5826 ⁸
1062 5790 1182 5866 ’ὑδζ
1209 5792 1376 5866 τυχὸν
1390 5864 1397 5866 ξ
1423 5794 1485 5848 Β.
1561 5790 1825 5866 τίὰγάγης
1852 5790 1975 5850 ΒΡ.

2077 5794 2099 5824 ⁸
2132 5794 2294 5865 μόνου
2329 5793 2369 5846 Β
2398 5792 2458 5848 Ρ.
2495 5787 2509 5795 ’
2530 5795 2553 5828 ⁸
2576 5793 2667 5848 τὸν
2688 5792 2817 5863 γοῦν
2845 5811 2906 5846 π.
2934 5792 2975 5847 Β
2998 5792 3061 5844 Ρ.
3140 5790 3184 5823 ¹⁹
3212 5787 3304 5857 σφ.
3330 5787 3386 5843 δὲ
