3842 6416
1336 363 1426 420 DE
1462 361 1678 421 NATUI

1792 359 2098 419 HOMINIS.
3206 362 3346 418 1182

23 379 203 436 IIS!

23 498 144 549 ιαὶ
177 496 250 548 at!
301 492 405 562 μὲν
438 486 771 561 στρογγύλαι
802 486 870 550 ⁸⁸,
903 484 960 538 αἱ
992 484 1050 537 δὲ
1084 481 1266 553 σιμαὶ,
1292 479 1424 534 αἰδὲ
1458 479 1664 545 ὀξεῖαιο

1787 477 1976 541 ›1ευηι,
2005 482 2100 529 aut
2126 474 2424 544 quemlibet
2455 474 2624 530 alium
2653 476 2938 532 humorem
2972 474 3221 533 adhiberi
3254 492 3350 534 ac-
3449 480 3458 486 '

23 589 86 636 ιι
122 587 197 639 δὲ
244 581 520 655 μεγάλαι,
553 580 609 632 αἱ
638 577 694 631 δὲ
746 575 962 647 μικραί.
995 569 1169 628 Αῦται
1203 572 1260 626 δὲ
1319 570 1520 640 μᾶλλον
1554 569 1665 622 τῶν

1787 568 1923 633 :idit,
1962 566 2205 636 pruritus
2271 567 2523 622 sentitur.
2576 566 2890 635 Enimvero,
2947 569 3068 624 nasi
3125 569 3354 625 diversa:

23 677 252 730 ἰλλων
287 675 504 746 μορίων
533 670 801 725 εὐειδείαν
853 667 1220 740 ἢδυσειδείαν
1254 664 1558 734 παρέχουσι
1588 662 1664 732 τῷ

1787 659 1962 714 'orma:
1978 659 2248 712 visuntur.
2284 656 2421 712 Sunt
2461 659 2552 728 qui
2580 673 2809 713 recurvo
2839 668 2969 714 sunt
2991 660 3226 730 prmditi,
3257 661 3352 714 alii

23 767 388 839 προσώπῳ,
1414 793 1418 796 .
1775 753 1828 806 in
1851 747 2193 805 latitudinem
2213 749 2504 815 distracto;
2535 751 2624 803 alii
2642 752 2876 804 rotunda
2905 750 3075 822 ﬁgura
3094 771 3108 818 ;
3129 752 3350 820 quidam

23 859 277 913 simum
321 858 562 921 habent;
592 855 647 908 in
679 853 800 907 aliis
833 851 1182 906 acuminatas
1219 846 1464 902 cernitur
1499 863 1512 900 :
1556 845 1610 898 in
1651 842 1982 913 quibusdam
2025 843 2251 913 ingens;
2295 841 2348 894 in
2394 841 2673 912 plerisque
2718 857 2920 911 parvus
2994 843 3281 916 inspicitur
3336 860 3349 895 :

23 951 178 1008 haec
212 951 502 1020 siquidem
525 963 652 1018 pars
680 960 790 1016 pra:
817 942 1030 999 caeteris
1070 939 1311 994 hominis
1353 937 1546 994 faciem
1583 935 1876 992 formosam
1901 934 2320 1004 deformemque
2349 933 2586 989 maxime
2616 935 2810 991 reddit.

441 1156 582 1222 Κεφ.
612 1153 685 1208 E'.
714 1180 784 1190 ——
810 1149 949 1217 napi
970 1147 1316 1218 μιιγούλων.

2245 1138 2376 1209 Cap.
2416 1140 2480 1194 V.
2507 1169 2578 1182 --
2599 1138 2672 1194 De
2698 1139 2864 1210 genis.

127 1271 230 1325 Τὰ
288 1270 351 1323 δὲ
401 1268 679 1337 μάγουλα
726 1263 820 1316 καὶ
849 1261 1023 1332 μῆλα
1067 1263 1356 1332 λέγονταιο
1397 1255 1561 1307 ὀστέα
1606 1255 1664 1307 δέ

1843 1256 2004 1312 ϐειιω
2058 1263 2263 1319 autem,
2319 1269 2440 1324 qua:
2491 1262 2544 1308 et
2599 1252 2755 1306 malae
2814 1260 3100 1315 vocantur,
3132 1253 3233 1322 7]
3284 1253 3353 1307 ab

30 1367 178 1420 εἰσι
211 1359 489 1431 κυφοειδῆ
524 1360 637 1420 τοῖς
670 1355 966 1426 κροτάφοις
994 1349 1414 1426 συμπεφυκότα.
1445 1346 1487 1398 Τ
1491 1345 1665 1400 ούτων

1796 1348 1906 1418 psis
1954 1345 2121 1416 μῆλα.
2155 1360 2398 1400 convexa
2453 1359 2578 1398 ossa
2634 1353 2782 1405 sunt,
2812 1358 2932 1412 qum
2965 1358 3088 1397 cum
3140 1352 3351 1413 tempo-

30 1459 112 1512 δὲ
161 1456 348 1530 μόριά
375 1455 503 1516 εἰσι,
527 1456 622 1505 καὶ¹
655 1449 722 1503 τὰ
752 1449 861 1502 τῶν
885 1447 1115 1501 ὀδόντων
1161 1447 1384 1498 πάντων
1435 1440 1665 1509 φατνία,

1787 1439 1933 1493 ribus
1987 1443 2460 1507 coagmentantur.
2512 1433 2571 1488 In
2638 1434 2831 1487 horum
2897 1440 3076 1486 autem
3142 1433 3349 1488 ossium

41 1523 221 1622 πλῆν
245 1523 364 1601 τῶν
386 1544 618 1616 τομέων.
654 1543 923 1611 Μάγουλα
958 1540 1014 1594 δὲ
1069 1539 1164 1594 καὶ
1219 1539 1366 1610 μῆλα
1421 1535 1574 1610 παρὰ
1606 1534 1670 1590 τὸ

1787 1537 1950 1601 parte,
1976 1541 2169 1581 omnes
2191 1526 2381 1580 dentes
2403 1534 2596 1595 praeter
2621 1523 2743 1579 illos
2773 1523 2863 1594 qui
2920 1525 3139 1580 secandi
3171 1524 3352 1579 ofﬁcio

43 1615 228 1714 μάλα
253 1644 300 1675 ’ί
335 1641 429 1694 καὶ
457 1615 518 1694 τὸ
549 1635 728 1694 οὖλον.
762 1638 923 1700 Τινὲς
951 1636 1008 1690 δὲ
1056 1636 1146 1690 διὰ
1188 1636 1249 1689 τὸ
1301 1634 1530 1707 ὲρυθρδν
1571 1633 1667 1685 τοῦ

1787 1619 2016 1692 delegati
2047 1627 2194 1683 sunt,
2218 1633 2315 1672 ceu
2352 1618 2404 1671 in
2433 1615 2672 1687 laqueari
2701 1616 2884 1670 inserti
2911 1619 3178 1671 visuntur.
3199 1616 3354 1672 Mala:

49 1709 262 1806 μήλου
299 1733 396 1788 καὶ
427 1733 602 1786 ταῦτα
627 1730 799 1793 οὕτως
831 1728 1080 1784 καλοῦσι.
1109 1729 1221 1797 Τῆς
1267 1727 1372 1800 γὰρ
1417 1725 1670 1798 εὐχροίας

1787 1715 1919 1770 enim
1965 1714 2036 1769 ob
2085 1713 2135 1767 id
2195 1710 2344 1783 μῆλα
2382 1709 2537 1764 dictae
2585 1717 2735 1775 sunt,
2777 1710 2920 1779 quod
2971 1709 3352 1777 lubricitatem,

44 1799 172 1880 τοῦ
213 1824 478 1896 σώματος
512 1826 608 1878 καλ¹
640 1821 735 1877 τοῦ
783 1820 1028 1892 ἐμφύτου
1066 1819 1274 1891 θερμοῦ
1326 1799 1577 1873 δεικτικά
1599 1817 1662 1868 ⁸⁸.

1787 1822 1834 1861 tc
1866 1804 2152 1860 laevitatem
2174 1801 2493 1872 quamdam,
2514 1799 2972 1871 quemadmodum
3005 1799 3213 1856 fructus
3241 1801 3355 1872 ple-

47 1912 261 1966 Τοῦτο
289 1891 354 1964 τὸ
382 1912 546 1984 μέρος
571 1911 664 1965 καὶ
701 1891 953 1979 σιαγόνες
983 1909 1257 1978 λέγονται,
1311 1909 1392 1961 ὅτι
1428 1907 1667 1960 σείονται

1787 1910 2006 1965 rumque
2053 1892 2400 1948 ostendunt:
2438 1905 2467 1944 a
2519 1891 2868 1960 quibusdam,
2916 1891 2986 1945 ob
3033 1892 3350 1947 rubedinem

53 1981 516 2075 περιαγόμεναι,
545 2003 641 2055 καὶ
667 1995 995 2070 συνάγονται
1045 2002 1102 2053 ὲν
1134 1999 1212 2070 τῷ
1267 1997 1474 2051 ἐσθίειν
1521 1996 1666 2068 ἡμᾶς

1787 1987 1906 2040 mali
1983 1985 2057 2041 ita
2130 1995 2184 2038 et
2237 1985 2320 2038 hae
2355 1992 2762 2053 nuncupantur.
2815 1981 2909 2037 lia:
2966 1983 3108 2038 enim
3149 1987 3349 2038 bonum

53 2097 100 2166 ἢ
144 2073 367 2167 όμιλεῖν
392 2112 406 2126 ⁸
430 2097 463 2167 ἢ
483 2097 563 2149 ὅτι
588 2096 832 2166 σιγῶμεν
855 2095 1016 2166 ἡμεῖς
1043 2094 1138 2147 αὐτ
1151 2093 1225 2144 ῶν
1258 2088 1668 2159 κεκλεισμένων

1787 2077 2031 2148 corporis
2069 2076 2326 2138 colorem,
2359 2086 2521 2145 atque
2564 2073 2709 2128 illius
2736 2074 2828 2143 qui
2866 2075 2918 2127 in
2966 2075 3124 2129 nobis
3159 2075 3354 2130 insitus

59 2164 283 2240 ὀντων.
453 2164 462 2167 ⁷
661 2164 665 2165 ί
735 2164 744 2166 _
876 2164 885 2166 _
1777 2177 1864 2226 est
1910 2168 2106 2224 caloris
2153 2167 2522 2222 Salubritatcm
2575 2174 2981 2236 repraesentant.
3012 2164 3136 2220 Haec
3170 2179 3351 2220 alllt'lll

65 2298 221 2351 pars
280 2293 338 2338 et
405 2281 642 2338 maxillae
693 2280 1016 2350 appellatur,
1060 2293 1181 2348 qua:
1218 2278 1288 2332 ab
1353 2276 1486 2347 ipsis
1532 2271 1678 2340 σιαγό

1818 2265 2096 2327 dicuntur,
2163 2262 2245 2315 δτι
2318 2260 2552 2314 σείονται
2595 2260 3008 2330 περιαγόμεναι,
3055 2277 3121 2314 ex
3179 2276 3245 2315 eo
3277 2263 3355 2314 vi-

67 2373 310 2439 delicet,
355 2374 502 2443 quod
536 2389 648 2443 pra:
678 2375 762 2427 sui
795 2371 1091 2442 agitatione
1123 2371 1549 2426 concutiuntur:
1589 2366 1668 2418 vel
1710 2360 1857 2430 quod
1890 2372 1953 2410 ea
2027 2370 2150 2425 qua!
2211 2353 2574 2429 comeduntur
2605 2361 2956 2422 congregant,
3005 2353 3147 2423 quod
3193 2355 3355 2407 συνά-

70 2485 214 2537 γειν
264 2469 339 2522 illi
379 2469 590 2525 dicunt.
629 2468 754 2523 Sive
820 2469 962 2538 quod
1007 2482 1107 2522 nos
1175 2467 1392 2521 clausas
1439 2464 1586 2533 ipsas
1650 2455 1992 2514 continentes
2036 2449 2251 2505 silentia
2301 2448 2528 2518 agimus,
2579 2446 2724 2522 quod
2771 2446 2876 2516 ipsi
2951 2449 3111 2518 σιγᾷν
3142 2447 3352 2504 dicunt.

76 2581 242 2650 Κεφ.
283 2582 375 2647 ς’.
407 2611 478 2621 -
508 2582 647 2649 Περὶ
690 2579 801 2649 τῆς
829 2579 951 2634 ἄνω
981 2579 1196 2650 γένυος
1221 2578 1316 2631 καὶ
1353 2576 1463 2646 τῆς
1491 2574 1669 2629 κάτω.

1907 2564 2042 2634 Cap.
2081 2561 2169 2616 Vl.
2196 2593 2265 2603 —
2288 2559 2366 2614 De
2393 2562 2662 2630 superiore
2699 2572 2746 2616 et
2787 2561 3038 2630 inferiore
3079 2579 3231 2632 genu.

164 2691 401 2759 Λέγεται
435 2692 530 2744 καὶ
553 2691 676 2744 ἄνω
705 2689 906 2760 γένυς,
947 2689 1088 2760 μετὰ
1131 2687 1227 2742 τοῦ
1257 2689 1370 2743 ἄνω
1415 2686 1627 2756 χείλους
1655 2701 1668 2714 ⁸

1845 2671 2132 2737 Praaterea,
2189 2671 2304 2724 haec
2350 2669 2534 2723 itidem
2579 2686 2750 2739 pars,
2793 2685 2916 2726 cum
2978 2671 3356 2740 superioribus

74 2783 193 2836 καὶ
227 2782 384 2835 κάτω
404 2783 449 2815 ⁸³
478 2782 558 2846 δὲ,
621 2785 761 2853 μετὰ
809 2783 903 2836 τοῦ
945 2781 1206 2851 πώγωνος
1253 2781 1347 2833 καὶ
1397 2779 1506 2832 τῶν
1559 2795 1668 2831 πα-

1787 2767 1956 2831 labiis,
1995 2764 2243 2834 superior
2272 2778 2405 2834 gena
2428 2803 2442 2827 ,
2483 2762 2710 2817 inferior
2733 2777 2895 2828 vero,
2935 2777 3059 2817 cunt
3100 2764 3270 2819 barba
3300 2775 3354 2822 et

85 2873 283 2946 ρειῶν.
324 2875 434 2928 Καὶ
459 2874 556 2945 τὴν
589 2875 686 2944 μὲν
718 2875 870 2927 κάτω
911 2875 1092 2928 πάντα
1129 2874 1198 2926 τὰ
1224 2871 1338 2936 ζῶα
1364 2873 1525 2934 κινεῖ,
1573 2871 1672 2940 τὴν

1787 2868 1985 2916 mento,
2013 2861 2382 2923 nuncupatur.
2401 2851 2464 2906 Et
2485 2868 2619 2922 gena
2643 2868 2763 2923 qua:
2791 2852 2929 2910 infra
2969 2862 3050 2909 est
3069 2895 3083 2917 ,
3105 2857 3172 2908 ab
3203 2857 3353 2910 omni

80 2944 214 3020 ἀνω
245 2965 300 3018 δὲ
337 2944 547 3036 μηδένα
573 2980 587 2995 °
624 2968 672 3018 εἰ
702 2965 778 3036 μὴ
795 2966 840 2997 ³⁸
865 2965 955 3018 τὸν
984 2963 1323 3034 κροκόδειλον
1357 2961 1538 3032 μόνον,
1577 2961 1671 3013 καὶ

1787 2948 2003 3004 animali
2037 2956 2302 3010 movetur,
2325 2954 2550 3013 excepto
2591 2944 2864 2999 crocodilo
2889 2954 2942 3000 et
2959 2945 3208 3016 plttenice
3231 2963 3350 3014 ave,

83 3058 193 3111 τὸν
242 3035 461 3128 φοίνικα
495 3058 587 3111 τὸν
630 3035 818 3129 ὄρνεον
845 3073 859 3088 ⁸
910 3056 1078 3126 ἄμφω
1110 3055 1220 3126 γὰρ
1272 3055 1332 3106 οὑ
1390 3054 1487 3124 τὴν
1519 3053 1668 3104 κάτω

1787 3041 1980 3112 quibus
2023 3049 2230 3093 tantum
2290 3037 2514 3090 immota
2555 3035 2801 3102 exsistit;
2841 3038 3094 3107 superior
3122 3039 3266 3093 enim
3297 3040 3352 3094 in

90 3149 286 3220 μόνον,
316 3150 452 3203 ἄλλα
500 3152 594 3203 καὶ
649 3128 751 3220 τὴν
789 3149 902 3224 ἄνω
942 3149 1108 3217 γένυν
1159 3149 1319 3201 κινεῖ.
1365 3148 1564 3210 Γένυς
1615 3145 1671 3197 δὲ

1787 3133 1860 3187 eis
1900 3131 2184 3193 duntaxat,
2210 3145 2315 3185 non
2363 3139 2542 3183 autem
2574 3128 2799 3184 inferior
2844 3140 3112 3187 movetur.
3150 3130 3354 3187 Gcnatn

85 3219 320 3311 λέγεται
343 3244 390 3276 ⁸⁵
427 3245 490 3297 ἐκ
519 3243 616 3297 τοῦ
651 3219 719 3298 τὰ
748 3221 1256 3315 γένηθδιαχωρίζειν
1284 3241 1392 3294 τῶν
1427 3240 1673 3312 ἁρρἐων

1787 3223 1883 3277 hac
1905 3221 1971 3276 de
1994 3237 2158 3275 causa
2183 3219 2504 3289 appellatam
2526 3235 2836 3286 censemus,
2864 3221 3008 3290 quod
3033 3236 3128 3290 per
3180 3221 3352 3290 ipsam

88 3309 201 3390 xci.
230 3335 333 3388 τῶν
381 3335 632 3406 θηλειῶν,
665 3309 769 3389 καὶ.
806 3309 1033 3390 τελείων
1079 3309 1175 3389 καὶ
1218 3333 1426 3388 ἀτελῶν
1449 3309 1530 3401 ’νῆ
1590 3331 1672 3384 ὅτι

1787 3328 1978 3385 genera
2050 3313 2281 3365 marium
2325 3309 2798 3380 feminarumque,
2855 3320 2908 3366 et
2953 3312 3045 3380 qui
3104 3313 3354 3382 perfecta:

90 3429 269 3500 γεννᾷ
296 3402 512 3492 ὀδόντας
528 3402 625 3483 καὶ.
662 3429 877 3501 τρίχας.

1787 3404 1957 3459 matis
2015 3413 2178 3473 atque
2214 3402 2544 3473 imperfecta:
2581 3412 2706 3457 sunt
2738 3403 3146 3473 distinguaniur
3177 3443 3192 3468 ,
3237 3403 3354 3460 sive

1777 3496 1922 3566 quod
1964 3495 2018 3548 in
2070 3495 2186 3564 ipsa
2230 3493 2422 3548 dentes
2459 3494 2662 3564 pilique
2714 3494 3025 3564 gignantur.

522 3629 664 3696 Κεφ.
701 3629 777 3680 Z'.
809 3625 1037 3694 -Περὶ
1063 3625 1250 3680 ὤτων.

2153 3608 2286 3678 Cap.
2319 3605 2431 3662 V'll.
2461 3636 2531 3646 —
2561 3606 2636 3660 De
2671 3607 2912 3662 auribus.

1847 3723 2024 3777 Aures
2062 3731 2242 3776 autem
2304 3721 2689 3790 cartilagineas
2751 3734 3124 3790 nervosasque
3159 3730 3354 3776 natura

1776 3812 2114 3883 procreavit,
2177 3827 2410 3882 quarum
2461 3826 2622 3866 vocvs
2687 3827 2987 3882 earumque
3036 3812 3355 3866 discrimina

1776 3905 2238 3976 comprehendere
2301 3903 2537 3958 cilicium
2570 3911 2674 3958 est.
2723 3901 3031 3974 Siquidem
3091 3904 3356 3974 cartilago

1779 3999 1849 4053 ad
1890 3999 2152 4067 strepitus
2208 4011 2485 4067 sonosque
2529 3996 2911 4072 percipiendos
2968 4006 3092 4065 apta
3132 3995 3357 4051 idonea-

1777 4106 1886 4161 quc
1911 4091 2160 4144 habetur.
2187 4089 2362 4144 Aures
2384 4105 2619 4158 namque
2675 4089 2822 4158 ipsae,
2856 4103 2978 4158 qum
3005 4087 3190 4144 Graece
3217 4083 3354 4152 ὦτα,

1781 4197 1983 4236 nomen
2045 4181 2350 4249 sumpsisse
2407 4195 2437 4234 a
2480 4194 2615 4235 voce
2666 4179 2979 4248 accipienda
3039 4188 3360 4242 censentur,

1779 4288 1942 4344 quam
1991 4272 2065 4325 illi
2114 4271 2224 4324 ὅπα
2261 4279 2597 4340 nuncupant.
2650 4267 2785 4323 Nam
2822 4270 3060 4330 auditus.
3109 4270 3359 4324 siccioris

1781 4363 1957 4432 magis
1995 4378 2157 4432 quam
2201 4361 2505 4418 subtilioris
2540 4361 2765 4430 spirltns
2806 4375 2974 4415 causa
3019 4360 3112 4430 qui
3165 4361 3218 4413 in
3259 4375 3360 4414 au-

1781 4456 1937 4509 ribus
1981 4454 2294 4508 reconditus
2317 4460 2422 4518 est,
2449 4453 2818 4509 constituitur.

195 4542 344 4596 Ἐστι
375 4542 432 4597 δὲ
450 4543 510 4595 τὸ
532 4560 625 4606 ους
646 4545 788 4597 κατὰ
809 4544 907 4614 μὲν
938 4543 999 4596 τὸ
1027 4539 1164 4607 εἶδος
1194 4545 1636 4615 στρογγυλπιδές
1660 4563 1674 4578 ⁸

1856 4547 2147 4601 Enimvero
2187 4559 2348 4600 aures
2369 4546 2576 4600 interne
2598 4546 2846 4600 rotundae
2863 4552 3012 4606 sunt,
3049 4558 3186 4612 quas
3209 4558 3361 4597 com-

123 4635 491 4706 ἔχονὲσχὰτως
521 4634 711 4688 ὀστοῦν
765 4634 1138 4705 όμοιόσχημον
1173 4635 1354 4707 ἑαυτῷ
1375 4653 1387 4665 ο
1433 4637 1491 4688 ἐν
1521 4631 1678 4708 ᾧπερ

1787 4637 1934 4708 paris
1967 4637 2151 4708 ﬁguris
2179 4651 2305 4691 osse
2331 4637 2382 4689 in
2413 4651 2600 4690 earum
2637 4649 2884 4691 extremo
2908 4635 3201 4690 exsistente
3225 4651 3364 4705 pra:-

125 4727 198 4788 ὼς
223 4727 277 4778 ὲν
303 4725 507 4796 ἀγγείῳ
521 4727 662 4797 κενῷ
692 4729 875 4797 πάσης
899 4729 1082 4798 φωνῆς
1098 4729 1125 4779 ὁ
1153 4727 1325 4795 ψόφος
1346 4728 1675 4796 εἰσέρχεται.

1787 4727 1926 4782 ditas
1949 4735 2183 4790 constat,
2199 4728 2252 4779 in
2273 4727 2440 4796 quod,
2459 4727 2564 4796 72
2579 4742 2675 4782 ceu
2709 4727 2760 4780 in
2782 4741 2878 4781 vas
2899 4727 3080 4788 inane,
3100 4727 3360 4795 strepitus

128 4818 234 4870 Kal.
259 4816 436 4886 ἐπειδὴ
464 4816 623 4869 τοῦτο
651 4819 709 4870 τὸ
738 4817 929 4870 ὀστοῦν
957 4818 1094 4888 πρὸς
1119 4818 1211 4870 τὸν
1245 4818 1550 4887 ἐγκέφαλον
1578 4820 1678 4872 οὐκ

1787 4820 2076 4888 cujuslibet
2119 4821 2268 4876 vocis
2305 4820 2628 4891 ingreditur.
2663 4819 2730 4874 Et
2759 4820 3017 4890 quoniam
3056 4819 3164 4874 tale
3197 4835 3260 4874 os
3291 4819 3356 4874 ad

127 4909 236 4978 ἕχει
264 4909 444 4978 πόρον,
492 4910 818 4963 ἀποδίδωσιν
850 4911 929 4972 εἰς
983 4910 1074 4960 τὸν
1108 4909 1203 4962 τοῦ
1267 4910 1536 4977 στόματος
1589 4911 1678 4963 οὐ·

1787 4912 2069 4966 cerebrum
2107 4921 2418 4982 vergentem
2474 4923 2709 4967 meatum
2746 4912 3060 4981 neutiquam
3095 4912 3358 4973 continet,

131 5001 302 5071 ρανὸν,
326 5002 575 5054 κάκεῖθεν
611 5007 901 5071 τεινομένη
933 5001 1074 5071 φλὲψ
1103 5005 1184 5065 εἰς
1226 5003 1320 5054 τὸν
1358 5005 1680 5072 ἐγκέφαλον.

131 5094 260 5165 πρὸς
284 5095 322 5124 ³⁷
349 5094 510 5146 αὐτὸν
545 5093 848 5158 διαϐιϐάζει
881 5094 973 5146 τὸν
1019 5094 1213 5164 ψόφον.
1259 5097 1501 5148 Ἐκεῖθεν
1543 5097 1600 5149 δὲ
1654 5097 1682 5148 ὁ

130 5184 248 5246 νοῦς
285 5185 378 5246 τὰς
427 5185 761 5247 ἀκουστικὰς
796 5185 1114 5255 ἀντιλήψεις
1158 5187 1252 5240 καὶ
1310 5187 1548 5256 δέχεται,
1588 5188 1682 5240 καὶ

132 5275 390 5343 γνωρίζει,
424 5276 520 5328 καὶ
549 5275 818 5344 διακρίνει
849 5275 1174 5346 πρέποντως
1197 5277 1242 5308 ³⁸
1268 5279 1368 5347 τήν
1415 5295 1474 5330 τε
1506 5278 1686 5342 ὀξεῖαν

176 3737 258 3792 Τὰ
286 3738 341 3792 δὲ
369 3733 484 3791 ῶτα
535 3737 812 3810 χονδρώδη
857 3738 966 3791 εἰσὶ
1003 3737 1101 3790 καὶ
1145 3736 1412 3808 νευρώδη,
1455 3734 1674 3804 ἀντιλη-

107 3832 283 3884 πτικὰ
316 3830 534 3900 φωνῶν,
559 3831 656 3884 καὶ
685 3829 798 3883 τῶν
831 3833 889 3882 ἐν
921 3830 1115 3892 αὐταῖς
1145 3826 1420 3898 διαφορῶν
1439 3843 1457 3860 ο
1479 3827 1674 3897 ὲπιτήυ

99 3924 248 3984 δειος
275 3923 381 3994 γὰρ
407 3927 434 3975 ό
455 3923 676 3991 χόνδρος
705 3922 844 3992 πρὸς
869 3921 1080 3990 ψόφους
1104 3922 1196 3972 κα)⁵
1217 3921 1406 3990 ἡχους.
1440 3919 1676 3986 Λέγεται

105 4015 168 4068 δὲ
198 4010 312 4068 ὦτα
341 4015 490 4084 παρὰ
550 4013 612 4066 τὸ
656 4013 908 4084 δέχεσθαι
958 4012 1058 4082 τὴν
1101 4012 1233 4076 ὅπα,
1275 4011 1522 4065 τουτέστι
1577 4011 1676 4080 τὴν

109 4107 394 4177 φωνὴνοὴ
441 4106 551 4176 γὰρ
597 4106 734 4174 ἀκοὴ
779 4104 868 4158 διὰ
915 4105 1010 4157 τοῦ
1047 4104 1505 4174 ἐγκεκρυμμένον
1561 4105 1677 4166 τοῖς

109 4200 244 4252 ὠσὶν
299 4197 606 4267 πνεύματος
638 4199 940 4266 ἐπιγίνεται
956 4198 1024 4262 ⁸⁸,
1101 4197 1395 4268 ξηροτέρου
1466 4195 1676 4269 μᾶλλον

112 4291 264 4352 (me;
290 4290 322 4360 ῆ
344 4289 695 4359 λεπτοτέρου.

1790 5003 1967 5073 ipsum
1989 5007 2058 5057 ad
2075 5005 2185 5058 oris
2204 5005 2441 5074 palatum
2461 5013 2654 5059 natura
2683 5003 2949 5068 adhibuit,
2978 5020 3006 5057 a
3037 5019 3147 5073 quo
3168 5005 3365 5074 strepi-

1787 5105 1896 5158 tus,
1918 5111 2065 5150 venae
2090 5096 2250 5149 unius
2269 5097 2572 5151 ministerio
2591 5112 2713 5166 quae
2741 5096 2806 5149 ad
2835 5095 3118 5150 cerebrum
3146 5104 3362 5163 proten-

1785 5189 1934 5243 ditur
1951 5189 2016 5243 ad
2038 5191 2214 5258 ipsum
2243 5188 2432 5243 fertur.
2464 5191 2546 5244 Ab
2573 5190 2666 5243 illo
2693 5189 2960 5258 siquidem
3011 5190 3155 5252 loco,
3207 5202 3362 5242 mens

1788 5291 1974 5336 nostra
2033 5283 2353 5336 audibilium
2405 5297 2586 5336 rerum
2651 5281 2910 5345 rationes,
2978 5289 3262 5349 acutmque
3297 5293 3363 5331 ac

136 5367 226 5419 mi
245 5369 495 5435 τραχεῖαν
526 5367 728 5436 φωνὴν,
763 5367 862 5420 καὶ
891 5367 989 5438 τὴν
1025 5369 1229 5438 ἡδεῖαν,
1260 5369 1355 5421 καὶ
1394 5369 1492 5438 τὴν
1521 5370 1678 5439 ἀηδῆ,

1787 5385 1988 5440 aspera)
2043 5373 2232 5438 vocis;
2263 5372 2355 5425 sed
2391 5379 2443 5425 et
2483 5371 2688 5436 suavis,
2737 5387 2800 5424 ac
2840 5371 3104 5434 insuavis,
3148 5385 3359 5424 necnon

137 5458 406 5529 βραγχὼδη
439 5477 500 5510 τε
523 5460 620 5511 καὶ
643 5458 950 5529 κακόμελον
975 5460 1038 5512 ³³.
1067 5479 1086 5511 ι
1126 5461 1201 5514 Uti
1229 5461 1337 5532 γὰρ
1356 5461 1441 5514 ἐπ’
1469 5461 1678 5526 εὐθείας

1787 5461 2039 5531 fragosae;
2093 5478 2323 5532 qumque
2382 5464 2509 5517 mali
2551 5462 2940 5518 modttlaminis
2992 5473 3076 5517 est
3133 5460 3364 5532 percipit

138 5548 364 5618 ἣνοικται
383 5550 418 5620 ἡ
442 5548 603 5620 ἀκοὴ,
627 5549 835 5620 φησὶνὸ
861 5550 1036 5620 μέγας
1076 5551 1381 5618 Βασίλειος,
1418 5552 1536 5607 ἀλλ’
1571 5554 1678 5605 ἑλι-

1787 5568 1945 5627 atque
1969 5558 2264 5628 dijudieat;
2287 5569 2342 5612 et
2364 5560 2436 5614 ita
2455 5574 2549 5629 per
2565 5559 2860 5615 audibilem
2886 5575 3127 5620 sensum,
3149 5569 3362 5614 natura:

147 5790 187 5826 u
208 5721 726 5826 ⁸1μιαὶείιὶμὲνὲηαῑ
751 5723 808 5775 δὲ
841 5726 1106 5794 στρογΛῖ.
1184 5727 1222 5758 ³¹
1261 5728 1426 5796 μαλὸς
1458 5729 1552 5782 BC
1586 5733 1651 5786 P.
1725 5733 1770 5764 ³¹
1789 5733 2014 5787 δεκτικὰ
2039 5734 2104 5793 Α,
2131 5735 2402 5789 δεικτικαὶ
2435 5735 2496 5792 C.
2572 5738 2838 5808 ³³ἡκὰτω
2859 5736 2978 5790 ΒΡ.
3056 5736 3099 5768 ³⁸
3129 5735 3162 5808 ἢ
3196 5733 3270 5808 μὴ
3291 5737 3354 5790 Δ.

202 5808 221 5826 ε
249 5809 389 5826 rma-nn
620 5809 652 5826 ν
680 5809 824 5826 ηερ-ηπ
861 5793 897 5826 Ω
921 5797 956 5826 ι)
1057 5797 1099 5826 ³7
1132 5799 1210 5826 ..1-
1243 5799 1280 5826 D
1380 5801 1424 5826 Ill
1457 5802 1784 5826 ---..ι...--.-
1829 5806 1847 5826 Α
1962 5806 2003 5826 ι
2033 5805 2272 5826 __!_-_\__,
2307 5808 2326 5826 Α

201 5791 394 5863 εἴρηται
419 5792 480 5846 Β.
555 5792 599 5825 ³⁸
620 5791 827 5860 γίνεται
859 5791 995 5849 BP.
1057 5797 1099 5827 ³⁷
1131 5799 1210 5860 εἰς
1243 5791 1300 5852 Β.
1380 5801 1424 5832 ³⁸
1457 5802 1784 5869 προπάντως
1817 5806 1880 5858 Α.
1961 5806 2003 5837 ³⁹
2032 5791 2274 5876 κόμαλον
2296 5808 2360 5859 Α.
