3856 6400
1447 295 1554 354 na
1579 297 1867 357 unum
1905 297 2215 356 uomens.
3329 264 3466 362 uso

552 420 696 488 Κεφ.
739 418 799 472 l’.
832 445 902 458 —-
941 417 1082 487 Περὶ
1121 418 1440 488 στόματος.
1818 427 1864 480 Α

195 303 333 358 1189

2387 415 2522 489 Cap.
2554 416 2623 474 Χ.
2660 448 2730 459 -
2765 417 2842 474 De
2867 435 2976 474 ore.

1949 524 2027 582 Os
2047 537 2229 582 autem
2265 527 2491 583 secandi
2519 528 2738 582 cuidam
2771 527 3144 586 instrumento
3173 528 3358 589 simile
3386 531 3469 599 ﬁt.

187 625 488 697 λαμϐάνει.
537 622 663 676 Εἰσὶ
699 621 758 675 δέ
783 619 978 675 τούτου
1021 619 1247 686 ἰσωθεν,
1283 619 1564 688 γλῶσσα,
1606 618 1782 673 ὀδόν-

1903 619 2035 689 ;uod
2067 634 2131 673 ea
2161 634 2283 690 qua:
2303 633 2400 689 per
2426 618 2609 688 ipsum
2649 618 3023 676 immittuntur
3049 620 3260 679 incidat
3297 635 3474 682 secet-

191 736 316 784 τες,
356 711 534 780 οὖλα,
562 715 631 770 τὰ
657 715 703 747 "
735 711 1116 783 φατνώματα,
1141 711 1508 782 γαργαρεὼν,
1546 711 1785 781 οὐρανί-

1903 727 2018 782 ῃυο.
2043 710 2177 777 Quae
2222 725 2356 766 vero
2385 709 2440 766 in
2487 711 2608 782 ipso
2635 711 2784 768 intus
2825 722 2979 780 sunt,
3009 713 3128 786 haec
3168 714 3470 772 habentur:

191 825 371 875 σκος,
397 807 754 876 παρίσθμια,
773 803 1010 874 λάρυγξ
1021 804 1090 868 ⁸⁸,
1116 804 1178 858 τὸ
1203 804 1379 875 πέρας
1397 804 1500 874 τῆς
1521 801 1785 874 τραχείας

1903 805 2100 876 lingua,
2133 802 2346 871 dentes,
2384 804 2646 875 gingivae;
2683 813 2739 860 et
2783 805 3072 877 praesepia,
3103 808 3477 880 gurgulio,pa-

193 899 472 972 ἀρτηρίας
501 897 597 950 καὶ
635 892 733 948 τοῦ
755 894 1060 964 οἱσοφάγου
1083 894 1154 960 ⁸⁸,
1191 895 1288 949 καὶ⁸
1318 897 1352 966 η
1386 894 1740 964 ἐπιγλωττις
1764 911 1782 928 σ

1903 894 2064 948 latum
2085 933 2100 956 ,
2117 891 2374 958 tonsillae,
2397 904 2604 963 guttur,
2625 909 2836 966 aspera:
2861 897 3096 965 arteriae,
3108 898 3357 970 gulaque
3379 915 3478 954 ex-

189 992 416 1060 λέγεται
446 989 503 1042 δέ
536 991 572 1059 η
611 988 764 1041 πᾶσα
789 984 885 1040 τοῦ
918 986 1192 1056 στόματος
1230 985 1387 1058 χώρα
1419 984 1658 1056 φάρυγξ
1690 985 1787 1040 καὶ

1903 993 2157 1052 tremum,
2175 993 2232 1041 et
2263 985 2458 1057 ligula;
2485 985 2779 1063 siquidem,
2795 988 3086 1045 universus
3110 991 3226 1046 oris
3246 999 3474 1059 tractus,

189 1081 431 1151 Jmpdc.
481 1079 547 1133 Ἦ
586 1077 814 1148 γλῶσσα
840 1072 936 1132 οὖν
974 1076 1261 1150 φλεόώδης
1289 1078 1407 1131 ἐστὶ⁸
1439 1080 1536 1132 καὶ
1570 1079 1787 1149 σαρκὼ-

1903 1077 2132 1149 gutturis
2201 1075 2410 1140 fauces,
2468 1085 2523 1132 et
2563 1075 2792 1147 jugulus
2835 1087 3206 1151 nuncupatur.
3263 1080 3477 1154 Lingua

191 1173 294 1244 δης
319 1189 335 1203 ο
388 1169 764 1242 ὑποπίμελος,
817 1168 1114 1241 αἰσθητικὴ
1149 1168 1362 1239 χυμῶν.
1415 1168 1690 1239 Συνεργδς
1718 1172 1784 1240 τῇ

1903 1174 2079 1223 autem
2133 1165 2290 1222 venis
2345 1167 2525 1222 obsita
2581 1167 2668 1222 sui
2721 1177 2918 1224 natura
2979 1185 3350 1242 carnosaque,
3410 1187 3480 1228 ac

194 1264 359 1319 ¹ιιεόσει
382 1263 476 1317 καὶ
506 1262 844 1333 διαμασήσει
865 1261 934 1326 ⁸⁸,
964 1260 1060 1315 καὶ
1085 1259 1418 1332 διαρθρώσει
1442 1260 1545 1330 τῆς
1573 1260 1782 1332 φωνῆς.

1903 1258 2266 1329 pinguescens
2290 1266 2396 1319 est,
2416 1264 2471 1310 et
2502 1271 2626 1326 quae
2642 1271 2903 1327 saporum
2931 1257 3254 1314 discrimina
3275 1260 3478 1316 discer-

196 1357 464 1428 Συνεργετ
491 1356 600 1426 γάρ
633 1353 713 1425 τῷ
739 1353 971 1424 στόματι
1009 1355 1044 1423 η
1075 1353 1300 1422 γλῶσσα
1331 1353 1428 1407 καὶ
1456 1354 1506 1406 οἱ
1535 1353 1752 1416 ὀδόντες
1771 1368 1784 1381 ·

1903 1364 2028 1404 nere
2073 1357 2259 1418 queat.
2299 1345 2427 1403 Haec
2460 1346 2588 1402 item
2621 1347 2689 1402 ad
2723 1363 2879 1403 esum
2913 1358 3210 1420 potumque
3255 1365 3478 1406 accom-

192 1449 260 1503 τὸ
279 1449 326 1483 ⁸³
369 1449 471 1520 μὲν
497 1448 609 1517 γὰρ
653 1447 845 1518 τέμνει
893 1447 964 1501 τὰ
997 1449 1180 1512 σιτία,
1211 1447 1261 1499 οί
1291 1446 1349 1499 δὲ
1377 1445 1720 1510 λεαίνουσιν,
1752 1446 1785 1515 ὴ

1903 1439 2056 1493 moda
2111 1438 2347 1493 habetur
2408 1437 2640 1508 vocique
2707 1439 3066 1495 articulandse
3113 1441 3476 1498 obseeundat.

189 1541 254 1595 δέ
295 1541 665 1612 παραπέμπει
693 1541 810 1604 τοῖς
853 1538 1146 1611 τέμνουσιν
1191 1538 1227 1609 ἢ
1260 1538 1568 1593 λεαίνουσιν
1604 1537 1653 1569 ⁸⁵
1679 1536 1792 1591 τῶν

1903 1529 2194 1584 Enimvero
2215 1567 2232 1593 ,
2261 1543 2326 1583 os
2356 1528 2535 1598 ipsum
2580 1528 2876 1600 linguaque
2903 1546 2968 1585 ac
3011 1531 3202 1588 dentes
3229 1548 3480 1588 commu-

193 1631 449 1686 ὀδόντων.
1900 1625 1991 1680 nia
2045 1623 2294 1696 quaedam
2347 1624 2536 1679 munia
2593 1623 2834 1695 explent.
2883 1622 2961 1680 Os
3015 1641 3252 1696 namque
3298 1627 3477 1698 ipsum

196 1723 420 1780 secandi
499 1721 630 1790 cibi,
689 1721 881 1776 dentes
934 1734 1067 1776 vero
1130 1719 1370 1776 molendi
1433 1721 1617 1778 ofﬁcio
1691 1717 1994 1784 sufﬁciunt,
2027 1717 2214 1788 lingua
2273 1726 2458 1772 autem
2524 1715 2710 1771 cibum
2786 1717 2969 1787 ipsum
3029 1718 3287 1774 dentibus
3367 1735 3480 1790 quo

197 1817 270 1871 ab
314 1815 448 1884 ipsis
497 1813 825 1869 conﬁciatur
875 1813 1121 1868 adhibet.

269 1907 386 1979 τὴν
415 1905 664 1975 γλῶτταν
685 1902 798 1972 γὰρ
825 1905 856 1957 ό
884 1902 1236 1975 Δημιουργδς
1255 1903 1344 1958 διὰ
1377 1903 1582 1968 πολλὰς
1609 1902 1790 1967 αἰτίας

1964 1898 2520 1972 CmternmJinguam
2559 1899 2735 1970 ipsam
2785 1916 2970 1957 rerum
3003 1901 3196 1973 Opifex
3231 1903 3481 1974 pluribus

267 532 341 587 τδ
365 532 563 601 στόμα
605 531 763 601 τομεῖ
781 529 828 561 ’³
866 529 1009 583 ἔοικε
1028 546 1043 562 ο
1084 529 1353 600 τμητικὸν
1381 528 1492 600 γάρ
1534 530 1683 583 ἐστιν
1707 522 1782 582 ῶν

196 1998 432 2069 ἐποίησε
456 2013 472 2027 ·
517 1995 721 2067 μᾶλλον
747 1994 804 2048 δέ
833 1994 923 2049 διά
961 1995 1155 2066 χρείαν
1183 1995 1277 2048 καὶ
1303 1995 1590 2067 ἐνέργειαν
1611 1995 1679 2048 ⁸⁸.
1712 1992 1791 2047 Δι’

197 2085 376 2154 αὐτῆς
400 2083 511 2154 γὰρ
539 2083 782 2152 γίνονται
817 2082 875 2136 αί
907 2082 1264 2147 καταπόσεις,
1294 2081 1792 2153 ἀντανακλωμένης

199 2177 300 2231 καὶ
338 2173 826 2247 παραπεμπούσης
862 2172 936 2226 τὰ
965 2173 1113 2227 σιτία
1151 2171 1229 2244 τῷ
1273 2172 1555 2244 οίσοφάγῳ
1577 2175 1646 2228 ⁸⁸.
1683 2173 1794 2227 Καὶ

199 2270 260 2322 al
282 2255 560 2322 διάλεκτοι
583 2265 629 2298 ⁸⁷
651 2265 721 2318 δι’
753 2263 928 2334 αὐτῆς
954 2264 1197 2333 γίνονται
1226 2263 1653 2336 ἐνδιπλουμένης
1681 2264 1795 2318 τισὶ

199 2359 314 2412 τῶν
336 2358 568 2411 ὀδόντων
595 2356 629 2428 ἢ
661 2356 1044 2426 κυρτουμένης
1066 2371 1081 2386 ⁸
1109 2355 1234 2426 ητις
1262 2354 1662 2428 περιαγομένη,
1695 2354 1792 2408 καὶ

199 2451 394 2508 ἂλλοτε
423 2451 571 2521 ἄλλῳ
602 2449 714 2503 τῶν
740 2449 972 2502 ὀδόντων
1015 2447 1370 2520 προσθεμένη
1391 2489 1407 2514 ,
1447 2451 1514 2520 τῇ
1545 2448 1792 2519 διαφόρῳ

198 2542 377 2616 ταύτῃ
398 2543 444 2576 ⁸⁸
471 2542 707 2611 κινήσει,
739 2540 830 2595 διὰ
855 2540 956 2611 τῆς
982 2539 1092 2595 τῶν
1123 2536 1409 2611 στοιχείων
1449 2557 1510 2594 τε
1534 2542 1630 2594 καὶ
1667 2541 1793 2594 συλ-

199 2635 384 2689 λαΰῶν
429 2632 714 2700 ἐνώσεως,
751 2633 850 2703 την
891 2632 1003 2686 τῶν
1041 2632 1218 2702 λόγων
1249 2632 1517 2704 διαφορὰν
1558 2633 1790 2688 ἐκτελεϊ.

202 2728 316 2782 Καὶ
352 2726 529 2780 ταῦτα
562 2726 663 2797 μὲν
693 2725 773 2788 ὡς
807 2725 1078 2789 άπόλυτος
1105 2721 1244 2780 οὖσα
1269 2727 1446 2779 ποιεί⁹
1480 2725 1793 2780 συνδέδεται

194 2821 260 2874 δὲ
300 2818 465 2875 πάλιν
501 2819 563 2871 ἐν
602 2817 680 2888 τῷ
721 2816 960 2888 λάρυγγι
987 2817 1056 2883 ⁸⁸,
1090 2818 1180 2872 ἵνα
1209 2817 1285 2888 μὴ
1325 2817 1671 2871 ἐκπίπτουσα
1697 2817 1794 2871 τοῦ

203 2913 477 2982 στόματος
502 2910 583 2972 είς
611 2908 710 2972 τὰς
736 2909 1037 2980 εἰρημένας
1068 2909 1351 2980 ἐνεργείας
1374 2911 1656 2981 ἀπρακτῇ.

1898 1995 1966 2049 de
1992 1992 2197 2054 causis,
2212 1991 2300 2046 vel
2319 1991 2386 2047 ad
2407 1992 2594 2062 plures
2621 1992 2801 2062 potius
2827 2007 2963 2048 usus
2983 1993 3336 2066 actionesque
3353 2011 3482 2067 pro-

1899 2083 2123 2138 creavit.
2140 2081 2260 2152 lpsa
2282 2085 2430 2136 enlm
2447 2088 2552 2147 est,
2571 2095 2693 2150 quae
2729 2080 3061 2152 deglutiendi
3079 2082 3382 2140 ministerio
3397 2086 3485 2140 in-

1901 2171 2071 2228 servit
2091 2171 2220 2226 dum
2243 2186 2356 2241 pra:
2376 2170 2463 2226 sui
2495 2170 2790 2226 inﬂexione
2812 2171 2971 2228 cibus
3000 2171 3070 2227 ad
3103 2174 3286 2244 gulam
3303 2175 3485 2248 dirigi-

1900 2271 2010 2317 tur.
2027 2260 2134 2317 Sed
2153 2271 2208 2317 et
2224 2261 2292 2316 ad
2315 2261 2638 2317 idiomatum
2674 2277 2812 2318 usus
2851 2263 3042 2318 eadem
3075 2265 3302 2321 utimur.
3317 2267 3482 2333 Nam,

1897 2369 2023 2411 cum
2064 2353 2228 2410 verba
2274 2352 2520 2426 proferre
2561 2353 2964 2422 contendimus,
2985 2355 3171 2428 lingua
3213 2357 3331 2429 ipsa
3373 2360 3484 2416 cir-

1896 2467 2026 2508 cum
2065 2450 2256 2505 dentes
2281 2458 2460 2504 certos
2497 2463 2622 2506 sese
2649 2449 2973 2519 explicando
3003 2450 3485 2524 incurvandoque,

1898 2551 1955 2597 et
1977 2540 2428 2611 circumagendo,
2457 2555 2524 2597 ac
2567 2555 2690 2597 sese
2714 2556 2861 2598 nunc
2891 2542 2998 2610 his,
3031 2558 3179 2600 nunc
3206 2560 3338 2601 vero
3377 2546 3488 2603 illis

1900 2634 2120 2690 diverso
2171 2631 2488 2702 hujusmodi
2552 2639 2705 2689 motu
2761 2634 3109 2704 applicando,
3170 2638 3486 2694 orationum

1897 2726 2239 2792 discrimina,
2259 2726 2563 2782 litterarum
2578 2727 3022 2799 syllabarumque
3042 2730 3111 2786 ad
3133 2731 3240 2788 hoc
3263 2747 3490 2804 compo-

1902 2817 2105 2874 sitione
2127 2827 2474 2888 suppetente,
2497 2827 2644 2874 recte
2667 2821 3019 2892 exsequitur:
3039 2832 3093 2878 et
3117 2823 3222 2878 hoc
3238 2825 3484 2895 quidem,

1831 2917 1840 2934 '
1903 2922 2014 2976 qua
2039 2907 2216 2963 soluta
2248 2908 2598 2980 est,peragit.
2626 2908 2790 2978 Atqui
2829 2910 3026 2968 eadem
3067 2915 3276 2983 gutturi
3304 2915 3487 2975 denuo

202 2997 518 3071 colligatur,
550 3014 620 3053 ne
643 2998 853 3054 scilicet
883 2999 1552 3071 undequaqueabjuncta,
1580 2999 1635 3054 in
1690 3000 1806 3057 oris
1843 2999 2054 3056 hiatum
2091 2999 2360 3064 incidens,
2406 2999 2477 3054 ab
2545 2999 2820 3059 universis
2878 3018 3020 3075 quos
3083 3004 3328 3065 diximus
3372 3007 3488 3065 usi-

201 3093 308 3149 bus
337 3089 598 3146 immnnis
635 3089 970 3145 redderetur.

284 3181 347 3236 '0
378 3180 578 3251 δεσμὸς
600 3180 658 3234 δὲ
689 3179 896 3253 ταύτης
919 3175 1034 3234 οἷον
1064 3179 1282 3252 χαλινὸς
1307 3179 1444 3254 αὐτῇ
1472 3182 1620 3248 ἐστι,
1648 3183 1792 3238 άπά-

1965 3182 2169 3239 Verum
2238 3181 2522 3240 vinculum
2583 3183 2805 3255 ipsum,
2854 3186 2934 3243 illi
2990 3203 3092 3258 pro
3145 3189 3301 3247 freno
3357 3202 3485 3260 est,

203 3291 307 3338 σας
373 3273 475 3336 τὰς
541 3272 824 3343 ἐνεργείας
887 3274 1285 3345 συμφερόντως
1342 3275 1438 3329 καὶ
1510 3276 1792 3339 εὐτάκτως

203 3366 399 3428 maliv,
429 3363 588 3436 εἴπερ
619 3364 899 3435 ἔμμετρος
940 3366 1402 3420 κατεσκεύασται.
1446 3367 1508 3420 El
1534 3368 1592 3420 δὲ
1625 3367 1795 3437 χαλα-

201 3455 349 3530 ρώτε
359 3473 449 3528 ρος
471 3457 517 3488 ’θ
547 3455 776 3527 γένηται
795 3457 864 3520 ⁸³,
890 3455 1204 3526 προκύπτει
1238 3457 1442 3528 μᾶλλον
1466 3457 1560 3511 τοῦ
1582 3457 1795 3521 δέοντος

202 3552 238 3618 ἡ
267 3550 520 3616 γλῶττα,
555 3549 651 3602 καὶ
682 3547 1019 3618 βλάπτονται
1054 3549 1111 3602 ai
1155 3549 1450 3620 εἰρημέναι
1482 3549 1790 3614 ἐνέργειαι*

1892 3272 2043 3342 quod
2102 3271 2151 3327 si
2230 3272 2514 3329 moderato
2573 3275 2768 3331 ordine
2837 3278 3203 3334 constitutum
3279 3279 3485 3350 fuerit,

1893 3365 2166 3421 universa
2220 3365 2344 3436 ejus
2396 3368 2645 3424 actiones
2699 3369 2907 3439 optimo
2960 3372 3056 3427 lini
3111 3387 3176 3429 ac
3235 3389 3488 3444 percom-

1900 3455 2077 3528 posite
2131 3456 2466 3530 diriguntur.
2532 3459 2592 3514 Si
2645 3475 2778 3515 vero
2836 3460 2986 3517 illam
3039 3472 3249 3531 partem
3307 3464 3486 3520 laxio-

1899 3571 2013 3610 rem
2069 3557 2555 3630 remissioremque
2602 3575 2729 3616 esse
2777 3561 3104 3633 contigerit,
3149 3565 3338 3637 lingua
3367 3566 3488 3638 ipsa

200 3641 287 3714 μὴ
326 3641 634 3711 δυναμένης
672 3641 844 3710 αὐτῆς
876 3639 1399 3711 χαλιναγωγεῖσθαι.
1433 3643 1497 3695 El
1537 3642 1596 3695 δέ
1627 3639 1793 3696 πάλιν

1903 3646 2021 3716 plus
2069 3647 2222 3717 justo
2280 3650 2595 3706 inclinatur.
2663 3651 2880 3724 Cujus,
2933 3653 3064 3709 dum
3125 3671 3248 3712 eam
3293 3673 3490 3729 regen-

203 3737 395 3790 πλεῖον
450 3735 722 3807 συνδεθῇ,
772 3737 830 3789 αἱ
884 3733 1049 3787 αὗται
1100 3733 1298 3803 βλάϐαι
1358 3733 1786 3789 ἀκολουθοῦσιν

198 3830 350 3883 ὥστε
387 3829 484 3883 καὶ
520 3807 594 3882 τά
634 3827 822 3898 χείλη,
852 3826 922 3879 τὰ
967 3823 1259 3891 διαλέξεως
1299 3825 1497 3896 μόρια,
1527 3825 1623 3880 καὶ
1667 3827 1796 3890 τοὺς

198 3921 463 3985 ὀδόντας,
494 3922 590 3976 καὶ
627 3922 775 3976 ἅπαν
803 3920 865 3972 τὸ
910 3917 1088 3987 στόμα
1120 3916 1533 3987 ἐμποδίζεσθαι,
1575 3920 1670 3974 καὶ
1705 3937 1796 3974 κε-

202 4013 496 4068 κακῶσθαι
522 4013 622 4078 τὰς
653 4012 992 4074 διαλέκτους.

1895 3737 1949 3792 di
1993 3739 2100 3811 ’17
2136 3739 2291 3796 freno
2345 3741 2450 3810 ipsi
2511 3741 2746 3798 facultas
2801 3744 3168 3816 intercipitnr,
3237 3748 3488 3804 actiones

1903 3845 2042 3899 quas
2067 3830 2328 3898 diximus,
2356 3831 2516 3888 facile
2547 3833 2839 3891 lzeduntur.
2893 3835 2952 3892 Si
2982 3853 3114 3893 vero
3139 3855 3336 3896 rursus
3366 3856 3490 3896 eam

1902 3919 2118 3976 frenum
2163 3923 2288 3992 plus
2344 3923 2518 3980 nimio
2559 3927 2891 3995 coercuerit,
2944 3928 3073 3985 inde
3131 3931 3332 3987 damna
3374 3932 3492 3988 haec

1901 4013 2316 4085 subsequuntur
2347 4033 2364 4071 :
2396 4015 2558 4073 labiis
2615 4018 2842 4089 utique,
2874 4021 3018 4092 parti
3069 4021 3342 4086 videlicet,
3369 4040 3494 4094 qua:

202 4109 342 4164 dum
377 4107 539 4183 verba
563 4104 987 4177 pronuntiamus
1017 4114 1289 4168 movetur,
1323 4102 1688 4172 dentibusque
1731 4120 1798 4160 ac
1835 4104 1931 4159 toti
1988 4105 2072 4160 ori
2148 4106 2428 4177 negotium
2484 4106 2730 4176 facessit,
2769 4117 2825 4165 et
2891 4109 2983 4165 illa
3027 4126 3314 4184 perperam
3363 4129 3495 4184 pro-

202 4202 345 4273 priis
374 4181 574 4255 ofﬁciis
605 4199 850 4268 fungitur
912 4199 1172 4254 idiomate
1197 4199 1409 4254 vitiato.

282 4293 397 4362 Τῆς
442 4291 500 4344 δὲ
528 4290 777 4360 γλώττης
821 4292 856 4360 ὴ
892 4287 1028 4362 σάρξ
1070 4291 1215 4362 μανὴ
1244 4293 1456 4360 πέφυκε
1491 4290 1588 4344 καὶ
1628 4306 1798 4360 στομ-

1968 4290 2178 4363 Lingua
2207 4301 2388 4348 autem
2436 4308 2602 4349 carne
2627 4294 2748 4350 laxa
2791 4294 3132 4368 fungosaque
3159 4308 3494 4366 constat,ut-

199 4385 430 4458 ,φώδηςι
483 4383 581 4437 καὶ
620 4383 708 4437 διὰ
746 4383 908 4437 τοῦτο
942 4383 1139 4437 θᾶττον
1188 4381 1656 4453 ἀντιλαμϐάνεται
1701 4382 1798 4451 τῆς

1903 4398 2010 4452 que
2041 4383 2292 4452 protinus
2345 4400 2604 4455 saporum
2659 4395 2880 4458 gustum
2931 4390 3350 4458 animadvertat,
3386 4393 3495 4454 hoc

203 4477 456 4548 γεύσεως
497 4474 608 4528 τῶν
666 4474 880 4545 χυμῶν.
937 4473 1058 4527 Τῶν
1090 4474 1148 4526 δὲ
1189 4473 1380 4544 χυμῶν
1415 4475 1472 4526 αί
1515 4473 1798 4542 γευστικαὶ

1907 4488 2088 4528 causae
2118 4473 2370 4529 habetur.
2393 4474 2665 4545 Sapornm
2688 4493 2817 4533 vero
2831 4479 3128 4550 qualitates
3142 4497 3268 4554 qua
3297 4491 3496 4555 gustus

205 4569 547 4639 καλούμεναι
593 4568 881 4640 ποιότητες
912 4567 1055 4620 είσὶν
1083 4560 1242 4620 αὗται
1269 4584 1284 4599 ο
1329 4565 1609 4636 γλυκύτης
1629 4605 1646 4630 ,
1671 4562 1797 4632 ὀξύ-τ

205 4678 334 4732 της,
377 4660 674 4732 δριμύτης,
707 4660 982 4731 στυφότης
1000 4660 1071 4724 ",
1104 4659 1474 4731 αύστηρότης,
1505 4658 1797 4729 πικρότης,

205 4754 550 4824 ἀλμυρότης,
585 4753 911 4824 λιπαρότης.
947 4751 1168 4805 Τούτων
1204 4751 1315 4823 γάρ
1340 4752 1491 4804 ἐστιν
1517 4750 1551 4822 ἡ
1579 4747 1801 4818 γλῶσσα

203 4846 614 4917 διαγνωστικήο
647 4844 743 4899 καὶ
775 4842 983 4916 μᾶλλον
1009 4842 1072 4898 τδ
1099 4845 1270 4914 ἀκρον
1301 4841 1475 4912 αὐτῆς
1503 4857 1518 4873 ο
1565 4841 1800 4911 ὄργανον

203 4938 322 5011 γάρ
361 4940 481 4992 ἐστι
511 4937 613 5008 τῆς
640 4936 884 5006 γεύσεως
903 4955 918 4970 ο
963 4937 1063 4990 σὺν
1093 4936 1234 5006 αὐτῇ
1275 4934 1332 4989 δὲ
1362 4935 1459 4988 καὶ
1485 4936 1519 5006 ὴ
1547 4933 1796 5006 ύπερῴα,

204 5030 272 5082 ἐν
316 5021 454 5101 ᾗτά
488 5026 916 5098 πεπλατυσμένα
958 5024 1130 5098 νεῦρα
1173 5024 1234 5090 ἐξ
1280 5023 1586 5094 ἐγκεφάλου
1637 5023 1801 5095 φερό-

210 5137 352 5194 μενα
367 5121 432 5184 ³³,
470 5119 570 5190 τὴν
600 5119 888 5188 ἀντίληψιν
917 5116 1026 5172 τῶν
1055 5115 1304 5186 γευστῶν
1329 5115 1469 5189 πρὸς
1506 5115 1567 5169 ea
1597 5117 1802 5188 ἡγεμο-

207 5212 364 5268 νικὸν
411 5211 845 5282 ἀπαγγέλλουσι.
904 5208 1214 5279 Κατάμαθε
1250 5207 1359 5277 γάρ
1394 5207 1495 5280 τῆς
1553 5206 1801 5278 γλώττης

277 5436 328 5469 ’⁸
346 5435 554 5507 τδμῇιλ
574 5434 640 5507 c:

209 5523 325 5561 om.
346 5507 410 5569 Β.

210 5577 313 5631 καὶ
336 5577 394 5631 δι
430 5577 494 5630 Δ.

716 5431 1051 5503 ⁷⁸καὶτάΒ.
1125 5431 1371 5503 "napus
1402 5431 1462 5484 Β.
1539 5432 1620 5485 ιιι

1627 5430 1866 5499 σοφάγου
1882 5429 1946 5492 Α,
1967 5429 2277 5498 ὑσσοφάγου
2305 5431 2368 5484 Β.

495 5505 544 5558 λ.
565 5504 675 5558 τῶν
689 5503 768 5558 όδ.
787 5518 898 5558 om.
920 5505 994 5575 _P.
1033 5500 1382 5575 ἐξ-χρείας).
1404 5500 1705 5575 ,ἐνεργείας
1735 5501 1796 5575 Β,
1832 5501 2219 5575 panyasin

571 5575 622 5609 ⁸⁸
642 5571 1020 5644 διαφοροτάτῳ
1303 5571 1351 5644 9
1391 5569 1614 5644 όμιλίαν
1648 5569 1890 5644 ποιεῖᾹΡ,
1929 5572 2026 5644 καὶ
2066 5569 2136 5622 τά

1907 4568 2056 4627 sunt,
2097 4561 2198 4617 hos
2229 4563 2464 4619 dicimus
2492 4583 2505 4619 :
2535 4565 2716 4632 dulce,
2748 4568 2991 4635 acidum,
3019 4586 3167 4639 acre,
3205 4575 3492 4640 acerbum,

1908 4662 2216 4718 austerum,
2250 4670 2524 4722 amarum,
2566 4657 3050 4731 salsum,pingue;
3085 4663 3268 4720 omnia
3305 4673 3492 4724 autem

1910 4746 2027 4801 haec
2048 4747 2234 4818 lingua
2257 4747 2496 4818 ipsa,vel
2517 4750 2702 4821 potius
2722 4766 2954 4810 acumen
2968 4754 3110 4826 ejus,
3126 4757 3272 4828 quod
3293 4766 3494 4829 gustus

1908 4839 2333 4896 instrumentum
2373 4850 2478 4907 est,
2523 4841 2873 4901 discernendi
2910 4843 3491 4922 facultatemohtinet.

1908 4927 2044 4986 lluic
2095 4929 2278 4986 ofﬁcio
2320 4931 2485 4988 simul
2541 4948 2667 4989 cum
2725 4933 2912 5008 lingua
2953 4936 3196 5007 palatum
3245 4953 3496 4996 commu-

1907 5020 1962 5076 ni
1992 5019 2295 5077 ministerio
2326 5019 2550 5088 sufficit,
2607 5023 2664 5078 in
2723 5039 2836 5096 quo
2877 5041 3172 5084 nervorum
3199 5029 3494 5100 explicatio

1906 5113 2002 5186 qui
2051 5127 2081 5168 a
2141 5114 2368 5170 cerebro
2421 5116 2824 5187 protenduntur
2875 5133 2940 5174 ea
2972 5134 3096 5191 qua:
3144 5120 3214 5177 ad
3271 5131 3493 5195 gustum

1909 5206 2144 5260 aztinent
2161 5205 2650 5278 deprehendentes,
2672 5208 2967 5281 principali
2993 5211 3192 5268 animae
3225 5215 3368 5284 parti
3400 5215 3496 5271 de-

2442 5430 2870 5502 ⁸³ριαμασσήσιι
2893 5435 2959 5491 Β.
3035 5435 3159 5493 "ea
3178 5439 3241 5494 Β.
3314 5439 3497 5496 “hac

2226 5517 2320 5577 py.
2349 5515 2466 5577 om.
2582 5500 2607 5577 ς
2628 5502 2676 5536 ⁸⁸
2705 5500 2999 5577 amem.
3030 5507 3091 5562 Β.
3164 5509 3214 5542 ⁸⁷
3234 5509 3498 5565 διαλεκτι⁹

2243 5587 2272 5624 ν
2297 5570 2547 5651 ἀπόλυτα
2578 5573 2701 5651 ipsi
2727 5570 2872 5644 (τῆς
2894 5570 3146 5649 γλῶττης
3172 5578 3237 5633 2⁸
3258 5581 3395 5651 _m.),
3427 5582 3498 5636 τὰ

211 5647 276 5700 δὲ
300 5647 608 5717 συνδέδεται
634 5647 693 5698 ἐν
721 5639 1029 5717 τ’ᾦ’λαρ..ζ.
1046 5642 1258 5717 Δείς-τᾲς
1283 5639 1586 5717 οίκείαςμΡ.
1639 5643 1710 5717 _’°
1736 5641 2122 5717 χαλαρότερος.
2161 5639 2223 5693 Β.
2239 5711 2276 5717 _
2299 5642 2345 5717 ’ξ
2368 5657 2392 5694 ε
2395 5643 2429 5717 ί
2443 5643 2552 5717 μὲν
2565 5639 2660 5717 οὖν
2679 5639 2928 5717 ἐμμετρὰ
2953 5639 3182 5703 κατεσκ.
3217 5639 3497 5714 εὐτάκτως

212 5719 450 5789 ἐνεργεῖ,
496 5715 627 5770 εῑδέ
653 5711 1010 5786 χαλέρὼτερα
1041 5712 1160 5766 ἐστί
1201 5711 1263 5780 Ρ,
1299 5711 1594 5785 σομφώδης
1638 5713 1702 5766 Ρ.

537 5809 812 5873 Ρλτιιοι..
856 5807 972 5869 Gn.
1018 5807 1226 5872 LXIV.

1780 5714 1826 5745 ”
1856 5710 2196 5784 στρυφνότης
2239 5711 2280 5766 Β
2305 5710 2346 5768 C
2393 5710 2457 5768 Ρ.
2537 5715 2582 5748 ’³
2614 5710 2874 5788 φέρονταί
2897 5731 2910 5752 ·
2959 5719 3058 5772 καὶ
3107 5719 3388 5791 φερόμενα
3427 5710 3489 5774 Βξ

3097 5812 3172 5877 40
