3842 6404
405 231 434 298 !
452 238 543 299 191
1687 242 1964 318 MELETII
2009 239 2336 313 MONACHI,
3557 252 3687 307 tm

411 358 683 414 nuntiant.
709 358 1022 424 Enimvero,
1054 358 1214 415 divus
1257 358 1386 414 item
1413 356 1643 414 Basilius
1667 359 1868 428 linguae
1897 361 1981 432 ip-

2130 363 2184 435 ὴν
2212 365 2377 434 φύσιν
2398 409 2415 436 ,
2445 367 2474 421 ό
2503 366 2648 432 θεῖος
2683 365 2968 431 Βασίλειός
3001 382 3171 438 φησιν
3189 408 3206 432 ,
3230 368 3388 430 ὅπως
3415 365 3613 438 ἀπαλή
3637 385 3691 422 τε

409 451 526 506 sius
552 457 803 505 naturam
837 449 1240 504 animadvertit.
1292 447 1358 503 Et
1383 463 1622 520 quonam
1659 459 1822 520 pacto
1867 453 1985 522 ipsa

2131 457 2188 510 αὶ
2213 457 2514 530 εὖστροφος
2540 460 2610 526 ⁸⁸,
2657 460 2753 513 καὶ
2783 457 2920 530 πρὸς
2951 461 3138 513 πᾶσαν
3169 461 3365 530 χρείαν
3400 459 3578 528 λόγου
3624 461 3696 530 τῷ

409 543 636 599 mollitie
667 545 738 599 sit
770 543 1014 613 praedita,
1062 542 1128 595 ad
1163 541 1443 610 flexusque
1475 540 1651 598 facilis
1693 543 1982 609 habeatur,

2130 551 2326 621 ςοικίλῳ
2350 551 2453 622 τῆς
2483 552 2757 624 κινήσεως
2787 551 3129 624 ἐξαρκοῦσα.
3166 554 3325 607 Ἔστι
3346 552 3406 606 δὲ
3429 553 3538 606 καὶ
3569 552 3701 605 πλα-

409 649 628 705 quoque
661 635 826 690 modo
851 634 1017 690 variis
1047 633 1240 689 usibus
1262 633 1485 688 cuilibet
1537 633 1771 688 orationi
1832 634 1985 691 suffi-

2130 642 2212 693 εῖα
2255 641 2350 695 καὶ
2393 642 2557 714 στενὴ
2608 643 2688 715 τῷ
2743 643 2967 714 μεγέθει
3018 645 3114 698 καὶ
3161 644 3300 718 μέση
3326 662 3342 674 ο
3379 645 3482 698 καὶ
3527 645 3565 714 ἡ
3604 646 3701 713 μέν

409 727 540 791 ciat,
580 725 669 780 ille
707 723 1121 781 accuratissime
1152 723 1528 795 deprehendit.
1565 722 1685 794 Ipsa
1712 725 1983 796 siquidem

2130 733 2324 787 πλατεῖα
2351 733 2415 787 τὸ
2435 733 2612 804 στόμα
2640 734 2965 803 γεμίζουσα,
2993 735 3171 806 ἀργὴν
3199 735 3299 807 τὴν
3332 735 3574 806 ὁμιλίαν
3611 738 3702 787 καὶ

409 819 618 888 lingua,
667 827 782 872 tum
831 817 1044 887 amplae,
1093 824 1209 872 tum
1268 824 1513 886 angustae
1570 817 1984 894 magnitudinis,

2130 824 2363 896 ναρθρον
2397 827 2580 880 ποιεῖ’
2614 827 2649 897 ἡ
2697 827 2755 879 δέ
2806 826 2969 898 στενὴ
3009 828 3106 880 καὶ
3141 829 3350 899 μικρὰ,
3411 826 3701 896 ἐπερείδε-

409 909 503 964 sed
533 917 587 964 et
608 909 798 964 mediae
817 916 922 976 est;
960 924 1082 965 eum
1127 923 1254 962 vero
1287 908 1534 962 latiorem
1563 906 1675 962 fieri
1710 909 1985 977 acciderit,

2130 915 2221 968 θαι
2255 916 2393 987 πρὸς
2433 918 2562 982 τοὺς
2611 918 2831 982 ὀδόντας
2867 919 2946 991 μὴ
2992 917 3274 986 σώζουσα,
3318 919 3556 990 φαύλην
3603 920 3700 988 τὴν

407 1001 538 1054 dum
575 1001 689 1055 oris
748 1009 986 1055 meatum
1057 1000 1182 1071 plus
1250 999 1421 1054 nimio
1471 998 1736 1068 repletum
1792 1001 1985 1067 reddit,

2130 1007 2287 1061 αλιὰν
2333 1009 2660 1064 ἀποδίδωσιν
2685 1026 2699 1040 ο
2741 1011 2777 1082 ἡ
2820 1011 2960 1082 μέση
2986 1010 3045 1064 δὲ
3083 1011 3226 1065 κατά
3269 1011 3547 1082 μέγεθος,
3577 1012 3698 1064 τούι-

409 1093 565 1147 tardo
583 1091 929 1162 cessantique
951 1106 1225 1158 sermone,
1243 1103 1404 1160 atque
1425 1090 1772 1145 inarticulato
1797 1092 1985 1149 utitur.

2130 1118 2204 1154 ων
2232 1101 2580 1172 ἀπήλλακται
2610 1102 2720 1156 τῶν
2747 1102 2939 1158 παθῶν
2959 1143 2978 1169 ,
3005 1104 3103 1158 καὶ
3125 1103 3240 1157 ἐστι
3272 1104 3573 1175 βελτίστη.

409 1183 598 1254 Atqui,
658 1185 779 1254 ejus
844 1184 1020 1237 forma
1079 1190 1308 1253 angusta
1353 1181 1643 1250 brevisque
1682 1183 1985 1250 exsistens,
2025 1189 2172 1257 quod
2203 1206 2313 1260 prae
2344 1193 2430 1248 sui
2465 1195 2716 1266 angustia
2758 1195 3131 1266 brevitateque
3195 1209 3305 1250 non
3371 1196 3524 1250 satis
3554 1210 3699 1249 com-

410 1279 571 1332 mode
585 1277 839 1332 dentibus
860 1276 1017 1330 inniti
1047 1283 1230 1345 queat,
1252 1274 1446 1328 vitiato
1460 1274 1680 1344 eloquio
1695 1275 1986 1332 verborum
2027 1295 2186 1338 usum
2219 1285 2419 1356 explet.
2482 1285 2657 1341 Media
2703 1297 2883 1343 autem
2907 1288 3028 1360 ejus
3050 1287 3250 1354 forma,
3276 1289 3544 1344 omnium
3565 1303 3698 1358 quas

410 1373 738 1427 adduximus
759 1371 1095 1440 passionum,
1140 1382 1334 1437 expers
1389 1377 1475 1424 est
1525 1367 1844 1439 dptimaque
1890 1368 2142 1428 habetur.

409 1468 414 1473 ’
478 1465 694 1519 Partem
732 1471 912 1517 autem
954 1461 1074 1532 ejus
1116 1476 1240 1529 qua:
1291 1476 1456 1531 supra
1483 1468 1590 1523 est,
1621 1461 1842 1530 ligulam
1905 1461 1985 1516 di-

2174 1468 2240 1520 Ἦ
2267 1467 2325 1521 δὲ
2349 1469 2706 1537 ἐπιγλωττὶς
2725 1467 2934 1542 ταύτης
2965 1473 3132 1545 μέρος
3156 1476 3278 1528 ἐστὶ
3310 1475 3377 1528 τὸ
3405 1473 3692 1546 ὖπερθεν“

413 1558 610 1620 cimus,
641 1555 728 1610 cui
754 1554 890 1609 illud
923 1552 1070 1623 quod
1095 1551 1220 1621 gula
1248 1559 1597 1622 nuncupatur
1632 1552 1892 1607 adhaeret.
1922 1551 1985 1607 Et

2130 1576 2209 1629 χει
2251 1559 2311 1612 δὲ
2345 1560 2487 1630 αὕτη
2526 1563 2962 1632 προσπεφυκότα
2995 1565 3088 1619 τδν
3130 1567 3483 1638 καλούμενον
3533 1569 3696 1623 01(70-

414 1667 537 1708 cttm
564 1649 820 1705 dentibus
831 1646 1079 1701 molitum
1101 1646 1414 1700 alimentum
1430 1642 1498 1698 ad
1527 1643 1783 1698 interiora
1802 1644 1985 1699 demit-

2130 1649 2289 1721 ιάγον
2308 1653 2375 1706 ⁸⁸.
2410 1654 2524 1707 Καὶ
2543 1653 2677 1707 ὅταν
2697 1654 2784 1707 δια
2793 1657 3178 1728 μασησάμενοι
3199 1660 3245 1692 ⁸⁸
3272 1660 3371 1714 καὶ
3398 1659 3700 1730 καταλειή-

412 1744 602 1804 timus,
653 1738 889 1805 arteria,
940 1751 1111 1807 quoa
1164 1734 1331 1807 ligula
1378 1735 1610 1800 velatur,
1659 1750 1690 1789 a
1731 1750 1846 1790 suae
1899 1749 1985 1790 ac-

2130 1760 2283 1808 ιιντες
2311 1745 2356 1778 ³⁷
2402 1747 2868 1820 παραπέμπωμεν
2907 1750 3007 1820 την
3048 1751 3260 1824 τροφὴν
3307 1753 3395 1816 είς
3434 1752 3520 1806 τὰ
3550 1753 3699 1818 ἔσω,

413 1833 580 1888 tionis
629 1830 805 1885 ollicio
856 1835 1077 1892 cessat;
1115 1841 1238 1914 quae
1284 1841 1410 1881 cum
1473 1827 1542 1881 ab
1585 1841 1652 1881 eo
1699 1827 1793 1896 qui
1843 1827 1985 1883 intus

2130 1836 2504 1905 πιπωματίζει
2551 1838 2586 1909 ἡ
2617 1839 2944 1908 ἐπιγλωττὶς
2973 1841 3072 1912 τὴν
3101 1843 3378 1914 ἀρτηρίαν
3401 1881 3419 1908 ,
3455 1845 3566 1896 καὶ
3596 1861 3698 1897 κω-

411 1934 497 1980 est
540 1924 732 1994 spiritu
778 1921 859 1976 sic
900 1900 1171 1975 exsistcn's
1199 1918 1404 1971 moveri
1443 1925 1697 1988 nequeat,
1753 1926 1868 1972 tum
1904 1917 1988 1987 ip-

412 2031 553 2082 sam,
600 2025 714 2069 tum
764 2012 1078 2082 pulmonem
1122 2008 1375 2080 protinus
1408 2009 1714 2065 consistere
1761 2008 1985 2076 accidit,

410 2104 673 2177 quoniam
700 2115 824 2156 cum
855 2101 973 2170 ipsa
1009 2097 1260 2168 spiritum
1299 2095 1430 2158 edit,
1462 2094 1626 2149 etiam
1657 2093 1836 2164 ipsius
1864 2109 1993 2149 suc-

411 2193 592 2251 cessio
629 2190 698 2245 ad
733 2203 865 2244 cava
910 2186 1185 2258 pulmonis
1223 2185 1418 2240 fertur.
1452 2183 1776 2238 Pulmouem
1806 2191 1989 2238 autem

416 2286 599 2356 ipsum
634 2281 747 2353 78
775 2278 1096 2336 discrimina
1129 2275 1485 2346 cartilaginea
1544 2273 1746 2328 habere
1771 2283 1987 2328 certum

413 2385 518 2440 est,
569 2389 692 2444 quae
751 2369 1073 2428 contractim
1115 2368 1170 2422 in
1211 2375 1437 2422 acutum
1466 2365 1718 2431 tendunt;
1747 2380 1844 2435 per
1873 2365 1992 2419 haec

413 2467 558 2523 enim
586 2464 812 2536 spiritus
856 2463 910 2517 in
943 2464 1063 2531 ejus
1101 2458 1373 2515 foramina
1399 2464 1668 2529 penetrat,
1706 2457 1833 2532 inde
1857 2471 1990 2513 vero

415 2560 481 2614 ad
509 2556 693 2613 cordis
726 2555 917 2610 intima
949 2553 1237 2607 revertitur
1271 2552 1470 2604 denuo.
1504 2546 1662 2612 Nam,
1690 2564 1816 2603 cum
1841 2557 1988 2604 arte-

413 2647 807 2719 riain,pulsum
837 2645 1105 2709 videlicet,
1161 2652 1219 2697 ut
1247 2642 1453 2698 dictum
1488 2649 1591 2705 est,
1623 2640 1788 2710 ligula
1821 2641 1983 2707 velet,

415 2740 739 2812 alimentum.
764 2737 834 2793 ab
864 2751 959 2792 ore
991 2735 1058 2792 ad
1117 2734 1464 2790 stomachum
1519 2732 1844 2789 demittitur.
1886 2732 1992 2786 Ar-

415 2835 548 2890 teria
595 2847 831 2905 namque
889 2831 1028 2902 ipsa,
1056 2838 1111 2884 et
1162 2827 1349 2883 alteria
1401 2826 1724 2898 appellatur,
1754 2826 1990 2899 ἀρτηρία

412 2925 632 2997 quidem
658 2919 771 2978 οἷον
820 2920 1137 2993 ἀεροτηρία,
1173 2934 1296 2989 quae
1333 2918 1492 2989 quasi
1548 2932 1730 2972 aerem
1787 2927 1987 2984 servet,

2094 1924 2211 1978 λύει
2240 1926 2411 1997 αὐτὴν
2451 1928 2695 1999 ἐνεργεῖν
2716 1943 2731 1959 °
2765 1929 2852 1999 ἐφ’
2883 1925 2965 1995 οἷς
3015 1931 3338 2002 συμϐαίνει,
3393 1933 3479 2003 μὴ
3515 1950 3704 1986 κινου-

2096 2017 2265 2088 μένης
2322 2020 2421 2091 τῆς
2477 2020 2750 2092 ἀρτηρίας
2801 2022 2908 2076 ὑπὸ
2954 2023 3050 2076 τοῦ
3112 2025 3265 2087 ἐντὸς
3321 2026 3705 2096 πνεύματος.

2096 2111 2350 2166 ἵστασθαι
2380 2113 2476 2166 καὶ
2521 2112 2614 2167 τὸν
2658 2113 2942 2186 πνεύμονα
2971 2117 3289 2188 παρευθύςο
3335 2119 3430 2172 ὅτι
3468 2135 3705 2187 «posset.

2095 2203 2265 2276 μένης
2292 2204 2390 2276 τῆς
2423 2205 2693 2279 ἀρτηρίας
2713 2208 2761 2239 ⁸⁸
2789 2207 3026 2272 διάδοσις
3057 2208 3324 2278 γίνεται⁸⁹
3360 2210 3705 2278 πνεύματος

2093 2295 2174 2357 εἰς
2223 2293 2294 2348 τὰ
2317 2295 2473 2350 κοῖλα
2503 2296 2651 2368 μέρη
2675 2297 2772 2351 τοῦ
2815 2298 3144 2369 πνεύμονος.
3173 2301 3328 2371 Ἔχει
3380 2302 3507 2371 γὰρ
3532 2303 3552 2333 ¹
3587 2303 3706 2356 διαο

2091 2382 2286 2454 φύσεις
2318 2384 2644 2456 χονδρώδεις
2675 2386 2703 2438 ό
2731 2385 2994 2458 πνεύμων
3017 2389 3099 2452 είς
3126 2389 3220 2456 ὀξὺ
3255 2390 3580 2463 διηκούσας
3616 2395 3708 2446 καὶ

2107 2478 2456 2548 συνηγμένας
2477 2495 2492 2509 ⁶
2537 2478 2605 2532 δι’
2641 2472 2718 2535 ὧν
2751 2480 2950 2534 εἴσεισι
2974 2480 3034 2535 τδ
3062 2481 3280 2554 πνεῦμα
3309 2485 3396 2548 είς
3419 2484 3536 2548 τὰς
3567 2485 3708 2549 ὀπὰς

2097 2567 2306 2634 αὑτοῦ,
2365 2569 2622 2624 κάκεῖθεν
2669 2566 2829 2635 αὖθις
2877 2572 2960 2636 είς
3007 2572 3106 2644 τὴν
3147 2574 3385 2644 καρδίαν
3449 2577 3702 2648 ἐνίησιν.

2104 2657 2696 2730 Ἐπιπωματιξομένης
2726 2659 2784 2714 δέ
2811 2659 2911 2730 τῆς
2937 2661 3206 2732 ἀρτηρίας
3236 2663 3398 2734 παρὰ
3427 2663 3552 2732 τῆς
3583 2667 3706 2718 ἐπι-

2093 2749 2405 2816 γλωττίδος,
2423 2749 2501 2814 ὡς
2529 2749 2771 2822 εἴρηται,
2797 2752 3286 2825 παραπέμπεταιή
3309 2755 3507 2826 τροφὴ
3535 2756 3603 2809 ἐν
3632 2757 3707 2825 τῷ

2093 2841 2374 2912 στομάχῳ.
2409 2842 2646 2912 Λέγεται
2673 2842 2730 2897 δέ
2762 2843 3020 2912 άλτηρία
3052 2844 3150 2898 καὶ
3181 2845 3443 2914 ἀρτηρία
3467 2850 3494 2878 ²
3515 2863 3532 2877 ³
3569 2851 3667 2901 καὶ
3686 2851 3706 2881 ³

2090 2932 2342 3002 ἀρτηρία
2383 2934 2503 3004 μὲν,
2539 2928 2674 3001 οἷον,
2719 2935 3021 3007 ἀεροτηρία
3035 2935 3082 3002 ⁵,
3124 2936 3233 2990 ἀπὸ
3260 2937 3361 2991 τοῦ
3403 2940 3704 3011 περιέχειν

411 3015 974 3088 ‘comprehendatque;
1023 3026 1148 3067 nam
1195 3010 1423 3080 spiritus
1454 3009 1523 3063 ab
1570 3007 1689 3078 ipsa
1739 3023 1984 3077 compre-

2131 3024 2192 3077 al
2223 3025 2413 3096 τηρεῖν
2449 3023 2511 3078 τὺ
2544 3024 2799 3096 πνεῦμαο
2827 3025 3083 3094 dirupta
3107 3027 3189 3093 δὲ,
3227 3028 3386 3098 παρὰ
3421 3007 3505 3084 τὸ.
3547 3007 3704 3086 die-

414 3109 671 3163 benditur
693 3107 1137 3176 contineturque.
1170 3102 1238 3156 At
1267 3104 1384 3172 ipsa
1414 3101 1540 3155 item
1570 3101 1760 3156 alteria
1787 3100 1991 3158 dicitur

413 3200 567 3272 παρὰ
591 3199 653 3252 τὺ
682 3195 957 3263 ἅλλεσθαι,
975 3211 1008 3251 a
1025 3193 1292 3259 saliendo,
1319 3190 1466 3264 quod
1483 3199 1744 3263 perpetuo
1769 3207 1987 3249 movea-

415 3305 505 3348 tur
530 3300 696 3363 atque
725 3290 907 3346 saliat.

481 3385 649 3456 Atqui
673 3385 856 3454 lingua
892 3383 1010 3453 ipsa
1055 3380 1126 3437 ab
1176 3379 1311 3451 ipsis
1342 3377 1562 3450 γλῶσσα
1590 3378 1811 3444 dicitur,
1836 3377 1990 3451 παρά

409 3481 472 3535 τὸ
529 3476 743 3544 χλὼθω,
793 3493 825 3531 a
867 3472 1308 3545 circumagendo,
1353 3471 1498 3543 quod
1539 3472 1670 3528 dum
1727 3471 1844 3542 ipsa
1878 3471 1987 3525 cir-

409 3570 750 3640 cumagitur,
795 3565 1094 3622 articulata:
1156 3562 1309 3618 vocis
1353 3562 1677 3618 constitutio
1717 3563 1829 3616 fiat.
1891 3557 1990 3615 Vel

411 3664 483 3718 ob
540 3662 594 3718 id
649 3661 873 3731 γλῶσσα
919 3651 1580 3726 ἁίεἰιιιιι,οἷον·γνῶσσα,
1639 3655 1785 3726 quod
1833 3655 1989 3710 vide-

410 3753 536 3810 licet
582 3752 870 3823 dignoscat
925 3747 1492 3819 comprehendatque;
1543 3747 1662 3815 ipsa
1711 3745 1885 3812 enim,
1924 3752 1988 3800 ut

413 3860 587 3916 nuper
630 3840 1044 3912 explicavimus,
1076 3837 1364 3908 cujuslibet
1397 3838 1609 3908 saporis
1647 3852 1819 3909 genus
1844 3837 1989 3907 quod

410 3939 532 4008 ejus
589 3934 864 4006 peculiare
891 3931 1124 3986 habetur
1174 3928 1458 3984 discernit.
1515 3926 1831 3990 Enimvero.
1881 3929 1990 3983 hoc

411 4027 720 4086 sensorium
753 4039 785 4080 a
808 4023 984 4080 tribus
1019 4020 1141 4075 aliis
1177 4018 1470 4086 discrepat,
1501 4018 1554 4072 in
1582 4031 1672 4082 eo,
1723 4017 1870 4088 quod
1905 4017 1990 4072 vi-

411 4135 531 4184 sus,
563 4116 798 4174 olfactus
843 4113 1172 4182 auditusque
1198 4109 1433 4175 eminus,
1464 4123 1529 4165 ac
1566 4109 1766 4180 ubique
1811 4107 1988 4166 sensi-

413 4211 563 4277 bilia,
587 4223 710 4280 qua
731 4207 932 4278 cuique
953 4203 1459 4268 accommodantur,
1502 4201 1942 4256 animadvertunt
1969 4217 1986 4258 :

409 4301 645 4372 exempli
699 4298 896 4369 gratia,
929 4298 1105 4360 visus,
1144 4311 1267 4366 qua:
1309 4293 1600 4365 plurimum
1633 4291 1838 4347 distant
1864 4305 1990 4362 pro-

2093 3113 2219 3171 σθαι
2243 3113 2267 3148 ⁸
2291 3131 2306 3146 ⁶
2337 3116 2372 3188 ἡ
2402 3115 2490 3171 ἀεὶ
2516 3115 2792 3190 ἁλλομένη
2817 3116 2915 3172 καὶ
2941 3117 3190 3190 πηδῶσα.

2161 3373 2396 3444 Λέγεται
2419 3373 2478 3429 δὲ
2497 3374 2751 3446 γλῶσσα
2765 3375 2920 3449 παρὰ
2943 3376 3007 3430 τδ
3025 3376 3241 3433 κλώθωο
3278 3379 3660 3454 κλωθομένης
3676 3386 3697 3416 ⁸

2087 3463 2199 3538 γὰρ
2249 3465 2422 3537 αὐτῆς
2458 3467 2493 3538 ὴ
2540 3465 2809 3538 ἔναρθρος
2851 3469 3007 3541 φωνὴ
3040 3470 3432 3527 ἀποτελεῖταιο
3492 3475 3532 3545 ἢ
3564 3471 3696 3542 οἷαν,

2087 3553 2341 3624 γνῶσσα’
2382 3557 2754 3629 διαγνωστικὴ
2797 3560 2908 3631 γάρ
2941 3561 3058 3614 ἐστι
3094 3561 3205 3614 τῶν
3235 3564 3296 3616 ἐν
3330 3566 3455 3629 τοῖς
3495 3571 3695 3637 pyrii;

2093 3646 2428 3718 ἰδιωμάτων,
2465 3648 2649 3713 καθὼς
2695 3651 2798 3723 ἤδη
2833 3651 3072 3723 εἴρηται.
3105 3654 3254 3725 Πλὴν
3299 3657 3334 3727 ἡ
3377 3658 3492 3727 μὲν
3525 3660 3689 3730 ὄψις,

2089 3739 2186 3792 καὶ
2212 3737 2482 3810 ὄσφρησις
2506 3777 2522 3802 ,
2553 3740 2834 3829 καῖ’ἀκοὴ
2872 3741 3162 3812 πόρῤωθεν
3205 3745 3302 3798 καὶ
3331 3749 3693 3818 πανταχόθεν

2087 3829 2197 3884 τῶν
2233 3829 2381 3884 ίδίων
2409 3829 2688 3901 αἰσθητῶν
2721 3832 3216 3903 ἀντιλαμϐάνονται
3234 3850 3251 3866 ο
3280 3831 3425 3898 οἷον,
3453 3839 3574 3909 ὁρᾷ
3607 3842 3696 3892 καὶ

2092 3921 2369 3993 μάκροθεν
2405 3923 2441 3994 ἡ
2472 3922 2618 3994 ὄψις,
2651 3925 2746 3978 καὶ
2775 3925 2811 3997 η
2841 3925 3112 3999 ὄσφρησις
3147 3927 3530 4000 όσφραίνεται
3553 3972 3571 3998 ,
3606 3934 3695 3986 καὶ

2088 4017 2123 4087 ή
2155 4015 2296 4086 ἀκοὴ
2328 4014 2668 4080 ἐνωτίζεταιο
2701 4017 2818 4088 ἁφὴ
2859 4017 2918 4072 δὲ
2961 4017 3058 4073 καὶ
3107 4018 3300 4088 γεῦσις
3336 4022 3476 4075 τότε
3532 4024 3696 4093 μόνον

2086 4106 2461 4172 αἰσθάνονται,
2495 4109 2626 4164 ὅταν
2654 4108 3007 4181 πλησιάσωσι
3028 4115 3146 4178 τοῖς
3176 4112 3333 4176 ίδίοις
3364 4114 3694 4186 αἰσθητοῖς.

2087 4199 2156 4255 Δί
2188 4200 2290 4271 μὲν
2321 4195 2418 4256 οὖν
2445 4199 2696 4273 γλώττης
2725 4204 2908 4273 χρεῖαι
2946 4205 3040 4258 καὶ
3084 4204 3369 4276 ἐνέργειαι
3406 4207 3694 4279 είρηνται,

2088 4291 2173 4345 ὅτι
2202 4291 2342 4362 πρός
2376 4309 2438 4346 τε
2467 4293 2571 4365 τὴν
2602 4294 2789 4361 φωνὴν
2816 4295 2913 4349 καὶ
2943 4295 3044 4367 τὴν
3082 4297 3397 4362 διάλεκτον,
3442 4300 3553 4353 καὶ
3603 4301 3698 4370 τὴν

410 4396 622 4465 spicere
676 4391 908 4448 idoneus
963 4389 1236 4454 habetur;
1277 4385 1530 4453 olfactus,
1569 4394 1809 4440 remotos
1866 4399 1898 4439 a
1929 4399 1985 4439 se

2130 4383 2304 4452 εὓσιν,
2348 4385 2445 4438 καὶ
2486 4385 2589 4456 τὴν
2631 4384 2970 4458 διαμάσησιν
2995 4387 3017 4419 ⁷
3064 4388 3100 4460 ἡ
3131 4388 3200 4442 τὰ
3230 4389 3423 4443 πάντα
3473 4392 3696 4444 οἰκονο-

409 4485 610 4540 odores
649 4481 1005 4555 deprehendit
1063 4489 1119 4536 et
1172 4481 1326 4535 auris
1376 4479 1504 4533 item
1539 4476 1756 4532 eminus
1813 4476 1984 4532 audit.

2087 4475 2265 4546 μοῦσα
2296 4475 2528 4547 δύναμις
2556 4478 2985 4549 ἐπιτηδειότητα
3027 4480 3166 4552 αὐτῇ
3199 4481 3539 4551 ἐχαρίσατσ
3582 4482 3695 4536 λοι-

411 4574 525 4632 lloc
553 4589 686 4631 vero
733 4573 1063 4639 sensorium,
1087 4570 1232 4642 quod
1256 4577 1311 4626 et
1338 4567 1406 4625 de
1427 4575 1575 4623 tactu
1604 4568 1837 4632 diceres,
1878 4567 1985 4623 nisi

2130 4567 2188 4623 δν
2216 4568 2420 4640 ἴδωμεν
2449 4571 2546 4624 καὶ
2590 4570 2700 4625 τῶν
2727 4571 2959 4626 ὀδόντων
2985 4571 3086 4644 τὴν
3114 4571 3427 4646 σύμπηξιν,
3458 4575 3572 4629 καὶ
3598 4576 3696 4646 τὴν

410 4667 644 4723 admotis
704 4665 939 4723 sensatis
993 4665 1050 4718 in
1103 4661 1304 4733 quibus
1354 4659 1533 4726 ipsum
1581 4673 1741 4729 agere
1795 4659 1939 4713 valet
1969 4698 1984 4723 ,

2085 4659 2272 4729 φύσιν,
2308 4661 2407 4714 καὶ
2439 4661 2542 4732 τὴν
2569 4659 2877 4732 ἐνέργειαν.

410 4762 609 4834 agendi
659 4759 921 4817 facultate
950 4756 1268 4812 frustratur.
1311 4752 1442 4820 Sed,
1469 4752 1537 4809 de
1599 4752 1799 4823 linguae
1829 4752 2025 4809 usibus
2061 4753 2506 4825 actionibusque,
2577 4770 2819 4826 quonam
2862 4764 3024 4827 pacto
3052 4763 3296 4826 potestas
3319 4773 3451 4828 qua
3487 4771 3692 4816 cuncta

409 4855 686 4928 produxit,
715 4864 832 4910 tum
863 4853 930 4908 ad
952 4867 1117 4909 voces
1143 4859 1305 4920 atque
1357 4849 1666 4916 idiomata,‘
1703 4859 1821 4905 tum
1887 4851 2053 4906 etiam
2093 4849 2163 4905 ad
2209 4858 2426 4920 gustum
2477 4859 2643 4921 atque
2677 4850 2871 4906 edendi
2898 4867 3072 4921 ,usum
3125 4851 3362 4907 reddidit
3402 4852 3689 4920 idoneam,

409 4949 545 5007 satis
576 4964 608 5004 a
635 4947 794 5004 nobis
834 4946 951 5017 jam
981 4945 1188 5000 dictum
1215 4951 1300 4998 est
1333 4961 1348 4997 :
1375 4951 1431 4998 et
1454 4943 1569 4998 haec
1605 4943 1672 4998 de
1700 4942 1883 5013 lingua
1911 4944 2118 5001 dixisse
2176 4942 2436 5017 sufficiat.
2467 4941 2684 5013 Restat,
2737 4944 2816 4999 uti
2867 4944 2936 5001 de
2961 4945 3208 5004 dentium
3246 4948 3685 5017 compositione,

419 5051 748 5113 naturaque,
770 5054 984 5096 necnon
1041 5035 1351 5093 actionibus
1393 5034 1723 5091 referamus.

429 5149 433 5156 ·
483 5135 683 5192 Dentes
723 5135 870 5192 enim
920 5140 1075 5199 sunt,
1114 5131 1208 5202 qui
1265 5127 1486 5187 secandi
1516 5127 1760 5184 alimenti
1811 5129 1986 5185 conii-

411 5227 701 5298 cicndique
765 5239 968 5280 munus
1017 5222 1239 5292 explent
1294 5227 1348 5275 et
1406 5218 1570 5274 iidem
1630 5217 1987 5274 articulanda:

413 5318 566 5377 vocis
619 5314 802 5372 officio
851 5313 1355 5371 accommodantur.
1394 5309 1603 5367 Horum
1661 5309 1756 5366 alii
1804 5324 1835 5366 a
1896 5325 1986 5366 se-

2174 5128 2451 5195 Ὀδόντες
2498 5128 2639 5184 εἰσὶν
2686 5129 2737 5183 οι
2783 5127 3123 5200 διαιροῦντες
3151 5129 3253 5201 τὴν
3301 5131 3553 5202 τροφὴν,
3600 5140 3686 5191 καὶ

2092 5219 2566 5292 κατεργαζόμενοι
2605 5219 2801 5289 αὐτὴν,
2852 5219 3245 5293 συνεργοῦντες
3285 5221 3385 5275 καὶ
3423 5225 3496 5294 τῇ
3541 5225 3685 5300 sup.

2093 5311 2296 5384 θρὼσει
2333 5312 2435 5384 τῆς
2466 5314 2655 5385 φωνῆς
2680 5329 2696 5346 ο
2746 5314 2796 5366 οἱ
2825 5313 2925 5384 μὲν
2959 5313 3068 5386 γὰρ
3093 5315 3358 5385 τέμνουσι
3394 5316 3469 5370 τὰ
3511 5321 3681 5379 σιτία.

483 5472 527 5506 ⁸⁵
553 5471 673 5525 ἐστι
710 5467 809 5524 καὶ
847 5465 1032 5538 εὕστρ.
1074 5467 1157 5538 Β.
1196 5467 1258 5538 7”
1283 5463 1611 5538 ὑσσώεραγον
1630 5463 1692 5520 Β.
1742 5465 1798 5538 ,⁵⁸
1821 5464 2334 5537 διαμασσησάμενοι
2365 5468 2428 5522 Β.
2493 5469 2538 5500 ³⁷
2565 5467 2999 5532 καταλεάναντες
3020 5469 3086 5530 Α.
3118 5471 3597 5535 καταλαιάναντες
3621 5470 3676 5533 Β,

411 5539 960 5615 καταλειάναντες-Ο,
984 5533 1404 5615 ’καταλέισανίξς
1530 5533 1533 5534 ⁷
1568 5535 1614 5615 ’.⁸
1646 5534 1827 5615 verba
1851 5551 1881 5590 a
1916 5533 1985 5615 ’ύτ

2145 5533 2194 5591 ἐξ
2230 5553 2402 5615 usque
2427 5539 2758 5615 tﬁ;ﬁ9‘t_ﬂp.
2784 5553 2897 5615 om.
2927 5540 2992 5592 A.

411 5617 478 5671 Δ.
555 5615 570 5644 ¹
595 5613 652 5666 δὲ
686 5611 758 5667 Β.
822 5610 993 5681 ’-ἀρ-τ.
1034 5609 1131 5681 καὶ
1163 5607 1282 5681 ἀλτ.
1319 5607 1421 5681 Ιξ.-
1461 5607 1482 5639 ³
1511 5606 1609 5681 καὶ
1637 5621 1748 5660 om.
1787 5606 1850 5681 B_.
1926 5608 1948 5640 ⁸
1978 5606 2393 5681 ἀρεωτηρίαίΒ.

411 5684 598 5756 λεσθαι
630 5685 686 5740 Β.
763 5682 784 5715 ⁶
814 5676 1186 5752 κλωθωμένης,
1348 5678 1368 5710 ⁷
1398 5676 1768 5750 διαμάσσησιν
1811 5677 1874 5732 Β.
1907 5743 1910 5746 ,

3071 5540 3116 5609 ’ξ
3145 5539 3390 5609 διάδοσιν
3424 5541 3678 5609 γίνεσθαι

2471 5611 2494 5649 ⁸
2514 5608 2744 5664 necem
2775 5610 2843 5678 A,
2884 5610 3036 5682 παρὰ
3064 5608 3127 5664 τὸ
3152 5608 3342 5665 ἄλσειν
3370 5608 3554 5668 ἤγουν
3582 5611 3678 5666 ἆλ-
