3856 6404
185 339 341 398 1193

1442 334 1534 395 DE
1572 336 1863 396 NATUBA
1901 337 2206 396 “OMNIS.

3322 347 3462 405 H94

172 458 236 509 οι
262 454 321 509 δὲ
356 452 663 508 λεαίνουσι’
690 452 738 507 oi
770 452 864 506 καὶ
888 452 1077 523 μύλαι
1106 452 1414 524 λεγόμενοι,
1449 454 1483 525 ἢ
1503 454 1769 524 μυλῖται·

1881 457 2053 513 cando
2105 458 2229 513 cibo
2255 496 2269 517 .
2308 463 2557 512 secantes
2599 474 2613 523 ;
2662 455 2753 511 alii
2798 469 2828 511 ε
2871 456 3126 514 molendo
3156 500 3173 525 ,
3224 461 3464 519 molares

171 550 249 602 ὲκ
283 546 379 601 τοῦ
414 546 517 600 ἔδω
536 546 600 598 τὸ
626 545 810 602 ἐσθίω
843 544 1021 609 οὕτως
1044 545 1465 617 ὀνομαζόμενοι.
1497 549 1769 614 Τριάκον-

169 636 351 691 ⁸ταδύο
375 636 432 690 δέ
466 637 576 689 είσι
602 636 696 689 τδν
727 635 985 707 άριθμόνο
1026 633 1088 701 ἒξ
1136 639 1232 691 καὶ
1262 638 1397 692 δέκα
1428 639 1552 692 καθ’
1578 638 1764 693 ἑκατέ-

174 746 289 799 ραν
313 728 479 796 γένυν
507 726 702 781 ὀντων.
731 727 1013 797 Τέσσαρες
1045 729 1146 799 μὲν
1172 730 1194 761 ⁸
1233 730 1568 803 ιμπροσθεν,
1595 732 1646 783 οἱ
1672 748 1771 785 το-

166 817 317 887 μεῒς
349 816 662 889 λεγόμενοι,
696 818 1011 889 μονόρῤιζοι
1030 822 1054 855 ⁸
1082 820 1304 885 πάντες·
1335 821 1684 890 ἑκατέρωθεν
1712 822 1772 875 δὲ

178 908 369 962 αὐτῶν
390 908 513 975 δύο,
548 909 601 963 οἱ
630 908 1017 977 κυνόδοντεσ
1055 910 1371 984 μονόρῥιζοι
1404 912 1447 945 ⁸⁸
1473 913 1567 966 καὶ
1601 906 1772 968 οὗτοι.

180 997 323 1054 Εἶτα
335 1000 392 1053 οἱ
416 1001 674 1070 γόμφιον
698 1001 908 1054 τούτων
934 1000 1061 1072 ἑξῆς
1082 1002 1188 1057 ἀνὰ
1212 1002 1402 1058 πέντε·
1432 1001 1707 1074 τρίρριζοι
1732 1002 1774 1034 ⁸⁸

174 1089 293 1159 μὲν
314 1088 365 1141 οἱ
391 1090 451 1141 εν
474 1090 542 1159 τῇ
572 1089 686 1143 ἄνω
714 1088 873 1157 γένυῖ
892 1090 1043 1144 δυοῖν
1073 1091 1131 1144 δὲ
1158 1089 1326 1161 ῥιζῶν
1351 1091 1403 1145 οί
1426 1093 1485 1147 tv
1512 1094 1577 1162 τῇ
1600 1092 1774 1147 κάτω.

1886 548 2162 602 dicuntur.
2220 543 2361 601 Sunt
2414 546 2560 602 enim
2614 560 2807 602 omnes
2858 562 3093 603 numero
3123 563 3289 620 supra
3363 552 3464 606 tri-

1868 637 2058 707 ginta,
2108 644 2341 705 utraque
2407 634 2627 689 maxilla
2688 634 2966 689 sexdecim
3025 650 3128 689 suo
3175 635 3229 689 in
3272 636 3465 692 ordine

1881 729 2217 784 continente.
2270 726 2378 792 Qui
2460 740 2590 781 vero
2653 726 2905 796 quaterni
2996 723 3258 797 utrinque
3312 736 3467 783 ante--

1882 820 2057 875 riores
2083 819 2401 885 exsistunt,
2456 830 2597 887 quos
2651 826 2901 873 secantes
2956 826 3297 888 nuncupant,
3346 819 3464 874 sin-

1880 910 2008 981 gula
2078 907 2461 965 tantummodo
2524 906 2711 963 radice
2787 909 3073 974 nituntur;
3134 918 3192 964 at
3242 910 3338 979 qui
3397 910 3466 964 ab

1875 1003 1965 1058 his
2026 1002 2137 1057 duo
2181 1001 2441 1071 utrinque
2470 1000 2633 1070 positi
2691 1000 2803 1071 79
2833 1000 3116 1065 visuntur,
3156 1002 3337 1057 canini
3370 1016 3467 1072 ap-

1879 1095 2150 1165 pellantur
2169 1132 2188 1158 ,
2212 1093 2307 1163 qui
2344 1100 2401 1148 et
2434 1092 2537 1163 ipsi
2584 1108 2783 1158 unam,
2814 1093 3195 1165 singulamque
3224 1094 3464 1151 radicem

180 1180 463 1253 εὕρηνται
490 1181 549 1235 δὲ
576 1181 673 1236 καὶ
692 1181 1043 1254 τετράῤῥιζοι
1075 1186 1138 1215 ⁸⁸·
1171 1184 1407 1255 γόμφιοι
1442 1185 1501 1239 δὲ
1528 1184 1775 1253 λέγονται

1882 1185 2104 1241 habent.
2130 1185 2362 1243 Molares
2374 1199 2506 1241 vero
2537 1185 2768 1241 subinde
2785 1185 2857 1240 ab
2873 1196 3103 1257 utraque
3118 1195 3271 1257 parte
3295 1188 3466 1258 quino

178 1269 278 1324 διὰ
318 1269 420 1341 τὴν
458 1270 694 1341 κάμψινο
729 1272 1183 1343 ἐπικεκαμμέναι
1226 1274 1337 1346 γάρ
1390 1274 1531 1327 εἰσιν
1561 1274 1619 1327 αῖ
1651 1291 1781 1330 συν·-

180 1363 405 1435 ἐχουσιν
436 1364 479 1396 ⁸⁸
498 1364 701 1429 αὐτοὺς
726 1364 1001 1434 σιαγόνες.

1882 1290 2116 1332 numem
2170 1276 2227 1331 in
2280 1277 2529 1333 ordinem
2572 1276 2886 1347 diriguntur
2938 1296 2951 1333 :
3003 1288 3059 1333 et
3107 1294 3204 1335 eos
3256 1282 3351 1351 qui
3396 1297 3464 1336 ex

1886 1367 1974 1423 his
2013 1367 2315 1439 superioris
2351 1367 2587 1423 maxilla:
2620 1376 2770 1431 sunt,
2808 1376 3005 1424 natura
3042 1370 3240 1440 triplici
3282 1371 3467 1427 radice

180 1460 470 1532 insignivit
504 1477 522 1527 ;
551 1461 647 1531 qui
679 1476 812 1517 vero
856 1461 1173 1527 inferioris,
1218 1463 1491 1535 geminam
1536 1464 1779 1521 radicem
1818 1462 2041 1520 habent.
2102 1461 2383 1529 Quosdam
2411 1471 2467 1518 et
2533 1462 2840 1533 quadriﬁda
2870 1463 3055 1520 radice
3084 1479 3309 1522 eernere
3342 1475 3461 1529 est;

181 1555 428 1609 molares
477 1568 713 1625 namque
744 1556 969 1628 γόμφιοι
1016 1555 1104 1611 διὰ
1143 1557 1242 1629 τὴν
1287 1558 1497 1630 κάμψιν
1529 1559 1704 1631 ἁὶοιίέ,
1751 1573 1775 1613 a

1881 1574 1962 1613 :xu
2025 1558 2141 1613 sive
2178 1565 2469 1613 curvatura
2504 1570 2700 1639 nomen
2742 1565 3049 1623 sumentes,
3117 1559 3265 1629 quod
3296 1555 3461 1631 positi

180 1648 242 1701 in
284 1644 531 1700 recurvis
582 1646 819 1701 maxillis
872 1647 1147 1703 visuntur.

254 1736 590 1808 Διαφιρουσι
622 1737 755 1806 γοῦν
799 1738 909 1795 τῶν
953 1738 1132 1795 ἄλλων
1166 1740 1342 1796 ὀστῶν
1382 1742 1434 1796 el
1464 1741 1676 1807 ὀδόντες
1712 1744 1772 1797 ἑν

1952 1742 2067 1799 Hoc
2085 1743 2303 1814 quidem
2352 1743 2495 1797 inter
2541 1741 2733 1797 dentes
2777 1740 2993 1812 aliaque
3029 1756 3157 1799 ossa
3211 1742 3458 1806 interest.

176 1827 267 1900 τῷ
303 1828 661 1883 αἰσθάνεσθαι
695 1828 738 1859 ⁸⁸
762 1845 777 1860 ’
810 1829 995 1901 ἔχουσι
1045 1830 1155 1903 γὰρ
1198 1832 1430 1904 ἀρτικὴν
1459 1833 1700 1890 διάθεσιν
1731 1834 1774 1866 ¹⁸

177 1917 527 1990 αἰσθητικῶν
554 1917 766 1991 νεύρων
804 1921 1125 1994 φερομένων
1152 1922 1213 1976 ὲν
1244 1926 1359 1988 τοῖς
1390 1923 1773 1995 φατνώμασιν,

179 2016 247 2065 ὲν
303 2006 384 2074 οἷς
425 2009 729 2082 ριζοῦνται’
772 2014 1126 2069 αἰσθάνονται
1164 2015 1223 2069 δὲ
1265 2015 1372 2069 ὑπὸ
1412 2016 1517 2088 τῆς
1555 2016 1777 2087 ὁμιλίας

176 2103 301 2157 τῶν
329 2104 588 2176 ἀμέτρων
619 2103 849 2175 ψυχρῶν
900 2106 999 2160 καὶ
1034 2106 1278 2177 θερμῶν.
1337 2109 1499 2163 Ἀλλὰ
1531 2112 1628 2165 καὶ
1665 2110 1776 2166 τῶν

177 2194 442 2263 γευστῶν
473 2195 577 2266 τῆς
628 2196 919 2268 ποιότητος
971 2199 1498 2271 μεταλαμϐάνουσι,
1546 2202 1639 2257 διά
1681 2203 1775 2256 τοῦ

179 2286 395 2359 ὑμένος
416 2286 462 2318 ¹⁸
510 2285 608 2339 τοῦ
661 2285 1060 2356 ὑπαλείφοντος
1107 2288 1203 2343 τὸν
1245 2292 1519 2361 στόμαχον
1554 2292 1653 2346 καὶ
1685 2292 1778 2346 τὸν

176 2377 486 2449 οἰσοφάγον
511 2378 573 2441 ¹⁷ο
608 2379 705 2433 καὶ
738 2378 815 2449 μὴ
848 2379 1009 2450 μόνον
1036 2380 1308 2449 γλῶττανν
1344 2383 1483 2439 ἀλλὰ
1523 2386 1619 2438 καὶ
1649 2386 1777 2448 τοὺς

180 2468 413 2532 ὀδόντας
440 2466 837 2538 ὑπαλείφοντος
863 2484 877 2499 ⁸
914 2468 976 2534 ὃς
1022 2470 1119 2524 καὶ
1156 2470 1257 2543 τὴν
1293 2471 1391 2526 τοῦ
1430 2473 1702 2546 αίμωδιᾷν
1734 2473 1777 2505 ³⁸

179 2561 405 2633 νάρκην
434 2562 477 2594 ⁸⁸
508 2561 695 2625 αὐτοῖς
732 2561 1037 2633 ἐπεγείρει.
1086 2564 1208 2617 Ἔτι
1240 2565 1292 2618 οί
1331 2564 1548 2629 ὀδόντες
1573 2566 1777 2636 γυμνοί

182 2655 321 2719 εἰσι,
344 2653 453 2706 τῶν
473 2652 654 2708 ἄλλων
670 2652 844 2706 ὀστῶν
880 2654 957 2725 μὴ
987 2653 1157 2709 όντων
1177 2654 1424 2727 γυμνῶν*
1458 2656 1640 2712 πάντα
1668 2658 1778 2729 γὰρ

183 2744 261 2797 τά
288 2744 426 2798 ὀστᾶ
454 2743 639 2815 ἔχουσι
675 2743 1037 2815 περικείμενα
1065 2744 1112 2777 ⁸⁸
1161 2745 1307 2817 μύας
1348 2748 1447 2802 καὶ
1470 2746 1669 2819 δέρμα·
1697 2746 1779 2799 ἔτι

182 2836 511 2908 διαφέρουσι
533 2836 611 2907 τῷ
644 2836 867 2892 πίπτειν
888 2838 982 2892 καὶ
998 2833 1157 2902 αὖθις
1183 2838 1436 2907 φύεσθαι·
1455 2837 1517 2892 οὐ
1539 2837 1700 2909 μόνον
1722 2838 1781 2892 ὲν

187 2930 315 2992 ταῖς
333 2927 580 2998 πρώταις
593 2926 855 2999 ἡλικίαις,
878 2928 1015 2983 ἀλλὰ
1034 2928 1131 2983 καὶ
1151 2930 1211 2983 ὲν
1230 2931 1351 2991 ταῖς
1374 2928 1613 2992 λοιπαῖς⁶
1634 2928 1779 2982 ίστό-

193 3018 429 3091 ρηταιδὶ
452 3019 547 3072 καὶ
565 3019 658 3072 επὶ
672 3019 969 3092 γερόντων.
996 3019 1120 3073 Εἰσὶ
1139 3020 1197 3073 δὲ
1214 3019 1326 3072 τῶν
1347 3018 1579 3073 ὀδόντων
1602 3019 1653 3073 οῖ
1682 3018 1781 3090 μὲν

1876 1830 2025 1902 quod
2047 1831 2241 1887 dentes
2261 1846 2426 1886 sensu
2453 1831 2662 1900 praediti
2690 1840 2840 1893 sunt,
2868 1831 3015 1885 hunc
3064 1832 3333 1901 siquidem
3358 1848 3459 1888 ex-

1877 1931 1997 1978 acte
2023 1920 2273 1976 ohtinent
2289 1920 2360 1976 ob
2379 1934 2580 1976 nervos
2612 1921 2705 1990 qui
2745 1922 2812 1976 ad
2862 1922 3124 1991 praesepia
3158 1922 3211 1976 in
3254 1923 3457 1993 quibus

1878 2009 1982 2078 ipsi
2005 2010 2326 2065 radicantur
2348 2010 2627 2067 declinant
2652 2010 3115 2076 ;sentiuntenim,
3133 2026 3258 2068 cum
3282 2013 3337 2066 in
3360 2011 3459 2067 fri-

1878 2102 1998 2172 gida
2023 2104 2149 2173 plus
2166 2102 2354 2165 nimio,
2372 2118 2437 2159 ac
2456 2103 2628 2158 calida
2657 2102 2968 2158 inciderint.
3004 2102 3109 2159 Sed
3127 2112 3181 2159 et
3204 2105 3456 2159 ciborum

1878 2192 2197 2247 discrimina
2224 2198 2543 2249 membrana
2581 2203 2845 2249 causante
2878 2195 3459 2265 deprehendunt,qutn

1879 2300 1987 2338 non
2031 2284 2194 2339 modo
2253 2285 2598 2339 stomachum
2640 2292 2695 2339 et
2745 2286 2961 2354 gulam,
2992 2285 3086 2340 sed
3128 2296 3185 2340 et
3212 2287 3457 2356 linguam

1880 2375 2162 2443 ipsam,ac
2190 2373 2357 2428 etiam
2399 2374 2593 2428 dentes
2615 2374 2887 2428 demulcet
2915 2383 3080 2443 atque
3116 2376 3386 2444 perungit,
3402 2386 3462 2430 et

1880 2467 2029 2537 ipsos
2048 2466 2175 2520 item
2190 2465 2256 2520 ad
2281 2465 2541 2520 humores
2559 2464 2933 2521 excernendos
2950 2466 3168 2520 excitat.
3188 2465 3459 2523 Praeterea

1880 2572 2005 2613 cum
2039 2558 2298 2613 omnibus
2343 2557 2565 2613 ossibus
2606 2567 2799 2612 natura
2849 2567 3028 2613 cutem
3071 2562 3461 2627 musculosque

1881 2648 2207 2711 obduxerit,
2251 2649 2385 2703 nudi
2422 2649 2524 2718 ipsi
2579 2648 2870 2718 omnisque
2915 2648 3168 2719 tegminis
3207 2652 3459 2718 expertes

1880 2748 2153 2803 visuntur.
2170 2747 2251 2801 Ad
2266 2746 2383 2801 hac
2400 2764 2414 2800 :
2434 2761 2699 2801 annorum
2719 2746 2943 2815 periodo
2956 2762 3062 2801 non
3087 2747 3251 2802 modo
3268 2736 3460 2817 prima:

1880 2833 2058 2888 aetatis
2088 2832 2451 2903 temporibus.
2485 2848 2671 2888 verum
2706 2833 2875 2888 etiam
2900 2850 3023 2904 quae
3052 2835 3277 2904 reliqua:
3305 2844 3457 2900 sunt,

1881 2933 1936 2977 et
1972 2921 2026 2976 in
2069 2922 2295 2977 senibus
2336 2921 2464 2977 item
2502 2922 2810 2987 concidere,
2845 2938 2911 2978 ac
2944 2924 3128 2978 denuo
3170 2924 3305 2979 oriri
3340 2941 3461 2981 meo

1883 3014 2073 3070 moria:
2127 3015 2401 3084 proditum
2430 3024 2536 3071 est.
2583 3014 2818 3081 Quidam
2857 3024 3040 3070 autem
3086 3029 3212 3070 raro
3246 3014 3459 3080 ordine,

190 3110 421 3181 ἀραιοὶ,
451 3110 504 3163 oi
533 3109 592 3163 δὲ
633 3091 849 3164 πυκνοί·
878 3110 1033 3166 ἄλλοι
1069 3112 1323 3183 μεγάλοι,
1350 3112 1449 3165 καὶ
1473 3112 1653 3184 ἕτεροι
1686 3128 1775 3183 μι-

1885 3105 1978 3161 alii
2005 3106 2199 3174 denso,
2238 3106 2494 3161 nonnulli
2522 3106 2735 3169 breves,
2763 3106 3054 3177 parvique,
3089 3106 3180 3161 alii
3214 3106 3463 3177 iungentes

191 3202 343 3272 κροίο
377 3200 532 3255 ἄλλοι
576 3207 887 3273 κογχωτοὶ,
934 3203 1030 3256 καὶ
1056 3203 1210 3257 ἄλλοι
1244 3202 1365 3258 κατ’
1397 3202 1617 3258 εὐθεῖαν
1659 3203 1780 3257 κεί-

193 3308 355 3361 μενοι
376 3308 391 3323 ο
424 3292 485 3345 οὐ
522 3292 686 3361 μόνον
716 3293 813 3345 επὶ
857 3291 1169 3365 ἀνθρώπων
1196 3294 1265 3363 ⁸⁸,
1312 3294 1454 3349 ἀλλὰ
1482 3295 1580 3348 καὶ
1623 3293 1781 3359 ζώων

191 3383 423 3453 ἑτέρων.
452 3383 565 3437 Καὶ
593 3383 703 3455 γὰρ
731 3384 761 3436 ὀ
802 3384 1182 3457 Ἀριστοτέλης
1204 3424 1219 3450 ,
1250 3385 1322 3439 τὰ
1352 3386 1453 3456 μὲν
1480 3385 1591 3439 τῶν
1624 3385 1780 3450 ζώων

192 3475 510 3546 ἀμφόδοντα
550 3474 729 3529 καλείο
761 3471 875 3529 οἷον
903 3475 1210 3549 ἄνθρωπον,
1254 3476 1440 3541 ἵππον,
1486 3476 1629 3541 ὀνον,
1662 3476 1781 3529 ἑλέ-

192 3582 395 3634 ιεοαντιι⁸
445 3566 519 3619 τὰ
558 3566 619 3619 δὲ
671 3567 1103 3638 καρχαρόδοντα’
1152 3563 1267 3620 οἷον
1314 3565 1549 3631 λέοντα,
1589 3565 1777 3631 λύκον,

191 3658 402 3727 ἄρκτον
431 3658 500 3722 ⁸³,
548 3656 816 3728 πάρδαλιν
836 3674 849 3688 ο
885 3657 955 3712 τὰ
986 3657 1043 3711 δὲ
1072 3657 1362 3711 συνόδοντα
1395 3656 1461 3689 ⁸³·
1490 3652 1603 3710 οἷον
1639 3655 1775 3726 πρό-

193 3747 385 3811 ϐατον,
424 3747 573 3818 βοῦν,
603 3744 756 3819 αῐγα,
787 3748 1024 3821 δορκάδα
1042 3765 1057 3781 ·
1085 3748 1154 3803 τὰ
1180 3748 1238 3803 δὲ
1266 3748 1639 3820 χαυλιόδοντα·
1668 3742 1783 3802 οἷον

193 3841 404 3910 χοῖρον,
454 3839 791 3909 άσφάλαγγα
815 3839 884 3904 ⁸⁵,
916 3841 1013 3895 καὶ
1040 3842 1145 3895 ὅσα
1188 3839 1316 3905 τοὺς
1347 3839 1567 3904 ὀδόντας
1610 3839 1781 3911 ὑπερ-

194 3930 488 3999 φαίνουσιν
528 3930 655 3998 ἔξω.
694 3931 837 3995 Τοὺς
866 3932 926 3985 δὲ
963 3930 1192 4001 μυλίτας
1220 3930 1329 3984 τῶν
1371 3930 1602 3985 ὀδόντων
1636 3931 1783 3995 τινες

192 4021 696 4093 σωφρονιστῆρας
728 4021 1021 4089 ἐκάλεσαν,
1051 4022 1142 4077 διὰ
1169 4021 1232 4076 τὸ
1258 4020 1491 4091 φύεσθαι
1522 4024 1655 4093 περὶ
1680 4020 1780 4093 τὴν

191 4110 293 4165 τοῦ
317 4110 586 4183 ἄρχεσθαι
614 4114 834 4183 φρονεῖν
858 4112 987 4177 τοὺς
1018 4113 1215 4177 παῖδας
1239 4111 1411 4185 ὥραν.

1884 3196 2311 3252 constituuntur.
2348 3194 2491 3252 Sunt
2538 3206 2595 3252 et
2640 3196 2971 3267 conchyliati
3003 3196 3206 3267 aliqui,
3238 3196 3463 3266 quidam

1886 3302 2016 3344 vero
2047 3300 2199 3343 recto
2249 3288 2500 3356 dispositi
2530 3287 2742 3353 ordine,
2772 3297 2827 3343 et
2855 3287 3171 3355 huiusmodi
3217 3286 3458 3357 generis,

1887 3395 1995 3435 non
2037 3381 2197 3435 modo
2222 3380 2277 3434 in
2319 3379 2654 3445 hominibus,
2705 3379 2800 3435 sed
2854 3380 3016 3434 etiam
3077 3379 3128 3434 in
3183 3378 3305 3434 aliis
3338 3379 3462 3433 ani-

1886 3469 2120 3526 malibus
2143 3471 2353 3540 positos
2387 3484 2663 3526 cerneres.
2708 3469 2987 3540 Siquidem
3020 3472 3341 3527 Aristoteles
3372 3472 3464 3526 do-

1886 3568 1973 3618 cet
1999 3576 2122 3617 esse
2151 3562 2409 3616 animalia
2438 3562 2686 3632 quaedam
2712 3561 2969 3631 utrinque
2990 3561 3207 3617 dentata
3231 3579 3246 3628 ;
3278 3576 3462 3617 exem-

1889 3654 1961 3723 pli
1996 3653 2191 3723 gratia,
2222 3652 2520 3717 hominem,
2568 3666 2792 3723 equum,
2825 3653 3062 3720 asinum,
3094 3653 3459 3722 elephantem.

1889 3741 2148 3811 Quadam
2196 3757 2326 3797 vero
2372 3743 2596 3798 serratis
2652 3743 2927 3809 dentibus,
2980 3752 3038 3798 ut
3089 3744 3331 3809 leonum,
3381 3745 3460 3799 le-

1888 3849 2119 3905 porum,
2192 3849 2448 3891 ursorum
2513 3849 2579 3891 ac
2637 3834 3024 3904 pantherarum
3089 3850 3297 3906 genus;
3356 3836 3463 3893 alia

1886 3930 2237 3983 continuatos
2299 3927 2555 3983 habentia
2607 3927 2834 3996 dentes,
2893 3944 3127 3996 quorum
3177 3928 3463 3999 pecudes,

1887 4020 2075 4085 boves,
2128 4032 2327 4089 caprae,
2376 4018 2750 4089 dorcadesque
2785 4028 2915 4074 sunt
2969 4036 2983 4073 :
3040 4020 3301 4075 nonnulla
3343 4037 3465 4091 qua:

1885 4120 2135 4169 exsertos
2186 4112 2509 4178 sortiuntur,
2558 4120 2621 4166 ut
2663 4126 2892 4182 porcus,
2937 4112 3115 4182 talpa,
3157 4120 3465 4183 caeteraqua

196 4204 514 4275 huiusmodi
546 4220 669 4275 quae
692 4204 884 4261 dentes
909 4213 1209 4261 exsertant.
1235 4205 1397 4271 Sunt,
1453 4206 1545 4276 qui
1582 4210 1820 4261 molares
1857 4204 2048 4261 dentes
2122 4204 2573 4277 σωφρονιστῆρας
2610 4203 2878 4270 dictitant,
2903 4204 3050 4274 quod
3080 4204 3135 4259 in
3174 4212 3297 4259 ortu
3336 4219 3460 4271 suo,

199 4299 507 4369 prudentia:
540 4298 903 4370 percipiendae
958 4307 1205 4372 tempora
1234 4300 1422 4371 pueris
1478 4300 1775 4356 adducant.

278 4392 344 4446 Ἣ
371 4392 429 4446 δι
456 4392 757 4463 συνέχουσα
802 4394 1002 4459 αὐτοὺς
1044 4393 1184 4466 σάρξ
1222 4391 1415 4449 οὖλον
1440 4392 1775 4463 ὠνόμασται,

1957 4392 2101 4447 Caro
2126 4401 2304 4446 autem
2333 4406 2456 4460 quae
2485 4391 2633 4461 ipsas
2661 4391 3069 4461 complectitur,
3098 4390 3313 4459 gingiva
3344 4400 3458 4453 est,

193 4484 286 4538 διὰ
311 4482 374 4535 τὸ
420 4480 698 4552 τρυφερὸν
726 4482 898 4553 αὐτῆς
929 4483 1025 4536 καὶ
1050 4480 1279 4537 ἁπαλόνο
1311 4480 1345 4553 ἢ
1377 4481 1529 4553 παρὰ
1558 4481 1620 4535 τὸ
1641 4482 1780 4551 ηλῶ·

192 4575 389 4646 τρόπῳ
414 4574 524 4644 γάρ
543 4590 652 4627 τινι
675 4572 821 4645 ήλῶν
844 4572 1004 4638 τάξιν
1026 4573 1072 4606 ⁸⁸
1094 4573 1285 4643 ἐπέχει
1315 4575 1396 4636 είς
1420 4571 1784 4642 διακράτησιν

196 4667 309 4719 τῶν
339 4665 592 4719 ὀδόντων·
638 4665 673 4735 ἦ
715 4666 799 4719 ὅτι
838 4664 1003 4736 οὐλὴν
1046 4664 1194 4736 ἔχει,
1244 4662 1345 4735 τὴν
1389 4664 1782 4734 ἐπιγινομένην

194 4759 261 4827 τῇ
293 4755 403 4809 τῶν
425 4757 713 4827 φυομένων
752 4756 986 4810 ὀδόντων
1018 4754 1259 4827 διακοπῇ
1287 4795 1303 4822 ,
1342 4755 1438 4808 καὶ
1478 4753 1778 4824 ὑγιαζομέ-

194 4865 315 4917 νην.
346 4848 491 4919 υὺλὴ
518 4848 626 4920 γὰρ
660 4848 721 4902 τὸ
766 4846 1029 4916 ὑγιασθὲν
1054 4845 1300 4918 τραῦμαο
1336 4843 1494 4899 ἔνθεν
1545 4845 1645 4898 καὶ
1691 4844 1772 4910 τὸ,

198 4935 364 5002 οὖλε,
409 4940 658 5009 Ὑγίαινε
702 4941 768 4973 ⁸⁸·
807 4934 967 4995 Οὖλέ
1002 4955 1104 5005 τε,
1153 4938 1253 4993 καὶ
1291 4937 1447 5007 μέγα
1487 4936 1651 5006 xat'ps
1686 4936 1774 5007 (ι).

196 5029 463 5098 Μγονται
508 5031 568 5085 δὲ
614 5031 659 5063 ⁸⁷
729 5031 917 5101 τρίχες
976 5025 1167 5093 οὖλαι,
1224 5030 1283 5085 αἱ
1322 5029 1369 5061 ⁸⁸
1423 5028 1775 5099 είλούμεναι,

197 5123 353 5194 παρὰ
394 5122 455 5176 τὸ
502 5123 763 5178 είλεῖσθαι
798 5124 864 5156 ⁸⁸·
898 5124 996 5177 καὶ
1038 5122 1196 5176 οὐλαὶ
1234 5122 1293 5178 al
1326 5121 1515 5193 κριθαί
1550 5121 1630 5153 ³⁸⁸
1682 5120 1780 5176 καὶ

308 5300 332 5332 ⁸
365 5300 463 5372 μὲν
491 5315 601 5355 om.
634 5299 694 5353 Β.
768 5300 1104 5372 ⁸-μονόριζοι
1138 5300 1198 5353 Β.
1235 5369 1255 5372 Α
1305 5299 1348 5332 ⁸⁸
1378 5298 1652 5372 μονόριζοι
1690 5299 1750 5353 Β.

199 5455 373 5511 φαγον
402 5438 460 5491 Β.
488 5510 497 5511 7
573 5441 615 5511 ⁸⁸
642 5438 938 5511 μωδιᾶνΒ.
1018 5442 1061 5473 ³⁸
1097 5438 1362 5511 νάρκηΔ.

203 5526 299 5592 κον
322 5510 382 5592 Β.
446 5509 774 5592 λίβορδοντα
803 5510 872 5592 (ξἒ
940 5511 985 5592 ⁸⁸
1011 5509 1306 5592 άσφάλακα
1330 5511 1387 5564 Β.
1414 5509 1615 5565 ἁσπαλ.
1637 5510 1699 5563 Ρ.

202 5577 268 5634 Β.
340 5580 384 5611 ⁸⁸
412 5577 661 5651 εῐλῆσθαι
692 5580 753 5634 Β.
824 5582 873 5614 ⁸⁸
906 5583 963 5635 αἱ
1000 5577 1233 5653 κρζοιιι.
1269 5582 1327 5637 Β.

274 5733 337 5804 (ι)
376 5732 478 5792 0d.
504 5734 563 5789 ο.
593 5733 716 5789 tor.

308 5300 332 5332 ⁸
365 5300 463 5369 μὲν
491 5315 601 5355 om.
634 5299 694 5353 Β.
768 5302 790 5333 ⁸
833 5300 1104 5372 μονόριζοι
1138 5300 1198 5353 Β.
1233 5369 1257 5381 -
1305 5299 1348 5332 ⁸⁸
1378 5299 1652 5371 μονόριζοι
1690 5299 1750 5353 Β.
1858 5299 1898 5331 ⁸⁸
1930 5302 2165 5404 τρίριζοι
2196 5306 2257 5359 Β.

204 5369 249 5402 ¹⁸
284 5366 636 5441 αἰσθάνεσθαι
657 5386 671 5400 ·
704 5369 995 5441 αἰσθητικά
1020 5371 1335 5441 γὰρίνευρα
1364 5370 1620 5441 φέρονται
1650 5372 1708 5423 ὲν
1732 5370 1845 5434 τοῖς
1881 5369 1965 5441 l‘,
2043 5374 2064 5401 '
2104 5375 2257 5441 αίσθη

1474 5440 1519 5471 ⁸⁸
1550 5441 1932 5510 περικείμενον
1953 5440 2011 5501 Β.
2029 5440 2445 5563 περικειμένους
2473 5443 2530 5497 Ρ.

1474 5510 1615 5563 ςπαλ.
1637 5510 1699 5563 Ρ.
1806 5510 1851 5543 ⁸⁵
1881 5512 2033 5563 τάξιν
2066 5514 2097 5563 ἠ
2138 5552 2150 5563 .
2186 5513 2242 5563 Β.
2319 5515 2365 5545 ⁸⁸
2392 5507 2530 5563 οὖλαι

1831 5513 1851 5543 ⁵
1881 5512 2033 5578 τάξιν
2066 5512 2150 5583 ήλ.
2186 5513 2223 5565 Β

1884 4495 2006 4551 qua:
2030 4476 2185 4535 οὖλον
2221 4483 2289 4535 ab
2332 4482 2438 4536 illis
2465 4483 2535 4535 ob
2576 4483 2769 4536 molem
2798 4482 2939 4550 ejus.
2967 4491 3318 4550 teneramque
3357 4495 3459 4534 na-

1883 4583 2059 4628 turam
2084 4571 2386 4642 appellatur
2425 4589 2438 4627 :
2486 4574 2571 4629 vel
2598 4574 2687 4628 illa
2715 4574 2822 4628 άπὸ
2849 4573 2943 4627 τοῦ
2970 4574 3152 4637 εἱλεῖν,
3172 4575 3285 4644 80
3312 4574 3457 4643 quod

1882 4661 2147 4718 involvere
2204 4664 2452 4730 diceres,
2512 4680 2639 4719 nam
2710 4666 3163 4719 continendorum
3212 4666 3456 4721 dentium

1879 4753 2077 4825 gratia,
2103 4752 2238 4823 ipsis
2272 4754 2605 4821 involvitur;
2632 4755 2714 4809 vel
2741 4754 2887 4824 quod
2916 4754 3229 4810 cicatricem
3261 4758 3459 4811 habeat

1880 4843 2148 4909 vulneris,
2176 4845 2321 4914 quod
2352 4860 2417 4900 ex
2448 4856 2570 4899 ortu
2599 4845 2845 4900 dentium
2878 4844 3103 4909 factum,
3123 4854 3179 4900 et
3202 4854 3456 4901 sanatum

1881 4944 1986 5000 est,
2018 4950 2141 5006 qua!
2172 4935 2358 4993 Graece
2406 4934 2536 5008 οὐλὴ
2591 4937 2811 4992 dicitur.
2846 4936 3151 5008 Siquidem,
3202 4937 3456 4993 medicati

1884 5027 2126 5085 vulneris
2169 5028 2463 5101 vestigium
2505 5028 2727 5084 cicatrix
2786 5038 3154 5100 nuncupatur,
3181 5030 3325 5085 unde
3374 5030 3453 5085 illi

1885 5113 2009 5172 οὖλε
2043 5118 2226 5188 dicere
2253 5119 2452 5188 solent,
2509 5120 2677 5188 salve,
2711 5119 2796 5176 vel
2818 5120 2958 5175 vale.
2991 5117 3098 5175 Sed
3128 5127 3183 5175 et
3208 5120 3345 5190 pilos
3378 5120 3448 5176 ita

2361 5303 2405 5335 "
2439 5303 2749 5374 τετράριζοι
2793 5302 2855 5358 Β.
2960 5304 3003 5337 ⁸³
3033 5302 3355 5374 συνέχουσαι
3387 5300 3449 5357 Β.

2406 5371 2466 5425 Β.
2547 5376 2590 5405 ⁸⁸
2632 5376 2729 5425 nu.
2774 5373 2983 5425 ἐκείνου
3021 5375 3059 5425 Β
3086 5375 3147 5425 Ρ.
3229 5375 3272 5404 ⁸⁷
3316 5372 3449 5425 ὑσώ-

2620 5375 3199 5515 έῖιι·πέτεῖξ,νεεπιξ.ῖ.

2229 5507 2263 5567 .’
2319 5515 2365 5545 ⁸⁸
2392 5507 2565 5570 οὖλαι.
2595 5515 2656 5568 τὸ
2687 5516 2774 5584 ὑγ.
2805 5513 2861 5569 Β.
2914 5507 2984 5548 ’⁸⁷
3014 5515 3106 5567 καὶ
3136 5516 3197 5568 Β.
3274 5512 3318 5543 ⁸⁸
3352 5507 3448 5563 καὶ

2104 5375 2356 5445 αἴσθησιν
2406 5371 2466 5428 Β.
