3842 6400
194 397 336 454 H97

1453 400 1543 454 DE
1581 399 1872 458 NATUBA
1917 399 2219 458 HOMINIS.

3343 406 3401 461 ﬂ
3412 405 3500 462 98“

185 518 270 591 τῷ
299 517 646 574 καταπίνειν.
682 517 908 587 Λαιμός
933 515 994 571 δὲ
1016 516 1113 571 καὶ
1143 516 1378 588 λάρυγξ
1416 521 1533 584 τοῖς
1555 519 1756 590 όνόμαο

1889 519 1952 573 τὸ
2007 517 2224 589 πνεῦμα
2281 516 2514 581 ἐκεῖθεν,
2579 515 2730 588 quod
2779 517 2904 573 inde
2953 515 3204 575 videlicet
3255 521 3481 591 spiritus

185 613 514 685 διαφέρουσι
547 613 732 683 μόνον·
782 611 938 682 παρά
963 613 1074 683 γὰρ
1098 611 1158 666 τὸ
1183 610 1380 677 λαίειν,
1411 612 1445 684 ἢ
1487 612 1732 679 λαύσειν,
1762 613 1792 666 δ

185 707 309 759 ἐστι
339 705 402 759 τὸ
441 704 743 760 ἀπολάσειν
763 705 832 769 ⁸ο,
865 703 1158 775 ἀμφότερα
1195 703 1530 776 παράγεται·
1562 704 1654 758 διὰ
1679 705 1790 778 γάρ

185 796 386 870 λαιμοῦ
431 799 532 853 καὶ
572 798 854 870 λάρυγγος
885 797 985 869 τὴν
1029 797 1338 852 ἀπόλαυσιν
1388 798 1627 869 ἔσχομεν
1677 797 1788 852 τῶν

182 891 426 960 τροφῶν·
457 890 687 960 λαιμᾷν
709 890 820 962 γὰρ
852 890 915 943 τὸ
948 889 1374 954 ἀπολαυστικῶς
1397 889 1545 960 ἔχειν
1568 890 1786 962 εἴρηται

184 984 344 1056 παρά
367 1001 536 1040 τισιν.

1890 611 2158 684 prosiliat,
2196 610 2280 666 vel
2308 610 2464 681 quasi
2491 609 2762 680 ἀνθερὼν,
2794 609 2899 666 hoc
2925 611 3266 670 tantumdem
3301 613 3443 669 valet
3465 653 3481 678 ,

1892 720 1958 760 ac
2009 703 2054 758 si
2116 703 2328 759 obicem
2363 700 2537 769 dicas,
2580 702 2727 773 quod
2766 703 2912 770 cibo,
2938 703 3069 760 dum
3120 718 3248 760 eum
3290 705 3480 776 deglu-

1893 797 2082 862 timus,
2106 811 2176 851 ne
2202 795 2256 850 in
2286 793 2546 850 arteriam
2576 794 2802 858 incidat,
2832 796 3118 852 obstaculo
3151 804 3255 854 est.
3281 796 3484 854 Guttur

1892 897 2075 945 autem
2102 887 2318 958 λαιμὸς,
2353 888 2448 942 καὶ
2484 887 2691 958 λάρυγξ
2717 887 2915 944 dicitur
2949 889 3202 961 (utraque
3236 890 3353 946 hac
3384 906 3482 946 no-

1895 981 2041 1036 mine
2073 987 2310 1042 tantum,
2350 979 2490 1034 nihil
2534 994 2664 1034 vero
2719 996 2777 1034 re
2821 979 3160 1052 discrepant,
3207 983 3491 1052 siquidem.

183 1076 420 1147 aequalia
475 1077 662 1132 munia
701 1075 1018 1146 peragunt),
1060 1075 1212 1146 παρά
1237 1075 1301 1128 τδ
1338 1075 1635 1131 ἀπολαύειν
1680 1073 1932 1137 deducta,
1967 1071 2115 1143 quod
2184 1070 2293 1141 frui
2358 1069 2594 1137 diceres,
2661 1071 2941 1142 siquidem,
2997 1073 3164 1144 hujus
3225 1076 3476 1141 ministe:

184 1171 276 1225 rio
294 1168 678 1224 alimentorum
703 1168 893 1224 usibus
919 1166 1176 1223 fruimur.

269 1314 333 1368 Ἠ
367 1313 424 1368 δὲ
455 1312 794 1384 ὑποκειμένη
835 1313 912 1385 τῷ
951 1313 1193 1386 λάρυγγι
1237 1312 1491 1384 ἀρτηρία
1535 1311 1778 1382 τραχεῖα

181 1406 527 1478 ὠνόμασται,
551 1406 616 1459 ὲκ
637 1405 731 1459 τοῦ
757 1405 1065 1476 πνεύμονος
1104 1405 1471 1477 ἀνερχομένη,
1509 1405 1584 1468 ὡς
1614 1406 1780 1476 πόρος

1953 1305 2115 1375 Atqui
2167 1305 2368 1360 arteria
2418 1304 2534 1375 ipsa
2565 1320 2687 1376 qua
2717 1307 2920 1376 gutturi
2975 1305 3221 1376 subjecta
3269 1321 3386 1374 est,
3443 1328 3471 1366 a

1881 1397 2140 1468 pulmone
2201 1404 2381 1450 ortum
2445 1411 2714 1460 sumens,
2766 1397 2924 1466 cujus
2970 1405 3024 1451 et
3088 1408 3302 1456 meatus
3344 1410 3470 1464 est,

179 1493 320 1553 οὖσα
367 1496 561 1551 αὑτοῦ·
599 1495 871 1567 τετύχηκε
917 1497 975 1550 δὲ
1009 1495 1206 1550 τούτου
1248 1495 1343 1550 τοῦ
1374 1497 1643 1568 ὀνόματος
1682 1495 1756 1548 τοί

1881 1505 2074 1560 aspera
2126 1497 2475 1559 nuncupatur
2509 1507 2523 1543 :
2555 1503 2716 1558 quam
2753 1485 2880 1543 inde
2927 1504 3176 1559 asperam
3209 1491 3314 1546 dici
3351 1508 3474 1547 cer--

176 1589 413 1659 τραχεῖα
459 1585 753 1656 λέγεσθαι.
809 1586 1002 1658 ἐπειδὴ
1054 1585 1342 1655 σύγκειται
1390 1589 1456 1642 ὲκ
1503 1586 1756 1658 διαφόρω

1881 1590 1994 1634 tum
2048 1586 2152 1644 est,
2230 1577 2375 1648 quod
2411 1616 2425 1641 ,
2485 1593 2514 1631 a
2585 1577 2817 1632 diversis
2881 1577 3248 1648 substantiis,
3299 1597 3470 1636 mem-

177 1679 402 1744 οὐσιῶν,
442 1678 757 1751 χονδρωδῶν
783 1678 931 1748 λέγω
969 1681 1064 1732 καὶ
1094 1679 1410 1750 ύμενωδών.
1458 1679 1631 1744 Εἰδὼς
1663 1679 1756 1751 γάε

1881 1672 2120 1736 branea,
2185 1669 2408 1740 inquam
2441 1709 2457 1733 ,
2506 1668 2968 1740 cartilagincaque
3021 1673 3474 1728 constitutionem

177 1773 209 1823 ό
235 1768 501 1842 Τεχνίτης
528 1771 631 1842 τῆς
668 1770 885 1840 φύσεως
918 1772 1002 1825 ὅτι
1038 1771 1330 1842 διαφόρους
1357 1771 1549 1842 ἔμελλε
1578 1771 1756 1844 χρείας

1881 1761 2070 1818 sortita
2133 1761 2223 1817 sit.
2287 1759 2422 1816 Cum
2486 1769 2694 1815 natura
2743 1759 2978 1831 Opifex,
3040 1764 3252 1818 arteria
3310 1765 3465 1836 ipsi,

175 1861 468 1915 ἀποτελεῖν
501 1863 570 1934 τῇ
612 1879 670 1915 τε
701 1862 946 1932 ὰναπνοῇ
984 1861 1081 1914 καὶ¹
1111 1864 1178 1933 τῇ
1211 1863 1362 1933 φωνῇ
1383 1901 1397 1924 ,
1426 1863 1492 1916 ὲκ
1531 1861 1756 1934 χονδρώ-

1881 1863 2092 1919 diversa
2133 1863 2352 1933 explere
2399 1862 2621 1927 munia,
2671 1861 2900 1932 spiritus
2935 1863 3186 1920 videlicet
3225 1865 3466 1936 recipro-

173 1953 302 2018 δους
343 1953 535 2017 οὐσίας
583 1951 754 2024 αὐτὴν
795 1953 1128 2023 ὲτεχνάσατο
1171 1953 1266 2005 καὶ
1304 1951 1646 2024 ὑμενώδους,
1686 1953 1756 2006 διὲ

1890 1956 2124 2012 cationis
2173 1963 2226 2012 et
2276 1953 2578 2009 formanda
2630 1954 2780 2009 vocis
2836 1969 2974 2025 opus
3023 1970 3146 2010 esse
3219 1958 3460 2012 animad-

172 2041 278 2116 τῆν
313 2044 413 2115 τῆς
451 2043 671 2114 φωνῆς,
712 2043 789 2108 ὼς
827 2044 923 2096 ἐπὶ
967 2042 1030 2096 τὸ
1070 2042 1328 2098 πλεῖστον
1371 2044 1583 2114 χρείαν.
1628 2043 1752 2096 Ἐδε

1881 2055 2160 2111 verteret,
2211 2045 2412 2116 duplici
2477 2044 2625 2099 illam
2687 2055 2882 2100 natura
2933 2046 3287 2116 compositam
3344 2063 3465 2117 pro-

173 2136 288 2206 γάρ
315 2135 416 2204 τὴν
443 2134 627 2206 φωνὴν
661 2134 872 2206 στερεῷ
903 2153 1010 2190 τινι
1044 2133 1260 2204 σώματι
1288 2135 1653 2207 προσκρούειν
1681 2136 1756 2190 κα¹

1881 2136 2065 2200 duxit,
2098 2135 2190 2191 sed
2228 2134 2293 2190 ad
2331 2135 2434 2190 hoc
2474 2133 2772 2204 praesertim
2817 2144 2877 2188 ut
2906 2134 3054 2189 vocis
3087 2136 3208 2189 usui
3244 2135 3462 2192 suffice.

175 2226 257 2298 μὴ
287 2225 538 2297 μαλακῷο
581 2227 846 2297 ἀλαμπὴς
871 2227 979 2298 γὰρ
1008 2225 1075 2280 ἂν
1114 2225 1290 2290 οὕτως
1328 2223 1562 2295 ἐγίνετο.
1602 2227 1756 2280 Πάλιι

1883 2239 1984 2284 ret.
2009 2227 2327 2292 Enimvero,
2365 2241 2552 2281 vocem
2585 2225 2785 2295 ipsam,
2830 2225 3004 2279 solido
3031 2225 3194 2280 alicui
3218 2229 3456 2298 corpori,

169 2319 228 2369 εί
265 2319 330 2370 ἐκ
366 2316 604 2389 χόνδρων
647 2317 824 2389 μόνων
852 2318 896 2350 ⁵¹
942 2317 1256 2382 συνέκειτο,
1301 2317 1403 2370 ούκ
1446 2315 1512 2370 ἂν
1545 2316 1756 2370 ὲδύνατι

1881 2336 1996 2377 non
2040 2328 2222 2374 autem
2256 2317 2408 2374 molli
2444 2317 2671 2388 impingi
2707 2317 2972 2388 oportuit,
3009 2319 3136 2388 quia
3169 2317 3273 2373 hoc
3299 2329 3458 2389 pacto

167 2409 268 2462 ἐπὶ
303 2409 462 2464 πλέον
488 2412 534 2444 ⁸⁸
571 2409 930 2480 διασταλῆναι
967 2411 1027 2465 ὲν
1063 2413 1187 2475 ταῖς
1219 2408 1486 2481 μεγάλαις
1529 2410 1756 2478 φωναῖς,

1881 2414 1996 2468 sine
2069 2426 2207 2468 sono
2279 2420 2445 2468 esset.
2510 2408 2568 2465 Si
2649 2410 2996 2480 cartilaginea
3082 2412 3458 2470 tantummodo

168 2502 268 2558 καὶ
294 2501 584 2575 διαρκέσαι
625 2505 682 2557 ὲν
718 2505 783 2574 τῇ
812 2503 1083 2574 άναπνοῇ.
1120 2500 1232 2555 Καὶ
1259 2499 1348 2554 διὰ
1370 2499 1529 2553 τοῦτο
1561 2500 1756 2571 μεταξί

1881 2515 2074 2558 natura
2130 2501 2330 2558 arteria
2389 2509 2690 2566 constaret,
2723 2500 2836 2572 82
2863 2501 2917 2555 in
2940 2499 3281 2558 vehementis
3306 2503 3456 2560 vocis

165 2592 281 2646 τῶν
311 2593 554 2666 χόνδρων
582 2595 710 2658 τοὺς
748 2593 954 2665 ὑμένας
985 2592 1330 2647 συντέθεικεν
1353 2591 1420 2625 ⁸³⁸
1447 2591 1588 2645 ὥστε
1633 2592 1756 2655 τοὺς

1881 2593 2202 2656 emissione,
2245 2591 2497 2663 plurima
2527 2590 2692 2647 simul
2743 2591 3070 2658 extensioni,
3111 2607 3176 2650 ac
3231 2593 3458 2663 spiritus

166 2683 430 2756 χόνδρους
457 2684 558 2756 μὲν
581 2685 671 2740 διά
696 2683 796 2756 τὴν
819 2683 1024 2756 φωνὴν,
1060 2684 1188 2748 τοὺς
1215 2683 1424 2754 ὑμένας
1459 2682 1516 2736 δὲ
1540 2680 1628 2736 διὰ
1656 2682 1756 2752 τὴν

1881 2683 2300 2752 ιθοῑργοοειῑοηί,
2334 2680 2581 2737 sufficere
2611 2681 2924 2751 neutiquam
2963 2693 3170 2752 posset.
3202 2682 3314 2739 Hac
3352 2685 3455 2740 ita-

164 2776 445 2847 ἀναπνοὴν
464 2776 510 2812 ⁸⁸
534 2777 813 2847 γενέσθαι.

1881 2789 1966 2843 lue
2001 2774 2066 2827 de
2096 2787 2283 2835 causa,
2317 2772 2692 2844 cartilaginem
2719 2788 2844 2828 cum
2874 2774 3189 2830 membrana
3225 2790 3454 2847 compo-

165 2873 299 2938 suit,
330 2889 474 2945 quo,
501 2881 671 2931 altera
707 2875 927 2947 quidem
965 2874 1032 2930 ad
1055 2873 1204 2930 vocis
1241 2889 1400 2929 usum
1453 2872 1546 2937 sit,
1577 2869 1891 2926 membrana
1927 2883 2057 2925 vero
2092 2868 2438 2940 respirationi
2490 2867 3015 2924 accommodaretur.

1921 2999 2048 3058 Hac
2070 3009 2250 3057 autem
2282 3000 2509 3066 arteria,
2531 3000 2878 3056 extrinsecus
2914 3015 3139 3070 aspera;
3175 3001 3296 3070 ejus
3323 3018 3470 3057 vero.

167 3100 461 3171 ὑπαλείφει
487 3101 596 3172 γὰρ
629 3099 802 3170 αὺτῆς
818 3099 940 3154 ὅλον
961 3100 1054 3154 τὸν
1081 3099 1248 3167 πόρον
1289 3098 1436 3169 ὑμήν
1470 3112 1554 3158 τις
1583 3096 1747 3158 λεῖος,

1881 3095 2001 3162 ιιιοιι
2028 3095 2175 3150 intus
2202 3101 2306 3161 cst,
2327 3093 2648 3162 neutiquam
2668 3093 2792 3157 tale,
2809 3092 2904 3149 sed
2918 3092 3006 3148 illa
3025 3108 3090 3148 ex
3106 3105 3258 3163 parte
3275 3094 3451 3166 ipsam

166 3193 260 3247 ἵνα
283 3193 359 3265 μὴ
381 3193 805 3266 προσπίπτουσα
830 3193 864 3262 ἡ
885 3191 984 3262 τῆς
997 3191 1184 3261 φωνῆς
1203 3189 1306 3260 ὕλη
1325 3187 1658 3261 τραχύνηται
1681 3186 1749 3218 ⁸⁸·

1881 3194 2026 3240 utam
2062 3185 2205 3242 levis
2227 3184 2518 3240 admodum
2549 3184 2798 3254 quadam
2834 3185 3154 3240 membrana.
3183 3186 3353 3251 velat,
3383 3201 3452 3241 ne

167 3284 272 3356 ὕλη
294 3285 352 3338 δὲ
369 3285 554 3354 φωνῆς
575 3284 796 3354 πνεῦμά
816 3285 958 3337 ἐστι.
984 3282 1221 3353 Πλησίον
1238 3281 1298 3334 δὲ
1314 3280 1522 3349 ταύτης
1545 3278 1642 3332 καὶ
1659 3278 1688 3330 ό
1703 3277 1754 3310 ⁸⁸

1881 3278 2062 3333 cilicet
2088 3275 2335 3348 spiritus,
2362 3276 2457 3347 qui
2482 3278 2640 3349 vocis
2663 3277 2889 3332 materia
2919 3287 3036 3342 est,
3069 3279 3124 3331 in
3152 3293 3319 3349 rugas
3367 3278 3466 3333 ἰπὶ--

108 3446 111 3448 _
164 3373 471 3444 οίσοφάγος
496 3374 678 3444 ἐπάγη
707 3391 722 3405 ·
748 3375 918 3446 πόρος
945 3373 1003 3427 δέ
1033 3377 1151 3428 ἐστι
1179 3372 1276 3426 καὶ
1305 3372 1470 3436 αὐτὸς
1499 3371 1602 3441 τῆς
1651 3381 1754 3440 γαέ

1881 3367 2047 3422 :idens
2103 3381 2266 3438 asper
2312 3365 2652 3422 redderetur.
2709 3365 2815 3436 Ipsi
2864 3376 3045 3422 autem
3103 3368 3228 3436 gula
3282 3383 3451 3438 quam

170 3467 334 3538 στρὸς
362 3508 376 3534 ,
409 3469 468 3520 ὲν
497 3467 636 3537 αὐτῇ
668 3466 769 3538 τὴν
811 3465 1022 3538 τροφὴν
1072 3463 1466 3536 προσκομίζων
1492 3478 1506 3491 ·
1540 3463 1606 3516 ὲκ
1658 3461 1756 3514 τοῦ

1881 3455 2154 3526 ιίσοφάγον
2200 3455 2374 3511 Graci
2403 3455 2708 3526 appellant,
2745 3465 3027 3525 compacta
3058 3455 3318 3523 adhaeret,
3338 3459 3436 3528 qui

165 3560 269 3613 οίω
288 3559 350 3612 τὸ
370 3557 589 3628 κομίζω
613 3557 789 3619 οὕτως
813 3556 1139 3628 ὀνομασθείς
1163 3571 1178 3586 ·
1214 3555 1334 3608 ἐστι
1364 3555 1422 3608 δὲ
1464 3553 1570 3608 και
1594 3553 1756 3615 αὐτὸς

1881 3557 2072 3604 neatus
2104 3548 2174 3602 ad
2203 3547 2386 3602 alvum
2414 3547 2610 3610 tendit,
2647 3561 2743 3616 per
2781 3562 2942 3616 quem
2975 3546 3079 3617 ipsi
3122 3547 3440 3604 alimentum

165 3649 474 3720 νευρώδης,
499 3649 596 3703 καὶ
620 3645 733 3703 οἷον
757 3648 1120 3719 ὲντεροειδής.
1153 3646 1234 3700 Τὰ
1267 3647 1327 3701 δὲ
1355 3647 1692 3714 «aptaapta
1709 3644 1755 3676 ⁵⁷

1881 3638 2335 3696 subministratur.
2403 3637 2532 3693 Inde
2561 3636 2853 3706 οἰσοφάγον
2883 3639 3028 3693 dicta
3089 3639 3154 3693 ὲκ
3212 3639 3308 3694 τοῦ
3352 3641 3451 3695 οῐω

171 3742 379 3813 σαρκία
419 3742 528 3794 eici.
545 3741 594 3776 ⁸⁸
639 3739 735 3794 τοῦ
771 3740 1065 3812 φάρυγγος
1101 3737 1290 3809 μυώδη
1347 3738 1446 3792 καὶ
1470 3735 1715 3807 νευρώδη
1741 3749 1756 3764 ⁸

1881 3732 1933 3785 τὸ
1977 3730 2213 3802 κομίζω,
2256 3729 2402 3800 quod
2425 3729 2677 3784 videlicet
2701 3728 2825 3783 alvo
2852 3730 3170 3785 alimentum
3232 3731 3442 3786 afferat.

165 3832 417 3900 λέγονται
440 3832 505 3886 δὲ
527 3830 702 3895 οὕτως
723 3830 814 3885 διὰ
835 3831 896 3884 τὸ
931 3831 1118 3884 στενὸν
1148 3829 1245 3884 τοῦ
1270 3831 1329 3882 ὲν
1356 3821 1402 3897 ᾧ
1423 3829 1529 3882 είσι
1552 3828 1718 3882 τόπου
1738 3843 1753 3856 ο

240 3009 482 3080 Τραχεῖα
512 3009 611 3079 μὲν
639 3004 733 3062 οὖν
759 3010 910 3062 ἐστιν
932 3006 1154 3073 ἐξωθενο
1187 3005 1390 3060 ἔσωθεν
1415 3004 1472 3058 δὲ
1496 3004 1598 3058 οὐκ
1619 3002 1704 3056 ἐτι
1723 3018 1741 3034 ο

1870 3821 1938 3878 Et
1981 3823 2100 3893 ipsa
2136 3821 2356 3891 quidem
2410 3819 2593 3875 nervis
2621 3818 2841 3883 referta,
2889 3829 2943 3876 et
2988 3821 3148 3892 quasi
3193 3822 3452 3877 intestino

167 3925 268 3978 καὶ
296 3923 385 3978 διὰ
411 3925 475 3978 τὸ
513 3922 888 3993 παρακεῖσθαι
916 3923 995 3993 τῷ
1019 3922 1201 3994 ισθμῷ
1225 3939 1240 3954 ·
1276 3922 1490 3992 ίσθμὸς
1517 3920 1577 3976 δέ
1607 3921 1760 3974 ἐστιν

167 4016 198 4066 ό
230 4013 417 4077 στενὸς
444 4013 634 4075 τόπος,
667 4011 734 4066 δι’
763 4007 824 4066 οὗ
855 4010 1001 4065 ἐστιν
1027 4010 1163 4064 ἰέναι
1195 4011 1294 4082 τὴν
1330 4010 1502 4081 πνοήν
1528 4025 1543 4040 ·
1581 4010 1617 4080 ἡ
1647 4008 1758 4078 γὰρ

169 4103 381 4174 μεταξὺ
406 4103 564 4176 χώρα
595 4101 693 4156 τοῦ
721 4103 1018 4173 οίσοφάγου
1043 4105 1138 4156 καὶ
1177 4105 1276 4174 τῆς
1306 4103 1570 4175 τραχείας
1592 4103 1758 4172 ἀρτη-

167 4197 317 4266 ρίας,
355 4195 551 4266 ίσθμὺς
576 4194 852 4258 καλεῖται,
879 4196 1032 4264 παρά
1066 4194 1128 4248 τό
1149 4196 1195 4228 ⁸⁵
1222 4194 1289 4248 δι’
1317 4193 1484 4248 αὐτοῦ
1516 4194 1749 4247 εἰσιέναι

163 4288 237 4340 τὰ
276 4285 547 4356 βρώματα
581 4285 674 4338 καὶ
713 4285 782 4340 τὰ
815 4283 1038 4355 πόματα
1065 4284 1133 4339 ⁸ο.
1168 4284 1333 4338 Ὅθεν
1358 4283 1455 4338 καὶ
1499 4283 1757 4352 παρίσθο

158 4395 272 4448 μια
297 4377 395 4430 καὶ
431 4374 774 4442 ἀντιάδεςθί
822 4374 1098 4443 λέγονται,
1146 4374 1237 4429 διὰ
1289 4375 1350 4428 τὸ
1406 4373 1753 4435 ἀντικεῖσθαι

1858 3913 2056 3968 similis
2092 3920 2196 3968 est.
2230 3911 2336 3966 Sed
2365 3920 2420 3965 et
2452 3910 2706 3973 tonsilla,
2745 3926 2868 3981 qua
2897 3912 2968 3966 ab
2994 3912 3079 3968 his
3111 3912 3447 3983 παρίσθμια,

1861 4003 2102 4058 faucium
2153 4002 2389 4073 gutturis
2444 4002 2753 4057 caruncula
2802 4011 2968 4070 sunt,
3025 4003 3289 4060 musculis
3328 4020 3452 4058 ner-

1858 4095 2054 4166 visque
2083 4093 2324 4161 referta,
2351 4093 2666 4164 παρίσθμια
2697 4093 2768 4149 ob
2786 4094 2888 4148 loci
2919 4095 3222 4165 angustiam
3255 4095 3309 4149 in
3341 4111 3451 4165 quo

1859 4184 2174 4241 consistunt
2205 4184 2364 4240 diota
2396 4183 2543 4253 quod
2577 4182 2764 4238 isthmi
2804 4182 3220 4238 similitudinem
3253 4198 3452 4251 repra-

1860 4284 2114 4342 sentent;
2149 4289 2276 4330 nam
2307 4275 2542 4331 isthmos
2563 4282 2830 4344 angustus
2855 4274 3010 4330 locus
3031 4282 3134 4339 est,
3159 4289 3259 4344 per
3286 4290 3449 4344 quem

1859 4369 2108 4439 spiritus,
2141 4367 2292 4422 intus
2351 4383 2418 4423 ac
2447 4374 2623 4432 extra,
2665 4367 3025 4436 reciprocatio
3059 4374 3226 4422 meat.
3263 4367 3448 4437 Siqui-

161 4468 442 4538 ἀλλήλοις.
495 4466 654 4530 Τινὲς
717 4465 777 4518 δὲ
832 4467 926 4520 καὶ
971 4465 1213 4536 ⁶βράγχη
1269 4465 1528 4519 καλοῦσιν
1586 4465 1751 4519 αὐτά¹

183 4560 402 4616 ἐκεῖθεν
429 4557 540 4630 γάρ
568 4559 668 4612 καὶ
692 4558 755 4612 τὺ
803 4557 1071 4629 βραγχιᾷν
1124 4557 1298 4622 πάθος
1345 4557 1582 4626 γίνεται.
1638 4558 1757 4611 Πᾶν

1859 4470 2005 4536 dem,
2051 4468 2260 4538 capedo
2291 4467 2466 4523 media
2517 4468 2659 4522 inter
2687 4468 2867 4536 gulam
2910 4477 2966 4522 et
3007 4482 3256 4537 asperam
3305 4475 3454 4524 arte.

1860 4563 1998 4617 riam
2042 4561 2280 4615 isthmos
2321 4559 2543 4625 dicitur,
2594 4558 2703 4613 ἀπὸ
2742 4557 2838 4613 τοῦ
2865 4559 3112 4622 εἰσιέναι,
3156 4558 3304 4629 quod
3354 4572 3454 4628 per

180 4651 294 4722 γὰρ
324 4650 492 4722 ὑγρὸν
510 4651 574 4723 εκ
596 4649 903 4721 φάρυγγος,
931 4650 1027 4703 καὶ
1059 4649 1358 4720 λάρυγγος,
1384 4649 1478 4702 καὶ
1499 4647 1755 4720 βραγχῶν

1884 4664 2042 4720 psum
2074 4647 2326 4704 videlicet
2354 4663 2478 4718 qua
2530 4662 2630 4702 esu
2671 4654 2912 4717 potuqne
2937 4655 3252 4712 sumuntur,
3303 4648 3453 4702 intus

163 4742 428 4811 φέρεται’
456 4741 565 4795 sici.
610 4740 667 4793 δὲ
721 4739 790 4792 τὰ
839 4739 1057 4812 βράγχη
1087 4739 1133 4772 ⁸³
1186 4738 1388 4809 σαρκία
1422 4738 1634 4810 μυώδη.
1684 4739 1747 4791 'H

1881 4739 2228 4811 ngrediantur
2259 4753 2325 4795 ac
2365 4747 2671 4808 penetrem.
2728 4739 2929 4795 Adhac
2974 4747 3154 4794 autem
3199 4739 3450 4822 tonsilia,

165 4835 319 4888 πᾶσα
365 4833 548 4887 τοίνυν
573 4831 670 4886 τοῦ
711 4831 980 4902 στόματος
1031 4830 1187 4903 χώρα
1231 4831 1470 4902 φάρυγξ
1520 4831 1740 4901 λέγεται

1886 4847 1970 4888 ttae
2014 4841 2070 4888 et
2127 4829 2472 4904 παρίσθμια,
2514 4830 2609 4884 καὶ
2676 4830 2958 4896 ἀνθιάδες,
3004 4830 3162 4902 quasi
3220 4832 3450 4888 invicem

165 4925 263 4977 xu).
289 4923 523 4993 λάρυγξ
546 4941 561 4957 ο
598 4925 661 4978 τὸ
691 4925 790 4996 μὲν
819 4923 1090 4993 ἐσώτερον
1122 4923 1356 4992 λάρυγξ
1376 4964 1391 4990 ,
1424 4924 1485 4980 τὸ
1515 4923 1574 4979 δὲ
1613 4922 1748 4990 ἐξώο

1881 4925 2210 4982 ιὰνθτεδηιοε
2273 4925 2385 4980 sint
2431 4923 2732 4980 dicuntur:
2788 4926 3101 4980 caruncula
3147 4925 3292 4980 enim
3350 4925 3456 4980 illa

161 5033 321 5088 τερον
360 5015 646 5086 φάρυγξ»

1884 5033 1915 5071 x
1959 5017 2190 5073 adverso
2221 5015 2451 5071 invicem
2492 5016 2822 5072 consistunt.
2865 5015 3004 5072 Sunt
3029 5017 3123 5088 qui
3161 5033 3255 5073 eas
3288 5019 3451 5074 bran-

164 5112 319 5168 chias
383 5112 820 5179 dictitant;inde
883 5111 1028 5167 enim
1056 5112 1239 5183 passio
1306 5127 1428 5182 qna
1501 5113 1739 5169 raucedo
1816 5114 2119 5184 appellatur
2171 5113 2438 5184 originem
2480 5113 2667 5169 trahit.
2737 5112 2949 5169 Etenim
3005 5115 3186 5170 omnis
3257 5115 3453 5170 humor

163 5218 232 5256 ex
275 5201 526 5259 faucibus
578 5202 814 5275 gutturis
866 5212 922 5259 et
965 5217 1033 5258 ex
1111 5211 1329 5273 gutture
1367 5204 1486 5274 ipso
1515 5246 1530 5270 ,
1586 5220 1797 5260 necnon
1839 5221 1906 5260 ex
1951 5205 2228 5261 branchiis
2287 5204 2480 5261 fertur.
2535 5205 2820 5260 Branchia
2889 5213 3107 5269 autem,
3181 5221 3452 5262 caruncu-

164 5297 232 5352 la
261 5298 586 5354 musculosa
609 5306 740 5354 sunt
806 5297 998 5354 Omnis
1027 5299 1212 5368 itaque
1264 5299 1377 5354 oris
1451 5299 1694 5370 capedo,
1741 5301 1980 5370 gutturis
2021 5300 2207 5356 fauces
2257 5310 2310 5356 et
2383 5308 2569 5371 guttur
2623 5309 2992 5370 nuncupatur.
3035 5299 3191 5366 Quod
3231 5301 3451 5372 quidem

166 5391 344 5463 magis
378 5391 526 5448 intus
591 5393 794 5463 vergit,
863 5403 1070 5464 guttur,
1101 5393 1245 5464 quod
1287 5409 1417 5450 vero
1448 5395 1687 5452 exterius
1717 5406 1819 5462 est,
1862 5397 2047 5453 fauces
2076 5396 2313 5477 gutturis
2331 5403 2475 5452 recte
2492 5395 2718 5473 quilibet
2747 5396 2929 5452 dicere
2957 5385 3139 5467 queat.

238 5706 381 5781 πρὸ
410 5707 719 5781 ἀπολαύειν.
756 5709 816 5762 Β.
888 5710 934 5781 ξι
981 5709 1142 5781 μόνον
1173 5711 1234 5765 Β.
1312 5711 1356 5744 ⁸¹
1400 5711 1582 5766 πλεῖον
1619 5713 1702 5781 Β,
1757 5713 1802 5743 ⁸³
1835 5710 2134 5781 συνέθηκεν
2169 5712 2230 5776 B,
2262 5712 2405 5767 ὲνέθ.
2435 5711 2493 5766 Ρ.
2587 5710 2632 5743 ⁸⁸
2658 5710 2935 5779 ἀναπνοὴν
2966 5710 3029 5761 Α.
3124 5706 3444 5781 ⁵⁵Ϋπαχύνησ

163 5793 273 5852 σιτςιιιΔ
300 5776 361 5833 Β.
436 5779 483 5852 _"
517 5781 545 5852 ό
585 5793 694 5852 om.
734 5781 823 5852 A._
887 5779 930 5809 "
964 5776 1294 5852 παρίσθιμια
1334 5783 1398 5836 Α.
1475 5783 1522 5814 ⁸⁸
1552 5784 1667 5834 ἐστι
1694 5780 1753 5834 Β.
1829 5784 1874 5816 ⁸³
1907 5776 2096 5837 τούἈ.
2175 5784 2220 5815 ⁸⁸
2247 5783 2313 5835 τὰ
2350 5782 2490 5835 ποτά
2517 5799 2570 5835 κ.
2599 5799 2646 5836 τ.
2689 5776 2971 5852 βρώμᾏΒ.
3053 5781 3095 5811 ⁸⁸
3140 5780 3197 5833 ai
3231 5776 3349 5831 ἀντ.
3387 5776 3446 5834 Β.

168 5848 214 5880 ⁸⁸
247 5846 483 5920 βραγχία
514 5849 558 5902 Δ
593 5849 656 5902 Ρ.
691 5858 745 5904 ct
783 5850 860 5906 sic
883 5846 1065 5919 supra.
