3842 6400
402 347 542 410 1205

1705 347 1983 404 ιιειετιι
2027 346 2336 404 MONACiIl
2393 377 2395 380 ‹

3512 341 3654 398 1208

400 474 516 515 rem
557 457 794 516 viviiicat
838 469 1003 533 atque
1065 460 1351 518 instaurat.
1395 459 1462 518 Et
1512 477 1638 520 cum
1681 464 1796 535 ipsa
1839 481 1969 519 sana

2078 466 2154 525 είς
2183 462 2245 515 τὸ
2269 461 2365 531 ζῇν
2391 457 2570 522 καλῶς
2596 460 2709 524 τοῖς
2732 455 2894 524 ζώοις
2913 459 2960 492 ⁸⁵
2986 458 3358 530 συμϐάλλεται
3375 471 3390 486 '
3425 455 3670 527 βεϐλαμ-

399 550 696 620 valensque
744 547 928 615 fuerit,
952 550 1254 621 plurimum
1284 549 1519 616 confert,
1573 553 1654 610 uti
1681 553 1973 608 incolumis

401 639 717 694 animalium
759 639 871 694 vita
911 651 1196 708 servetur;
1231 657 1356 696 cum
1402 657 1534 696 vero
1577 637 1970 698 'detrimentum

397 731 624 798 patitur,
679 730 797 799 ipsa
840 729 1100 785 animalia
1157 732 1357 786 mirum
1394 732 1450 786 in
1488 733 1711 789 modum
1764 734 1972 788 laedun-

399 828 489 874 tur
529 829 1058 892 praevertunturque.
1102 822 1312 879 Causas
1357 823 1520 895 igitur
1560 825 1974 894 respirationem

398 921 741 979 generantes,
759 911 1080 968 efficientem
1097 913 1364 980 videlicet,
1389 916 1744 981 materialem,
1768 916 1972 969 instru-

400 1002 711 1068 mentalem,
731 1002 1077 1073 iiualemque,
1099 1019 1343 1075 quaerere
1362 1021 1499 1075 opus
1522 1014 1624 1060 est.
1645 1004 1710 1059 Et
1726 1006 1966 1076 quidem,

394 1092 642 1148 efﬁciens
664 1094 784 1163 ejus
800 1109 984 1161 causa,
1008 1094 1206 1149 animai
1225 1094 1452 1150 facultas
1469 1104 1570 1160 est,
1589 1095 1732 1149 unde
1750 1110 1972 1150 muscu-

401 1181 471 1238 lis
496 1185 742 1254 corporis
763 1194 942 1240 motus
960 1187 1434 1254 subministratur;
1451 1187 1748 1242 materialis
1765 1195 1970 1254 autem,

399 1271 759 1343 ingredientis
801 1278 1156 1347 exeuntisque
1203 1278 1426 1348 spiritus
1488 1277 1848 1348 reciprocatio
1879 1277 1976 1330 lia-

400 1361 596 1429 betur;
649 1365 1079 1422 instrumentalis
1130 1363 1290 1434 vero,
1334 1377 1548 1439 septum
1599 1379 1971 1424 transversum

2077 551 2256 622 μένως
2271 549 2315 581 ⁸⁷
2350 548 2408 602 δὲ
2441 548 2818 619 διακειμένης,
2868 550 3096 620 σφάλλει
3133 549 3200 603 τὰ
3229 548 3366 615 ζῶα,
3399 550 3502 602 καὶ⁵
3547 548 3670 600 δια-

2076 639 2291 710 φθείρει
2321 637 2480 693 αὐτά.
2513 639 2882 710 Γενεσιουργὰ
2918 640 2975 694 δὲ
3023 641 3177 695 αἴτια
3225 639 3328 712 τῆς
3377 640 3668 706 ἀναπνοῆς

2073 730 2317 801 τέσσαρα
2347 730 2428 782 δεῖ
2472 730 2689 800 ζητεῖν·
2720 731 3038 802 πονητικδν,
3084 731 3293 796 ὑλικὸν,
3341 730 3669 802 ὀργανικὸν,
3779 773 3781 782 ι

2075 822 2310 876 τελικόν.
2340 823 2451 876 Kal.
2480 823 2764 892 ποιητικὸν
2786 823 2958 878 αἴτιον
2982 823 3082 894 τῆς
3111 825 3408 894 ἀναπνοῆς,
3434 827 3473 894 ἡ
3498 822 3671 875 δύναο

2081 929 2170 981 μις
2200 909 2300 981 τῆς
2337 909 2538 980 ψυχῆς,
2561 913 2595 982 ἡ
2634 910 2863 964 κινοῦσα
2903 911 3030 974 τοὺς
3073 909 3217 980 μῦας
3244 910 3334 962 τοῦ
3365 909 3633 980 σώματος
3651 922 3666 935 ⁸

2079 1003 2263 1058 ὑλικὸν
2291 1002 2370 1070 δὲ,
2402 1003 2534 1056 αὐτὸ
2574 1003 2634 1056 τὸ
2671 1003 3060 1074 εἰσπνεόμενον
3085 1003 3181 1056 καὶ
3218 1003 3598 1071 ὲκπνεόμενον
3624 996 3670 1029 ⁸³

2077 1097 2326 1168 πνεῦμα”
2351 1096 2565 1149 τελικὸν
2609 1095 2666 1149 δὲ
2715 1098 2750 1166 ἡ
2783 1096 2942 1166 χρεία
2967 1112 2982 1126 ο
3015 1095 3164 1165 διττὴ
3204 1095 3263 1148 δὲ
3295 1094 3435 1162 αύτή
3453 1095 3506 1124 ⁹⁹
3534 1108 3550 1120 ο
3584 1090 3673 1142 διὰ

2079 1188 2181 1260 μὲν
2230 1188 2330 1257 τῆς
2372 1188 2650 1258 εἰσπνοῆς,
2702 1187 2917 1256 εἰσάγει
2967 1186 3211 1256 καθαρὸν
3252 1185 3344 1238 τὸν
3370 1185 3542 1255 ἀέρα,
3575 1181 3672 1234 καὶ

2078 1278 2315 1349 ἐμψύχει
2362 1277 2423 1331 τὸ
2470 1277 2712 1348 ἔμφυτον
2760 1277 3000 1348 θερμόν⁶
3045 1276 3133 1330 διὰ
3160 1275 3218 1330 δὲ
3252 1276 3351 1346 τῆς
3385 1271 3670 1342 ἐκπνοῆς,

2080 1367 2267 1436 ἐξάγει
2297 1366 2366 1420 τὰ
2393 1365 2662 1436 λιγνυώδη
2701 1365 3114 1437 περιττώματα.

399 1463 456 1509 et
499 1456 669 1511 costis
716 1457 1024 1512 intermedii
1073 1461 1332 1526 musculi,
1376 1469 1431 1516 et
1480 1460 1576 1531 qui
1626 1461 1826 1516 excelsi
1879 1459 2158 1525 dicuntur;
2223 1455 2406 1510 ﬁnalis
2469 1471 2598 1510 vero
2625 1466 2732 1522 est,
2800 1471 2936 1511 usus
2979 1455 3075 1525 qui
3146 1453 3344 1524 duplex
3392 1451 3670 1512 habetur;

400 1556 456 1602 et
498 1539 636 1602 alter
689 1549 931 1619 quidem,
986 1566 1114 1606 cum
1185 1568 1381 1623 purum
1421 1569 1547 1609 aera
1611 1554 1680 1610 ad
1740 1553 1999 1608 interiora
2072 1550 2308 1607 admittit
2352 1557 2404 1603 et
2452 1547 2679 1602 insitum
2714 1547 2961 1604 calorem
3004 1545 3278 1611 viviﬁcat,
3326 1545 3466 1598 alter
3514 1557 3670 1604 vero,

401 1654 523 1694 cum
557 1648 708 1694 extra
735 1640 1030 1710 egreditur,
1056 1650 1111 1698 et
1131 1652 1474 1701 excrementa
1505 1644 1719 1699 fumosa
1751 1644 1971 1700 emittit.

475 1731 581 1786 Sed
611 1741 664 1786 et
691 1731 758 1786 ad
788 1733 1039 1790 animalis
1068 1737 1294 1806 spiritus
1327 1737 1829 1808 alimentum,quod
1861 1739 1969 1794 sola

2149 1732 2324 1805 Χρεία
2361 1732 2418 1786 δὲ
2447 1731 2540 1785 καὶ
2578 1730 2660 1792 είς
2696 1727 2889 1800 θρέψιν
2918 1726 3013 1783 τοῦ
3043 1725 3275 1797 ψυχικοῦ
3307 1724 3673 1793 πνεύματος.

403 1829 614 1876 tantum
667 1824 1029 1893 respiratione
1081 1826 1164 1895 fit,
1215 1827 1328 1898 ipsa
1381 1828 1607 1899 spiritus
1666 1829 1975 1900 reciproca~

403 1913 553 1968 tione
586 1927 724 1983 opus
757 1924 842 1970 est
878 1935 894 1972 :
924 1916 1193 1987 siquidem
1219 1934 1338 1984 cor,
1359 1935 1472 1990 prae
1515 1919 1601 1974 sui
1633 1921 1973 1984 extensione,

405 2004 549 2058 aeris
588 2007 881 2074 quamdam
929 2011 1233 2079 portionem
1269 2011 1419 2067 intus
1472 2013 1720 2077 attrahit,
1765 2021 1821 2068 et
1861 2015 1975 2082 spi-

403 2093 536 2147 ritui
575 2095 823 2162 animali,
857 2097 1016 2167 cujus
1049 2099 1102 2154 in
1139 2116 1198 2155 se
1233 2100 1352 2171 ipso
1402 2102 1558 2158 sedes
1610 2111 1713 2168 est,
1748 2103 1975 2159 alimen-

407 2192 521 2240 tum
574 2189 837 2258 suggerit,
883 2198 938 2244 et
965 2191 1142 2262 ipsum
1180 2193 1248 2247 ad
1288 2209 1447 2250 usum
1485 2195 1750 2250 naturalis
1779 2194 1976 2250 caloris

406 2291 506 2332 ceu
563 2277 619 2332 in
667 2284 1043 2351 promptuario
1089 2285 1373 2340 conditum
1410 2296 1611 2342 servat.
1650 2285 1981 2342 instrumen-

408 2365 532 2422 talis
569 2377 750 2424 autem
781 2371 1158 2442 respirationis
1193 2375 1512 2446 86causa,
1549 2385 1762 2446 septum
1799 2387 1978 2432 trans-

415 2473 659 2523 versum,
689 2449 1044 2534 musculique.
1097 2467 1266 2523 costis
1296 2467 1622 2534 intermedii,
1647 2483 1714 2524 ac
1745 2469 1980 2525 musculi

411 2550 506 2622 qui
521 2551 721 2607 excelsi
739 2552 999 2610 dicuntur
1016 2555 1288 2616 exsistunt
1310 2575 1326 2624 ;
1345 2559 1399 2614 in
1417 2559 1618 2629 quibus
1634 2575 1758 2616 cum
1793 2562 1976 2632 aliqua

409 2643 479 2697 ex
512 2649 666 2713 parte
711 2645 991 2713 perversio
1009 2646 1067 2699 [it
1088 2686 1104 2712 ,
1141 2649 1518 2719 respirationis
1542 2650 1834 2707 difficultas
1850 2654 1978 2708 sub-

408 2733 678 2804 sequitur.
738 2733 1012 2805 Quidnam
1063 2747 1246 2794 autem
1278 2740 1659 2811 respirationis
1685 2741 1977 2800 difﬁcultas

409 2821 501 2886 sit,
530 2837 598 2880 ac
615 2837 725 2894 quo
756 2831 914 2894 pacto
957 2823 1072 2890 ﬁat,
1091 2835 1332 2895 quotque
1379 2826 1500 2897 ejus
1532 2827 1852 2884 discrimina
1883 2829 1981 2884 ba-

2073 1827 2197 1898 ἥτις
2225 1826 2440 1894 γίνεται
2473 1822 2562 1875 διὰ
2611 1821 2782 1891 μόνης
2821 1821 2920 1886 τῆς
2945 1819 3227 1888 ἀναπνοῆς
3247 1835 3262 1850 ο
3301 1818 3534 1870 ἕλκεται
3564 1819 3676 1886 γάρ

2071 1935 2156 1980 τις
2187 1917 2348 1988 ἀέρος
2377 1917 2544 1984 μοῖρα
2575 1912 2718 1968 κατὰ
2747 1912 2845 1974 τὰς
2877 1912 3166 1974 διαστολὰς
3197 1910 3296 1980 τῆς
3321 1909 3568 1979 καρδίας
3592 1909 3675 1972 εἰς

2074 2007 2267 2079 αὐτὴν,
2302 2006 2400 2060 καὶ
2427 2006 2619 2077 τρέφει
2648 2004 2708 2056 τὸ
2736 2003 2966 2073 ψυχικὸν
2991 2002 3214 2072 πνεῦμα
3240 2002 3302 2055 τὸ
3333 2003 3394 2054 ἐν
3425 2003 3498 2070 τῇ
3528 2016 3678 2069 acap-

2073 2097 2193 2169 8iqt°
2225 2096 2319 2148 καὶ
2340 2093 2692 2163 διαφυλάττει
2721 2091 2855 2144 αύτδ
2884 2092 2964 2154 είς
2989 2089 3090 2161 τὴν
3125 2089 3268 2142 κατα
3294 2087 3462 2156 φύσιν
3499 2084 3674 2138 αὑτοῦ

2075 2187 2409 2258 θερμότητα.
2446 2183 2772 2256 Ὀργανικδν
2801 2182 2856 2236 δέ
2881 2184 3030 2236 ὲστιν
3057 2182 3230 2234 αῐτιον
3262 2181 3364 2250 τῆς
3382 2177 3678 2246 ἀναπνοῆς

2075 2280 2136 2334 τὸ
2159 2279 2506 2350 διάφραγμα,
2535 2277 2635 2330 καὶ
2666 2277 2715 2329 0i
2751 2272 3140 2346 μεσοπλεύριοι
3178 2270 3331 2342 μῦες,
3365 2271 3464 2323 καὶ
3500 2269 3556 2321 οἱ
3589 2268 3675 2319 Lt-

2077 2372 2299 2441 γόμενοι
2327 2367 2522 2439 ὑψηλοί
2545 2384 2558 2396 ·
2599 2359 2674 2420 ὧν
2707 2365 2854 2420 κατὰ
2876 2382 2930 2418 τι
2957 2362 3308 2435 τρεπομένων
3338 2359 3677 2413 συνίσταται

2075 2463 2364 2537 δύσπνοια.
2394 2458 2461 2512 Τί
2487 2457 2544 2512 δέ
2572 2458 2690 2511 ἐστι
2717 2456 2980 2510 δύσπνοια
2999 2471 3012 2483 ·
3042 2455 3135 2507 καὶ
3166 2451 3284 2515 πῶς
3314 2451 3672 2504 συνίσταται·

2079 2554 2173 2609 καὶ
2197 2553 2361 2608 πόσαι
2407 2550 2615 2620 ταύτης
2645 2547 2938 2620 διαφοραὶ,
2974 2547 3036 2600 οὐ
3079 2547 3178 2616 τῆς
3201 2543 3498 2616 παρούσης
3546 2542 3677 2594 σκέ-

2076 2646 2224 2717 ψεως
2253 2647 2450 2699 εἰπεῖν.
2476 2641 2697 2698 Μᾶλλον
2724 2640 2782 2694 δὲ
2818 2640 2951 2710 περὶ
2978 2637 3074 2691 τοῦ
3110 2636 3346 2708 στήθους
3373 2634 3676 2703 διερευνήο

2081 2755 2286 2808 σωμεν,
2335 2735 2434 2790 καὶ
2473 2734 2606 2807 περὶ
2656 2734 2756 2806 τῆς
2801 2730 3051 2785 ἐντεῦθεν
3100 2731 3235 2800 ἡμῖν
3293 2723 3676 2798 πηγαξούσης

2081 2829 2424 2903 εὐεργεσίας.

405 2916 660 2982 beantur,
689 2917 746 2972 in
782 2919 1070 2989 praesentia
1098 2919 1370 2990 explicare
1403 2937 1510 2978 non
1551 2905 1770 2978 attinet.
1790 2922 1862 2977 At
1903 2923 1970 2978 de
2041 2932 2259 2994 pectore
2313 2922 2517 2994 potius,
2564 2919 2740 2990 deque
2792 2915 3095 2975 commodis
3139 2913 3672 2980 emolumentisqne,

407 3027 531 3084 quis
543 3013 675 3070 inde
690 3014 847 3074 nobis
874 3015 1221 3084 proveniunt,
1243 3015 1665 3088 disputationem
1696 3019 2094 3090 aggrediamur.

858 3123 991 3194 Cap.
1024 3124 1164 3182 Xlll.
1208 3126 1282 3181 De
1299 3138 1526 3198 pectore.

474 3255 676 3310 Pectus
705 3271 736 3311 α
764 3254 969 3312 Graecis
1019 3257 1235 3328 στῆθος,
1281 3261 1374 3314 καὶ
1403 3261 1645 3332 στέρνον,
1675 3261 1770 3316 καὶ
1796 3261 1977 3334 θώραξ

406 3354 775 3416 nuncupatur,
818 3347 920 3403 etsi
979 3363 1010 3404 a
1080 3349 1357 3406 nonnullis
1409 3351 1526 3408 haec
1575 3351 1888 3409 dividantur
1925 3363 1980 3410 et

410 3436 633 3509 στέρνον
661 3436 879 3509 quidem
913 3439 982 3494 ob
1009 3440 1062 3495 id
1096 3440 1307 3508 dicunt,
1336 3442 1424 3496 διὰ
1454 3443 1515 3498 τὸ
1561 3446 1800 3518 στερεόν,
1830 3449 1974 3517 quod

348 3522 353 3526 ’
406 3527 642 3583 solidum
678 3544 799 3585 esse
820 3530 1157 3600 explicares;
1222 3533 1416 3606 στῆθος
1468 3549 1599 3591 vero
1619 3536 1752 3591 διότι
1780 3538 1977 3609 ἕστηκε

404 3617 720 3687 ἀσάλευτον,
754 3635 819 3677 ex
856 3636 922 3677 eo
938 3623 1082 3694 quod
1107 3623 1384 3681 immobile
1406 3626 1670 3683 consistat
1702 3629 1972 3687 dixerunt.

403 3711 476 3766 At
496 3712 586 3766 alii
611 3711 680 3768 ab
714 3727 804 3780 eo,
829 3713 960 3768 illud
993 3715 1140 3784 quod
1175 3716 1229 3771 in
1260 3717 1420 3773 nobis
1456 3718 1740 3788 imperium
1768 3722 1978 3779 obtinet

403 3801 604 3857 ibidem
621 3803 858 3873 positum
884 3803 989 3871 sit,
1018 3805 1143 3861 inde
1168 3804 1248 3873 ﬁt,
1266 3815 1328 3862 ut
1345 3823 1471 3864 cum
1492 3808 1973 3882 damnoquispiam

403 3893 640 3963 aliquem
669 3892 888 3949 afﬁcere
914 3895 1118 3961 studet,
1143 3897 1199 3951 in
1229 3907 1450 3967 pectore
1475 3909 1674 3965 verset,
1713 3902 1860 3972 quod
1898 3903 1974 3958 illi

401 3983 480 4039 ita
495 3983 685 4039 dicunt
713 4003 729 4040 :
753 3984 978 4039 Στεῦταί
1004 4004 1088 4052 τις
1112 3987 1355 4059 λωσῆσαί
1385 4006 1445 4043 σε
1460 4007 1476 4058 ;
1493 3990 1608 4047 sive
1630 3991 1876 4056 σιτίωθος
1891 3992 1978 4048 di-

401 4075 568 4143 citur,
603 4076 747 4146 quod
774 4075 1027 4133 videlicet
1059 4078 1216 4134 cibus
1253 4094 1348 4150 per
1381 4080 1558 4152 ipsum
1604 4084 1973 4154 propinquum

401 4166 459 4222 in
496 4174 738 4222 ventrem
776 4166 1091 4236 impellitur.
1131 4167 1326 4240 Θώραξ
1379 4185 1508 4225 vero
1553 4165 1665 4226 οἷον
1688 4172 1831 4242 ὅρος,
1881 4173 1975 4226 καὶ

399 4253 577 4326 φύλαξ
601 4255 695 4309 τοῦ
721 4254 922 4328 θερμοῦ
953 4266 1320 4327 nuncupatur,
1337 4258 1494 4329 quasi
1518 4259 1664 4329 quod
1687 4259 1970 4323 terminus.

399 4357 697 4416 custosque
737 4345 939 4401 caloris
984 4361 1051 4402 ex
1086 4356 1358 4412 movente,
1413 4349 1696 4405 exsiliente
1719 4348 1973 4404 videlicet

2008 3115 2055 3173 (Σ.

2344 3130 2490 3197 Κεφ.
2530 3125 2632 3182 11".
2663 3156 2733 3167 —
2765 3125 2906 3194 Περὶ
2935 3123 3044 3178 τοῦ
3088 3121 3373 3190 θώρακος.

2148 3263 2225 3318 Τδ
2251 3261 2478 3333 στῆθος
2505 3261 2726 3328 λέγεται
2765 3258 2864 3314 καὶ
2903 3257 3182 3326 στέρνον,
3216 3254 3312 3308 καὶ
3338 3251 3550 3320 θώραξ
3571 3266 3586 3278 ·
3621 3252 3671 3302 ει

2075 3355 2170 3410 καί
2204 3371 2349 3418 τινες
2385 3352 2690 3427 διαιροῦσιν
2717 3350 2888 3406 αὑτά·
2930 3348 3072 3420 πλὴν
3109 3345 3370 3414 στέρνον
3411 3343 3540 3414 μὲν,
3580 3342 3670 3394 διὸ

2076 3449 2139 3503 τὸ
2170 3446 2418 3518 στερεόν
2450 3445 2546 3498 καὶ
2572 3442 2819 3512 στῆθος,
2854 3439 3009 3511 παρὰ
3038 3439 3100 3493 τὸ
3123 3436 3256 3494 αὐτό
3275 3451 3291 3466 °
3324 3435 3464 3490 διότι
3492 3435 3668 3501 ιστη-

2077 3554 2173 3593 κεν
2200 3537 2498 3593 ἀσάλευτον
2519 3550 2535 3567 ο
2565 3534 2718 3588 ἄλλοι
2745 3533 2824 3597 δὲ,
2848 3533 2932 3586 ὅτι
2956 3532 3016 3584 ὲν
3045 3528 3193 3600 αὐτῷ
3227 3527 3292 3581 τδ
3318 3525 3667 3597 ἡγεμονικὸν

2076 3630 2311 3701 ἔστηκεν
2329 3647 2343 3661 ·
2373 3629 2433 3695 ἐξ
2460 3621 2523 3681 οῦ
2545 3627 2664 3689 καὶ,
2689 3624 2940 3680 Στεῦται
2967 3640 3061 3690 τις
3087 3620 3364 3690 λωϐἧσαι
3391 3634 3491 3672 σε·
3527 3612 3667 3680 οἷον,

2076 3723 2136 3776 έν
2182 3722 2296 3785 τοῖς
2345 3718 2570 3791 στήθεσι
2603 3715 2894 3772 διανοεῖταί
2945 3732 3034 3778 τις
3078 3713 3336 3782 ἀδικῆσαι
3368 3710 3405 3779 ἢ
3452 3707 3671 3778 βλάψαι

2077 3832 2160 3883 σε,
2197 3815 2276 3878 ώς
2315 3813 2410 3868 καὶ
2444 3813 2569 3885 παρ’
2601 3811 2857 3882 Ὁμήρῳ,
2881 3805 3110 3876 Στῆθος
3137 3804 3208 3858 δὲ
3229 3801 3478 3868 πλήξας
3518 3816 3668 3868 καρ-

2074 3906 2245 3975 δίην-⁸
2275 3906 2542 3974 ἠνίπαπε
2563 3903 2732 3973 μύθῳ
2752 3906 2854 3971 (o)'
2883 3899 2917 3971 ἢ
2951 3899 3034 3953 ὅτι
3055 3897 3122 3950 δι’
3144 3894 3330 3960 αὐτοῦ,
3363 3894 3398 3963 ἢ
3424 3892 3670 3962 πλησίον

2075 3996 2262 4060 αὐτοῦ,
2285 3997 2356 4050 τὰ
2377 3996 2523 4050 σιτία
2545 3993 2841 4048 διωθεῖταιο
2865 3984 2976 4045 οἷον
3010 3987 3279 4050 σιτίωθος.
3319 3983 3534 4053 Θώραξ
3557 3983 3619 4036 δὲ
3645 4022 3663 4046 ,

2074 4082 2186 4143 οἷον
2217 4086 2402 4159 ώρδς¹
2437 4086 2532 4140 καὶ
2561 4082 2736 4155 φύλαξ
2761 4081 2857 4136 τοῦ
2893 4077 3122 4150 θερμοῦ,
3154 4078 3188 4150 ἢ
3239 4077 3341 4147 τῆς
3386 4075 3661 4147 ὀρούσης.

2074 4181 2195 4250 ἦτοι
2225 4179 2487 4253 πηδώσης
2525 4177 2782 4248 καρδίαςο
2807 4174 2843 4246 ἢ
2875 4172 2971 4227 τοῦ
3007 4171 3156 4226 θείου
3179 4169 3273 4222 καὶ
3310 4165 3663 4238 ἡγεμονικοῦ

2072 4272 2174 4344 τῆς
2213 4271 2415 4343 ψυχῆς,
2449 4269 2546 4324 τοῦ
2595 4265 2850 4339 θυμικοῦο
2888 4260 3002 4320 οἷον
3039 4261 3260 4333 θειόραξ
3293 4259 3316 4291 ³
3349 4274 3366 4290 ⁶
3412 4257 3448 4328 ἢ
3475 4258 3503 4288 δ
3555 4257 3666 4311 ἀπὺ

2073 4362 2169 4418 τοῦ
2220 4364 2330 4416 πᾶν
2380 4362 2614 4431 πρᾶγμα
2645 4357 2914 4413 κινεῖσθαι
2959 4355 3051 4410 διὰ
3094 4353 3191 4408 τοῦ
3248 4349 3662 4423 περιεχομένου

397 4437 564 4493 corde
581 4439 971 4508 provenieutis,
1028 4438 1415 4494 babeatur.Vel
1471 4439 1689 4512 θυώραξ
1745 4441 1968 4505 dicitur,

2078 4454 2242 4509 τόπου
2266 4451 2373 4506 ὑπὸ
2396 4451 2498 4522 τῆς
2517 4451 2767 4523 καρδίας,
2789 4447 3120 4521 ἡγεμονικοῦ
3149 4446 3300 4508 ὄντος
3317 4458 3332 4472 ⁸
3356 4436 3500 4506 οἷον,
3526 4439 3665 4510 θεώ-

398 4527 451 4582 id
497 4535 583 4583 est
625 4530 721 4600 qui
764 4529 1026 4599 impetum
1074 4539 1315 4595 movent.
1363 4533 1642 4602 quoniam,
1695 4547 1822 4587 cum
1870 4533 1974 4587 ira-

395 4619 605 4676 scibilis
642 4622 842 4676 animae
886 4623 972 4677 vis
1016 4622 1071 4676 in
1099 4622 1596 4690 corde'consistat,
1628 4624 1697 4679 ab
1736 4624 1856 4694 ipso
1885 4637 1974 4694 pe-

395 4721 569 4779 ctore,
599 4711 745 4782 quod
774 4712 958 4769 cordis
983 4712 1180 4768 ibidem
1214 4715 1352 4770 lines
1383 4714 1513 4780 sint,
1544 4713 1730 4771 omnia
1768 4712 1974 4770 furoris

397 4802 603 4873 impetu
627 4810 936 4860 moventur.
969 4801 1190 4860 Thorax
1222 4805 1389 4876 igitur
1424 4806 1580 4863 locus
1617 4806 1713 4876 qui
1743 4805 1972 4862 alimen-

397 4904 514 4950 tum
545 4893 744 4964 aecipit
797 4902 903 4950 est.
927 4892 1160 4962 Quidam
1221 4902 1403 4952 autem
1468 4897 1597 4952 vino
1659 4896 1969 4952 madentem

398 4985 744 5056 θωρήξασθαι
781 4985 1056 5053 dixerunt,
1076 4995 1138 5042 ut
1161 4985 1518 5057 Hippocrates
1542 5005 1556 5042 :
1591 4987 1863 5054 Ebrietas,
1888 4987 1972 5042 in-

397 5078 535 5147 quit,
570 5076 764 5147 famem
785 5076 982 5140 solvit;
1013 5087 1069 5133 et
1104 5075 1370 5133 Pindarus
1394 5078 1448 5133 iu
1481 5077 1846 5148 Dithyrambis
1883 5096 1896 5130 :

402 5184 651 5255 Uxorem,
669 5186 786 5242 uiuo
805 5187 1116 5260 quandoque
1134 5189 1402 5254 madidus,
1429 5189 1583 5260 {aleis
1609 5189 1960 5245 insimulavit.

499 5385 545 5455 “,
575 5386 646 5455 τῇ
673 5383 882 5455 ξωῆΑέ

395 5525 418 5557 ⁶
447 5523 867 5597 θορίξασθαιᾈ,
899 5523 1247 5597 θῳρήξασθαι
1358 5523 1418 5597 Ρ.
1488 5523 1504 5597 Ἀ
1527 5527 1548 5558 '
1574 5523 1777 5597 θόριξὶς
1801 5526 1865 5582 Δ.

989 5387 1052 5470 ξ’.
1069 5385 1414 5470 βεϐλαμένωξ
1563 5386 1944 5470 ὀθῇπνεὸμειίον
2063 5456 2076 5470 ⁸
2107 5390 2152 5421 ⁸⁸
2170 5386 2322 5470 ἀὕτη
2357 5389 2419 5443 Β.

394 5456 417 5487 ³
453 5451 654 5524 θυόραξ
676 5451 1002 5523 Δ,”θυώραξ
1031 5451 1150 5512 [ιιι.
1189 5451 1348 5510 vers.
1385 5455 1589 5527 θοάραξ
1626 5456 1664 5510 Ρ
1702 5451 1796 5526 qui
1836 5451 1948 5509 οἷον

395 5525 418 5557 ⁶
447 5524 867 5597 θορίξασθαιᾈ,
899 5523 1247 5597 θῳρήξασθαι
1358 5523 1418 5597 Ρ.
1496 5527 1548 5597 Αν
1574 5525 1777 5597 sapiet;
1801 5526 1865 5582 Δ.

2078 5457 2194 5528 »ραξ
2229 5451 2341 5512 oni.

2078 5525 2266 5597 ὓρηξις
2301 5528 2345 5582 ϐ
2376 5525 2439 5582 Ρ.

2076 4545 2200 4618 ραξ.
2228 4541 2425 4616 Θώραξ
2457 4537 2551 4598 06v
2589 4544 2619 4597 ὁ
2657 4541 2908 4604 δεκτικὸς
2939 4540 3041 4611 τῆς
3063 4538 3273 4611 τροφῆς
3317 4535 3528 4599 τόπος·
3569 4534 3662 4588 τὸν

2069 4636 2180 4708 γὰρ
2202 4636 2360 4690 οἴνων
2414 4633 2830 4705 ἐμπιπλάμενον
2859 4633 2882 4665 ⁸
2927 4629 3265 4704 θωρίξασθαι
3295 4629 3319 4662 ⁸
3354 4626 3607 4696 λέγομεν
3644 4641 3660 4655 ·

2074 4727 2170 4782 καὶ⁹
2202 4725 2592 4798 Ἱπποκράτης·
2609 4724 2832 4796 Δοιμὸν
2853 4721 3090 4792 θώριεις
3105 4723 3126 4754 ⁷
3149 4721 3284 4777 λύει
3301 4735 3318 4753 ·
3345 4719 3453 4787 τὴν
3485 4717 3666 4770 πολυ-

2071 4815 2266 4871 ποσίαν
2317 4815 2494 4886 λέγων
2521 4832 2538 4853 ο
2585 4815 2664 4881 ὡς
2718 4816 2818 4871 καὶ
2871 4812 3110 4885 ἀλλαχοῦ
3175 4810 3447 4882 Πίνδαρος
3495 4808 3657 4863 6100-

2076 4906 2302 4981 ράμϐφο

2069 5230 2103 5260 ε
2137 5189 2401 5260 ’Δλόγχῳ
2421 5186 2570 5242 ποτὲ
2588 5188 2885 5258 θοριχθεις
2902 5187 2927 5222 ⁸
2949 5187 3193 5257 ἐπεῖχεν
3217 5185 3522 5254 ἀλλότρια
3537 5185 3564 5218 ⁹

2450 5455 2475 5488 δ
2535 5387 2550 5418 ⁸
2575 5385 2802 5457 καρδίαν
2827 5393 2881 5439 et
2910 5398 3031 5437 mox
3059 5379 3216 5466 θυμῷ
3242 5380 3304 5434 Β.
3380 5381 3405 5412 ¹
3432 5381 3566 5452 δρὸς
3594 5382 3655 5435 Β.

2512 5456 2690 5527 quin.
2722 5455 2785 5527 β.
2840 5523 2850 5527 _
2895 5454 2917 5485 ³
2940 5448 3086 5527 οἶνον
3129 5449 3573 5527 εμπιπλάᾼμενον.
3593 5451 3654 5504 Β.

2580 5471 2690 5509 οιιι.
2723 5468 2785 5506 υ.
2895 5468 2917 5485 ·
2942 5468 3086 5506 οινον
3129 5468 3561 5521 εμπιπλαμενον
3593 5468 3654 5504 υ.

2551 5525 2573 5558 ⁹
2611 5523 2770 5579 Pind.
2805 5523 3115 5592 citatiouem
3155 5535 3264 5592 om.
3301 5520 3343 5573 Β
3370 5520 3658 5592 (ξεᾴλόχῳ

393 5587 527 5648 ποτε
565 5587 865 5664 θωραχθεὶς
901 5587 1232 5665 (θώρῆχθεὶς
1271 5595 1358 5665 Ρ),
1406 5595 1604 5666 ἐπέχει
1638 5587 1905 5668 ’ἀλλότρια
1935 5597 1956 5667 ζ

2078 5587 2340 5668 τριὸνῬ)
2382 5597 2499 5652 Lat.
2547 5593 2703 5650 νοτε.
2741 5593 2804 5661 Ρ,
2846 5590 2930 5648 Cf.
2967 5591 3146 5662 Etym.
3187 5587 3260 5644 Μ.
3310 5605 3363 5656 p.
3392 5590 3529 5656 ιεο,
3559 5587 3656 5645 39⁷.

467 5734 541 5805 (ο)
579 5732 681 5789 Od.
715 5734 778 5788 Υ.
811 5733 894 5788 Π.
