3856 6394
107 392 132 446 ⁴Ι
145 391 255 447 205

1359 389 1448 445 DE
1487 385 1776 444 NATURA
1815 389 2128 450 HOMINIS.

3251 395 3395 453 1206

102 508 309 580 Θώραξ
327 506 385 562 δέ
409 507 472 560 τὸ
494 506 660 562 ὅπλον
686 505 795 561 ἀπὸ
812 507 908 560 τοῦ
935 502 1328 578 περιεχομένου
1354 508 1416 562 τὸ
1439 507 1695 579 περιέχον

1804 509 2022 568 Thorax
2054 513 2183 568 item
2213 521 2267 568 et
2300 519 2588 568 armatura:
2611 527 2784 584 genus
2814 519 2917 576 est,
2965 513 3035 568 ab
3085 511 3178 568 illo
3242 520 3388 584 quod

100 603 448 676 παρίστησιν
475 600 698 668 εξωθεν,
748 599 1115 671 μετωνυμικῷ
1154 599 1342 672 τρόπῳ
1367 601 1412 632 ⁸⁸
1440 617 1454 630 ο
1488 600 1565 663 ὡς
1605 601 1701 652 καὶ

105 692 366 762 ὀμηρος
386 731 402 755 .

51 811 58 820 ·
174 785 307 854 Πῦρ
333 782 506 837 δαῖεν
523 783 644 838 ἀπὸ
669 783 888 850 κρατός
917 799 982 836 τε
1003 782 1106 836 καὶ
1123 781 1300 852 ὤμων
1329 783 1347 852 ζ
1351 783 1404 854 ρ)
1423 798 1438 812 ο

103 875 217 931 ἀπὸ
248 875 360 929 τῶν
398 875 810 946 περιεχομένων
834 873 904 926 τὰ
926 874 1251 943 περιέχοντα
1269 890 1282 903 ·
1316 875 1440 928 ἀντὶ
1470 872 1565 928 τοῦ
1590 871 1700 928 ἀπὸ

100 971 208 1034 τῆς
227 966 456 1031 ἀσπίδος
485 969 580 1020 καὶ
606 968 708 1037 τῆς
735 965 1204 1036 περικεφαλαίας.

179 1060 373 1112 Ἔστιν
412 1053 510 1112 οὖν
540 1059 569 1110 6
601 1055 790 1128 θώραξ
825 1057 1127 1128 νευρώδης,
1179 1056 1275 1110 καὶ
1313 1057 1559 1128 μυώδης,
1604 1057 1701 1110 καὶ

101 1150 414 1220 φλεδώδης,
461 1150 556 1203 καὶ
587 1149 976 1221 άρτηριώδης,
1017 1148 1313 1220 ὀργανικὸν
1356 1148 1545 1219 μόριον
1592 1147 1700 1201 ὑπὸ

100 1239 200 1293 τοῦ
225 1239 576 1311 Δημιουργοῦ
601 1239 1075 1302 κατασκευασθεὶς
1111 1238 1248 1310 πρὸς
1281 1238 1381 1309 τὴν
1408 1237 1698 1309 ἐνέργειαν

103 1334 210 1405 τῆς
239 1334 519 1404 ἀναπνοῆς
539 1349 553 1363 ο
587 1333 896 1387 συνδέδεται
927 1333 984 1388 δὲ
1014 1335 1136 1396 ταῖς
1175 1331 1554 1402 ώμοπλάταις,
1603 1334 1698 1386 καὶ

104 1428 234 1489 ταῖς
285 1423 636 1487 κατακλεῖσι,
671 1425 768 1478 καὶ
812 1427 936 1488 ταῖς
986 1423 1274 1494 πλευραῖς.
1327 1423 1486 1477 Κατὰ
1535 1423 1592 1477 δὲ
1635 1424 1698 1478 τὸ

105 1520 290 1590 πέρας
327 1519 494 1573 αὐτοῦ
535 1519 782 1574 κάτωθεν
822 1519 936 1572 τῶν
987 1519 1236 1590 μαιστῶν
1260 1518 1327 1582 τί,
1365 1520 1424 1572 ἐν
1449 1520 1518 1589 τῇ
1552 1519 1696 1590 μέσῃ

106 1612 472 1682 συμπέφυκεν
506 1609 656 1681 αύτῷ
679 1613 708 1664 6
734 1609 1047 1680 ξιφοειδὴς
1077 1610 1377 1680 λεγόμενος
1416 1611 1694 1680 χόνδρος.

118 1705 212 1758 Ἐν
243 1697 290 1771 ᾧ
317 1703 412 1757 καὶ
453 1703 514 1756 τὸ
558 1702 886 1774 διάφραγμα
939 1701 1306 1774 περιζωννύει
1343 1702 1405 1757 τὸ
1447 1701 1693 1772 σώμαθ’,

101 1795 433 1866 διαχωρίζον
455 1795 498 1827 ⁸⁸
543 1795 615 1849 τά
642 1811 701 1848 τε
759 1794 865 1848 ύπδ
894 1795 986 1848 τὸν
1031 1795 1280 1865 θώρακα.
1313 1795 1408 1847 καὶ
1433 1793 1577 1864 ὑπὲρ
1603 1793 1697 1845 τὸν

1803 605 2305 676 comprehenditur,
2335 612 2392 660 et
2449 605 2581 660 illud
2639 604 2786 676 quod
2839 605 3254 674 comprehendit
3299 621 3391 676 ap-

1801 694 2094 762 pellatum;
2142 693 2608 764 quemadmodum
2660 711 2714 750 et
2763 695 3038 750 cassidem
3089 711 3389 767 περικεφα-

1801 785 1950 850 λαία,
1977 786 2124 856 quod
2148 785 2401 841 videlicet
2435 798 2600 857 caput
2631 788 2856 856 ambiat,
2881 788 3063 845 dicere
3095 788 3292 843 solent.

1799 1113 1802 1116 ,
1871 1054 2152 1124 Siquidem
2191 1053 2382 1108 thorax
2427 1067 2554 1121 pars
2599 1060 2716 1115 est,
2763 1051 2946 1106 nervis
2975 1049 3382 1120 tuusculisque,

1800 1163 1866 1203 ac
1917 1146 2136 1201 arteriis
2198 1145 2309 1215 87
2354 1143 2576 1207 referta,
2643 1157 2808 1212 quam
2848 1158 3032 1206 rerum
3075 1141 3268 1211 Opil'ex
3314 1145 3383 1198 ad

1799 1236 2028 1307 spiritus
2055 1234 2543 1304 reciprocatiouem
2571 1247 2670 1302 pro
2689 1231 3050 1287 instrumento
3076 1233 3383 1288 constituit.

1799 1327 1917 1396 Ipse
1934 1336 2114 1381 autem
2141 1340 2266 1381 cum
2296 1324 2557 1394 scapulis,
2582 1323 2974 1394 claviculisque
3001 1339 3069 1379 ac
3103 1325 3273 1380 costis
3299 1340 3388 1380 co-

1800 1422 2038 1492 pulatur.
2075 1419 2132 1474 ln
2155 1427 2308 1489 parte
2343 1431 2492 1480 vero,
2525 1431 2652 1486 qua:
2675 1415 2730 1470 in
2762 1414 2869 1470 line
2898 1415 3017 1486 ejus
3038 1414 3142 1470 sub
3170 1415 3385 1486 papillis

1801 1514 1978 1568 media
2000 1521 2083 1569 est
2108 1551 2124 1576 ,
2153 1510 2419 1578 cartilago
2453 1523 2574 1578 qua:
2596 1507 2848 1577 gladialis
2872 1517 3239 1577 nuncupatur,
3279 1507 3382 1576 ipsi

1799 1606 2067 1669 cohaeret;
2100 1617 2211 1673 quo
2239 1601 2441 1657 inloco
2467 1609 2678 1669 septum
2716 1607 3106 1662 transversum,
3147 1599 3381 1662 viscera,

1799 1714 1922 1768 quae
1961 1697 2064 1752 sub
2107 1703 2328 1764 pectore
2367 1692 2436 1747 ab
2479 1692 2565 1746 his
2603 1707 2725 1760 qua:
2765 1706 2928 1760 supra
2979 1701 3168 1761 pectus
3227 1702 3378 1755 sunt,

1799 1788 2092 1858 spiritales,
2130 1787 2372 1856 inquam,
2396 1784 2771 1855 vegetalesque
2793 1793 2975 1853 partes
2994 1784 3382 1840 disterminans

102 1863 337 1956 θώρακα
396 1885 716 1955 σπλάγχναο
779 1886 948 1956 ἤγουν
1000 1886 1070 1938 τὰ
1116 1863 1551 1939 ήάναπνευστικὰν
1599 1883 1694 1937 καὶ

1804 1897 1864 1936 ac
1885 1879 2156 1946 dividens,
2179 1893 2377 1948 corpus
2397 1877 2453 1931 in
2482 1891 2632 1932 zona:
2662 1876 2886 1932 modum
2919 1876 3219 1948 praecingit.

101 1977 387 2049 θρεπτικά
417 1977 606 2046 μόρια.

176 2068 376 2120 Ἐστιν
403 2063 499 2121 οὖν
546 2069 575 2120 6
605 2065 790 2138 θώραξ
822 2066 1145 2138 οἰκητήριον
1171 2066 1269 2133 μὲν
1299 2067 1400 2136 τῆς
1433 2066 1695 2138 καρδίαςο

96 2159 398 2229 σύγκειται
420 2161 478 2214 δέ
508 2159 658 2230 αὐτῷ
697 2159 928 2212 ὄπισθεν
955 2160 1056 2229 μὲν
1081 2161 1115 2229 ἡ
1138 2157 1351 2227 ῥάχις,
1379 2157 1696 2230 ἔμπροσθεν

92 2252 157 2306 δὲ
188 2253 251 2306 τὸ
280 2250 572 2320 στέρνον·
605 2251 951 2320 ἑκατέρωθεν
981 2249 1040 2304 δὲ
1063 2251 1119 2303 αἱ
1148 2250 1430 2318 πλευραί.
1458 2250 1617 2320 Ἔχει
1639 2249 1697 2302 δὲ

94 2345 266 2398 atat“
321 2342 416 2396 δύο
465 2343 703 2408 κοιλίας,
781 2342 966 2405 καθὼς
1008 2343 1229 2413 εἴρηται
1276 2341 1572 2412 άνωτέρῷ·
1629 2341 1697 2406 ἃς

93 2436 370 2508 ἐποίησεν
412 2437 447 2508 ἡ
480 2435 667 2506 φύσις,
707 2435 898 2504 ὥσπερ
929 2435 1082 2498 τινὰς
1119 2433 1426 2506 δεξαμενὰς
1453 2435 1532 2498 είς
1560 2434 1696 2488 ὐπο-

93 2527 272 2598 δοχὴν
311 2528 409 2580 καὶ
451 2527 702 2598 φυλακὴν
739 2526 1086 2597 πνεύματοςο
1127 2525 1215 2580 ἵνα
1243 2528 1302 2580 ἐν
1325 2525 1504 2598 καιρῷ
1537 2543 1697 2594 περι-

96 2619 374 2682 στάσεως,
408 2619 639 2690 εὑρίσκῃ
668 2618 957 2689 ἀναψυχὴν
978 2619 1014 2688 ἡ
1038 2618 1258 2688 καρδία.
1291 2617 1561 2681 Πολλάκις
1589 2617 1696 2688 γὰρ

94 2709 153 2763 οἱ
175 2708 554 2776 άναφωνισταὶ
577 2707 688 2762 τῶν
709 2707 864 2778 ᾠδῶν
887 2707 1063 2772 λέξεις
1082 2708 1177 2761 ἐπὶ
1201 2708 1380 2774 λέξεσι
1402 2707 1697 2760 συνάπτειν

97 2797 410 2866 ἐθέλοντες,
436 2797 470 2868 ἢ
505 2797 644 2868 μέλη
673 2798 738 2850 ἐκ
767 2796 948 2869 μελῶν
972 2797 1304 2859 συντιθέναι,
1339 2795 1400 2848 ού
1441 2795 1696 2848 δύνανται

95 2890 401 2943 ἀναπνεῖν’
435 2889 468 2960 ἢ
507 2889 711 2958 μᾶλλον
755 2889 818 2943 οὐ
859 2888 1164 2958 βούλονται,
1198 2888 1286 2942 διὰ
1330 2887 1393 2940 τὸ
1417 2888 1492 2958 μὴ
1521 2887 1697 2942 θέλειν

97 2983 366 3035 ἐκπεσεῖν
395 2982 494 3050 τῆς
515 2983 610 3035 τοῦ
655 2981 868 3054 ῥυθμοῦ
907 2983 1199 3052 ἁρμονίας.
1236 2979 1460 3044 Τούτοις
1486 2982 1530 3013 ¹¹
1565 2980 1697 3049 γοῦν

97 3075 134 3144 ἠ
168 3071 373 3144 καρδία
398 3072 507 3126 ἀπὸ
525 3071 636 3126 τῶν
659 3075 719 3127 ἐν
744 3072 823 3144 τῷ
868 3072 1083 3144 θώρακι
1116 3073 1450 3144 κοιλοτήτων
1480 3073 1694 3143 δέχεται

1873 2056 2094 2112 Thorax
2117 2054 2281 2124 igitur
2315 2051 2655 2107 domicilium
2696 2051 2878 2106 cordis
2905 2058 3010 2118 est,
3035 2050 3122 2106 cui
3152 2065 3184 2104 a
3225 2057 3380 2121 tergo

1799 2151 1976 2220 spina,
2007 2164 2074 2203 ex
2112 2147 2343 2201 adverso
2375 2159 2504 2198 vero
2526 2153 2738 2213 pectus,
2766 2151 2823 2198 at
2851 2157 2918 2198 ex
2956 2151 3189 2211 utroque
3211 2141 3381 2197 latere

1799 2252 2076 2299 costarum
2122 2237 2441 2294 constitutio
2501 2247 2785 2306 compacta
2824 2242 2928 2290 est.
2965 2232 3278 2298 Enimvero,
3323 2234 3379 2286 in

1799 2335 1942 2405 ipso,
1959 2331 2204 2403 geminos
2219 2327 2554 2384 ventriculos
2570 2327 2856 2397 csse‘prius
2872 2325 3380 2394 ostendimus,quos

1799 2433 1996 2480 natura
2019 2422 2135 2492 ipsa
2158 2421 2317 2491 quasi
2357 2420 2698 2490 receptacula
2735 2417 3006 2488 quaedam,
3043 2417 3158 2472 sive
3187 2415 3382 2472 cister-

1799 2518 1960 2574 nulas
2021 2515 2344 2572 admittendi
2400 2515 2872 2584 conservandique
2923 2512 3150 2582 spiritus
3201 2511 3379 2582 gratia

1799 2609 2104 2672 constituit,
2127 2623 2239 2678 quo
2271 2606 2422 2662 cordi
2459 2607 2512 2661 in
2541 2621 2767 2662 casuum
2792 2612 2988 2660 eventu
3035 2602 3380 2672 refrigerium

1798 2704 2156 2770 levamenque
2197 2711 2448 2768 paratum
2476 2698 2566 2754 sit.
2600 2696 2931 2765 Plerumque
2959 2695 3104 2750 enim
3133 2693 3382 2749 accidere

1798 2795 1938 2852 solet
1967 2793 2052 2847 his
2081 2791 2175 2860 qui
2208 2806 2267 2846 se
2299 2789 2558 2845 cantandi
2591 2797 2706 2842 arte
2722 2778 3001 2850 exercent,
3034 2801 3158 2841 cum
3190 2785 3376 2844 verba.

1799 2887 1883 2942 vel
1919 2880 2292 2938 modulamina
2327 2879 2667 2950 ingeminare
2694 2878 2968 2940 nituntur,
3003 2873 3379 2944 respiratiouis

1799 2981 2111 3036 facultatem
2181 2971 2454 3041 intercipi,
2493 2970 2578 3026 vel
2620 2970 2674 3025 id
2727 2976 2923 3039 sponte
2967 2967 3150 3038 potius
3187 2974 3375 3036 agunt,

1801 3090 1868 3131 ne
1913 3089 1944 3128 a
1993 3079 2160 3126 recta:
2211 3062 2512 3120 harmoniae
2545 3060 2732 3116 debito
2771 3069 2962 3114 tenore
2999 3057 3272 3114 deﬁciant.
3318 3053 3379 3109 lu

99 3165 354 3236 πνεῦμα,
377 3165 473 3219 καὶ
498 3166 711 3237 ἀνακτᾷ
737 3165 957 3236 ἑαυτὴν,
980 3166 1088 3230 ἓως
1112 3166 1180 3220 ἂν
1199 3167 1398 3220 ἐκεῖνοι
1420 3165 1692 3228 παύσωσι,

1804 3167 1889 3222 his
1933 3163 2098 3235 igitur
2147 3157 2398 3217 casibus,
2446 3167 2542 3208 cur
2583 3167 2614 3206 a
2667 3150 2817 3206 cavis
2859 3165 2982 3220 quae
3040 3148 3094 3204 in
3155 3149 3379 3202 thorace

99 3259 206 3312 καὶ
227 3258 330 3327 τὴν
366 3259 624 3331 εἰσπνοὴν
663 3259 1112 3314 ἐπισπάσωνταιο
1159 3259 1387 3331 τοιαύτη
1421 3259 1507 3324 τίς
1540 3262 1691 3315 ἐστιν

1804 3267 1932 3319 sunt
1972 3252 2226 3324 spiritum
2281 3244 2534 3315 suscipit,
2584 3259 2616 3298 a
2669 3241 2871 3314 quibus
2921 3253 2976 3298 et
3019 3238 3376 3299 refocillatur.

94 3353 132 3422 ἡ
161 3348 262 3403 τοῦ
286 3349 536 3422 θώρακος
562 3351 723 3408 οὐσία
751 3353 814 3418 ⁸⁸,
835 3351 1087 3421 ἐνέργειά
1113 3368 1176 3406 τε
1200 3351 1293 3406 καὶ
1315 3351 1498 3424 χρεία.

1799 3353 1976 3409 donec
2002 3344 2102 3414 ipsi
2138 3341 2194 3396 in
2223 3336 2542 3406 respirando
2571 3334 2694 3404 (illi,
2727 3334 2970 3403 inquam,
3006 3331 3100 3402 qui
3124 3329 3379 3386 cantibus

95 3443 405 3515 indulgent)
445 3443 690 3512 ejusdem
755 3443 1242 3514 reciprocationem
1299 3443 1612 3502 admittant.
1676 3445 1826 3501 Talis
1879 3437 2130 3512 quaedam
2225 3433 2468 3488 thoracis
2524 3427 2860 3493 substantia,
2923 3426 3276 3494 actionesque
3323 3429 3378 3477 et

94 3549 264 3599 usus,
324 3543 384 3588 ut
421 3534 684 3600 diximus,
737 3535 1028 3591 habentur.
1057 3533 1340 3605 Sequitur,
1373 3543 1434 3590 ut
1461 3535 1529 3592 de
1553 3536 1682 3594 colli
1720 3531 2022 3593 substantia
2077 3525 2400 3594 actioneque
2438 3519 2688 3592 proxime
2723 3518 2994 3574 dicamus.

93 3629 246 3696 Κεφ.
291 3625 390 3680 ΙΔ’.
421 3655 492 3696 τ-
519 3626 656 3696 Περὶ
691 3626 799 3681 τοῦ
832 3626 1173 3696 τραχήλου,
1202 3627 1305 3682 καὶ
1336 3627 1456 3681 τῶν
1493 3644 1686 3684 σπον-

169 3694 378 3750 δύλων
391 3694 502 3763 τῆς
522 3695 778 3765 ῥάχεως,
804 3697 903 3750 καὶ
929 3694 1036 3752 τοῦ
1061 3698 1340 3752 νωτιαίου
1361 3697 1612 3768 μυέλου.

184 3808 534 3879 ’Δνέλθωμεν
561 3809 620 3862 δὲ
670 3809 811 3881 πρὸς
858 3809 951 3863 τὸν
1001 3809 1296 3881 τράχηλον,
1349 3813 1444 3865 καὶ
1487 3812 1688 3884 ἴδωμεν

1897 3642 2029 3712 Cap.
2049 3635 2192 3694 XIV.
2217 3635 2291 3690 De
2317 3633 2476 3698 collo,
2508 3631 2663 3702 spina
2695 3639 2744 3686 et
2779 3628 2983 3684 dorsali
3012 3623 3271 3682 medulla.

1859 3819 1943 3874 Ab
1989 3816 2075 3870 his
2129 3827 2259 3868 vero
2309 3813 2378 3866 de
2423 3809 2590 3865 dorso
2623 3807 2924 3878 spinaque,
2965 3815 3082 3861 tum
3109 3803 3177 3859 de
3209 3804 3376 3859 costis

89 3903 201 3973 τὴν
226 3902 422 3956 οὐσίαν
449 3901 614 3956 αὐτοῦ
643 3903 829 3969 ὁποία,
869 3903 964 3956 καὶ
996 3903 1097 3974 τὴν
1128 3903 1412 3975 ἐνέργειαν
1431 3921 1446 3936 ’
1473 3899 1596 3958 εἶτα
1620 3907 1689 3961 τά

1804 3921 1845 3968 ει
1890 3909 2208 3965 membrana
2239 3920 2348 3976 qua
2385 3903 2521 3974 ipsae
2550 3910 2832 3972 teguntur,
2869 3902 3058 3971 postea
3093 3905 3276 3953 autem
3306 3897 3375 3951 de

92 3995 426 4066 μετάφρενα
468 3993 564 4048 καὶ
584 3992 686 4064 τὴν
723 3993 883 4065 ῥάχιν
903 4009 917 4025 ο
950 3992 1144 4047 ἔπειτα
1168 3993 1268 4057 τὰς
1298 3994 1562 4065 πλευρὰς,
1593 3998 1688 4052 καὶ

1804 4003 2052 4072 pulmone
2086 3997 2358 4068 cordeque
2412 4003 2668 4050 accurate
2698 3992 3124 4062 disputabimus.
3159 3989 3374 4046 Collum

87 4086 189 4138 τὸν
214 4082 538 4147 ύπεζωκότα
556 4099 570 4116 ·
598 4083 694 4138 καὶ
719 4083 841 4138 τότε
865 4084 997 4155 περὶ
1016 4083 1112 4137 τοῦ
1134 4083 1441 4156 πνεύμονος
1475 4085 1689 4159 καὶτῆς

1804 4095 1958 4166 gitur
1998 4091 2172 4148 Graeci
2218 4090 2412 4152 τίνων,
2446 4087 2543 4142 καὶ
2585 4086 2786 4157 αὐχένα
2824 4091 3163 4155 nuncupant,
3219 4093 3376 4138 ante-

86 4175 330 4246 καρὸίας
349 4173 781 4246 διασκεψόμεθα.
819 4174 880 4228 '0
916 4174 1225 4244 τράχηλος
1251 4175 1436 4230 τοίνυν
1462 4176 1689 4246 λέγεται

1804 4187 1994 4240 riorem
2043 4184 2265 4253 quidem
2310 4184 2431 4252 ejus
2477 4189 2684 4250 partem
2743 4177 3122 4240 κατακλεῖδας,
3160 4175 3264 4232 hoc
3289 4185 3376 4231 est

87 4268 194 4323 καὶ
217 4266 409 4321 τένων
430 4268 527 4322 καλ⁵
554 4267 776 4336 αὐχήν.
801 4264 920 4334 ἱΤοῖ’»
956 4264 1014 4317 δὲ
1037 4266 1312 4338 τραχήλου
1338 4266 1398 4320 τὸ
1433 4267 1534 4337 μέν
1579 4267 1681 4338 ἔμ-

1804 4276 2104 4331 'lavicttlam
2145 4275 2356 4330 dicunt.
2395 4272 2528 4340 Quae
2561 4287 2690 4327 vero
2733 4279 2881 4326 retro
2925 4283 3053 4339 pars
3095 4267 3372 4328 consistit.

84 4358 340 4433 προσθεν
383 4359 572 4424 αὑτοῦ,
621 4359 1013 4426 κατακλεῒδες
1055 4360 1340 4427 λέγονται·
1375 4359 1436 4412 τὸ
1461 4360 1516 4412 δὲ
1558 4359 1681 4414 6m-

1804 4382 1986 4424 iervus
2003 4375 2106 4427 est,
2129 4365 2217 4420 cui
2253 4363 2416 4418 tendo
2445 4377 2668 4424 nomen,
2693 4361 2762 4416 ab
2784 4360 2892 4415 illis
2917 4358 3088 4414 τένων
3114 4357 3315 4419 dictus,
3339 4371 3368 4409 a

87 4451 249 4516 σθεν,
290 4451 498 4504 τένωνο
533 4450 594 4516 ἐξ
638 4444 701 4505 οὗ
745 4453 842 4505 καὶ
875 4451 1172 4505 τενάντιον.
1225 4451 1335 4504 Καὶ
1374 4450 1680 4520 τράχηλος

1804 4476 1896 4532 [uo
1925 4469 1980 4514 et
2004 4457 2332 4521 tenantium,
2360 4454 2534 4509 morbi
2576 4453 2828 4508 videlicet
2864 4467 3036 4524 genus
3065 4449 3212 4521 quod
3245 4448 3371 4504 COlll

85 4542 200 4614 μὲν
222 4541 468 4612 λέγεται,
503 4542 614 4597 ἀπὸ
635 4544 736 4614 τῆς
765 4541 1108 4614 τραχύτητος
1127 4539 1238 4595 τῶν
1267 4543 1449 4594 ἐκεῖσε
1476 4543 1677 4596 ὀστῶνο

1804 4566 1981 4607 nervos
2013 4549 2272 4604 infestare
2297 4548 2456 4614 solet,
2478 4546 2802 4618 appellatur.
2819 4541 3370 4614 Collumnpéquoc,

80 4633 331 4698 ὀστῶδες
371 4635 481 4706 γὰρ
519 4635 582 4688 τὺ
627 4635 793 4706 μέρος
838 4633 1026 4688 τοῦτο’
1066 4634 1100 4706 ἢ
1126 4634 1279 4704 παρὰ
1303 4633 1366 4686 τδ
1411 4634 1480 4688 δι’
1511 4633 1676 4688 αὒτοῧ
1785 4642 1894 4696 άπὸ
1924 4641 2027 4711 τῆς
2055 4639 2399 4713 τραχύτητος
2419 4637 2530 4692 τῶν
2558 4640 2738 4691 ἐκεῖσε
2764 4637 2960 4702 ὀστῶν,
2991 4636 3061 4691 ab
3077 4634 3372 4704 asperitate

84 4729 237 4801 ῥεῖν,
263 4727 386 4799 ητοι
408 4728 628 4798 τρέχειν
653 4727 754 4799 τὴν
773 4727 984 4799 τροφήν
1004 4741 1018 4757 ⁸
1049 4720 1163 4780 οἷον
1194 4726 1459 4799 τρόχαλος
1477 4744 1490 4758 ·
1525 4729 1580 4780 αἱ
1619 4728 1676 4781 δὲ

1804 4732 2035 4788 Videlicet
2093 4731 2304 4786 ossium
2361 4747 2486 4802 qua:
2528 4729 2661 4786 inibi
2719 4738 2872 4793 sunt,
2922 4728 3038 4800 88
3081 4727 3167 4782 vel
3223 4724 3370 4797 quod

81 4817 494 4886 κατακλεῖδες,
537 4819 620 4872 ὅτι
671 4819 1047 4888 περικλείουσι
1094 4817 1165 4871 τά
1222 4821 1359 4890 πρὸς
1407 4819 1469 4872 τὸ
1516 4818 1677 4889 στέρ-

1804 4839 1876 4879 ter
1921 4823 2101 4893 ipsum
2149 4823 2469 4878 alimentum
2518 4822 2728 4889 deﬂuit,
2773 4821 2921 4892 quod
2981 4818 3057 4875 illi
3093 4820 3228 4891 ῥεῖν,
3276 4825 3371 4872 aut

79 4930 186 4968 νον
208 4910 481 4975 ⁸⁷·¹⁸,ταῖς
505 4912 550 4945 ¹⁹
566 4911 918 4982 ώμοπλάταις
934 4908 1359 4982 διαρθρούμεναι
1387 4910 1456 4964 ὀ.
1486 4911 1550 4964 Ἦ
1568 4911 1674 4981 γὰρ

1804 4914 1994 4988 τρέχειν
2026 4914 2237 4980 dicunt,
2266 4924 2621 4986 nuncupant;
2652 4913 3011 4977 κατακλεῖδας
3038 4925 3188 4976 vero,
3219 4908 3368 4980 quod

79 5003 248 5065 κλεὶς
274 5003 364 5057 διὰ
387 5004 560 5073 μόνην
587 5003 687 5074 τὴν
709 5003 806 5057 τοῦ
829 5001 1082 5072 θώρακος
1117 5001 1334 5070 ἐγένετο
1357 5001 1666 5057 διάστασιν

1804 5023 1880 5065 I08
1927 5007 2286 5074 claviculam,
2335 5008 2462 5064 inde
2516 5008 2625 5064 dici
2681 5007 2980 5079 opinantur
3032 5004 3178 5076 quod
3239 5018 3364 5058 cum

76 5094 174 5150 διδ
192 5095 290 5150 καὶ
319 5095 480 5166 μόνος
501 5098 530 5150 6
548 5097 837 5168 ἄνθρωπος
860 5095 925 5149 ἐκ
945 5095 1164 5150 πάντων
1187 5094 1296 5148 τῶν
1318 5093 1496 5151 ἄλλων
1519 5095 1676 5162 ζώων

1804 5100 2013 5170 capulis
2041 5101 2148 5156 tale
2193 5115 2257 5156 os
2305 5101 2721 5167 dearticulatur,
2758 5115 2825 5156 ac
2858 5111 3040 5170 partes
3059 5111 3183 5167 qua:
3218 5095 3364 5151 circa

77 5186 396 5259 ἔχεικλεῖνο
1772 5203 1962 5262 pectus
1987 5204 2116 5248 sunt
2163 5194 2429 5250 claudat:
2466 5195 2737 5264 siquidem
2782 5189 3046 5247 clavicula
3081 5189 3198 5258 ipsa
3243 5186 3368 5241 lbo-

81 5280 238 5336 racis
263 5283 643 5337 tantummodo
682 5282 1101 5340 disterminandi
1131 5283 1305 5355 gratia
1372 5285 1668 5341 constituta
1705 5296 1811 5344 est.
1849 5288 1994 5358 quod
2025 5303 2112 5352 os,
2145 5297 2342 5359 praeter
2410 5289 2596 5343 omnia
2637 5287 2896 5342 animalia
2931 5283 3140 5340 homini
3165 5283 3363 5337 dunta-

81 5381 186 5430 xat
221 5382 416 5427 natura
462 5373 672 5428 tribuit.

164 5465 328 5522 Ἔστι
365 5464 424 5518 δέ
469 5465 588 5531 ὅλος
622 5467 654 5520 6
699 5467 972 5540 τράχηλος
1002 5466 1274 5540 ὀστώδηςο
1324 5467 1653 5534 σπονδύλους

1832 5470 2047 5527 Collum
2103 5479 2280 5528 totum
2336 5471 2559 5528 ossibus
2592 5470 2836 5526 obsitum
2891 5479 2995 5534 est,
3027 5469 3097 5522 ab
3129 5464 3361 5534 occipite

159 5575 210 5610 “
345 5592 558 5657 μετωνἒ
574 5580 763 5657 τρόπῳ
788 5595 898 5657 οφ.
919 5581 1000 5657 _P._
1100 5581 1141 5614 ¹¹
1167 5579 1342 5657 ὀστῶν
1361 5580 1684 5657 ῥημαιξτῶν
1843 5585 1967 5657 ¹¹τδ
1991 5585 2149 5657 σῶμα
2175 5601 2285 5641 out.
2317 5588 2379 5642 Λ.
2499 5586 2541 5618 ¹³
2571 5583 2981 5657 δισῑχιξψίξων,Δ
3013 5583 3073 5636 Bo
3183 5579 3228 5612 "
3258 5579 3356 5634 καὶ

75 5663 198 5704 orn.
234 5645 299 5701 Β.
348 5645 421 5680 ’⁸⁸
457 5645 631 5705 ταῦτα
659 5645 746 5706 Δί
803 5651 846 5683 ⁸⁸
880 5650 1036 5704 οὐσία
1073 5666 1183 5708 om.
1213 5655 1279 5708 Α.
1360 5645 1480 5694 ¹¹⁷ὲ¹⁶
1514 5653 1592 5706 τῶ
1632 5654 1838 5726 στέρνω
1877 5656 1940 5709 Α.
2023 5645 2204 5720 ¹⁹’τοῖς
2252 5659 2307 5710 Β.
2386 5657 2430 5689 ’⁸
2471 5645 2875 5727 διαρθρ’ὀύμενα
2916 5653 2976 5707 Β.

156 5800 256 5870 (ιν).
293 5801 354 5855 ιι.
382 5801 442 5858 ε.
469 5802 518 5855 7.
