3842 6376
62 367 173 424 209

1267 370 1356 426 DE
1389 371 1676 429 NATURA
1721 372 2026 431 ιιοηικιε.

3155 387 3295 447 1210

61 479 372 552 ,κατέρωθεν
403 479 462 535 αἱ
494 478 752 552 πλευραὶ,
786 480 1042 553 καθάπερ
1068 484 1165 538 καὶ
1200 485 1252 540 οἱ
1275 489 1566 543 σπόνδυλοι
1587 506 1603 522 ο

1752 492 1984 546 ictitant.
2041 490 2134 546 Ha
2183 491 2403 563 quidem
2461 508 2691 550 numero
2729 481 2977 565 quinque
3015 495 3309 562 habentur,

61 575 394 646 διήρθρωνται
423 570 468 604 ³⁸
517 571 628 646 γὰρ
675 573 886 645 ἑκάστη
940 574 1080 645 πρὸς
1128 575 1248 638 ἕνα.
1300 577 1372 632 τὰ
1420 580 1478 632 δὲ
1515 579 1612 634 τοῦ

61 664 256 734 ςτέρνου
314 661 734 734 συνήρθρωνται
760 663 805 695 ³⁸
853 663 1129 735 ἀλλήλοις.
1189 666 1366 721 Ἑπτὰ
1413 669 1471 722 δὲ
1522 670 1616 724 τὸν

61 753 265 827 ιριθμὸν
292 756 454 807 εἰσινο
491 754 616 808 ὅσαι
650 754 744 808 καὶ⁵
774 757 830 808 αἱ
864 756 1002 826 πρὸς
1029 756 1163 810 αὐτὸ
1185 759 1616 832 διαρθρούμεναι

61 845 292 916 πλευραιο
341 845 418 908 ὡς
466 840 610 898 εἶναι
655 845 757 909 τὰς
798 847 978 910 πάσας
1007 848 1052 879 ³⁸
1084 849 1262 904 εἴκοσι
1311 851 1617 924 τέσσαραςο

61 936 240 989 ὡδεκα
269 935 394 990 καθ’
424 938 686 1007 ἑκάτερον
711 937 880 1009 μέρος
907 939 1398 1013 συναρθρουμένας
1427 942 1494 975 ³’·
1515 945 1618 1008 τὰς

61 1026 139 1078 ιὲν
166 1023 394 1092 δώδεκα,
425 1028 541 1089 τοῖς
568 1025 780 1079 δώδεκα
814 1027 1134 1092 σπονδύλοις
1161 1029 1258 1083 τοῦ
1288 1031 1484 1101 νώτου,
1514 1035 1616 1098 τὰς

61 1117 92 1170 δέ
121 1134 183 1185 γε
203 1118 385 1184 πέντε,
412 1120 480 1190 τῇ
500 1117 684 1188 ὀσφύϊο
703 1120 758 1171 αἱ
783 1119 840 1173 δὲ
869 1118 1033 1186 ἑπτὰ,
1059 1121 1140 1191 τῷ
1171 1122 1401 1194 στέρνῳ,
1428 1125 1616 1192 καθὼς

70 1208 274 1278 τρηται.
1131 1239 1139 1248 ·

1721 592 1777 638 et
1811 593 1966 652 septo
2026 593 2341 640 transverso
2393 587 2705 651 cohaerent,
2762 603 2828 643 ac
2877 587 3108 644 invicem
3165 601 3315 646 recto

1722 672 1917 727 ordine
1983 674 2346 729 consistentes
2385 713 2401 738 ,
2465 675 2519 729 in
2588 677 2968 747 cartilaginem
3029 677 3312 733 desinunt.

1725 759 1970 831 Reliqua
2006 777 2138 816 vero
2165 773 2334 818 costa
2368 764 2670 834 Spinaque,
2698 767 2965 822 vertebra
2993 776 3047 822 et
3085 776 3272 836 pectus
3295 806 3313 831 ,

1729 853 1973 910 thoracis
2006 870 2135 910 ossa
2185 867 2337 911 sunt.
2367 857 2636 922 Qualibet
2675 874 2826 928 pars,
2874 860 3134 930 utrinque
3178 860 3316 914 duo-

1723 945 1894 1002 denas
1925 959 2132 1012 costas,
2190 949 2336 1018 quod
2389 959 2444 1004 et
2511 950 2669 1020 spina
2717 951 2997 1006 vertebras
3047 951 3313 1016 continet,

1723 1053 1958 1109 quarum
1998 1040 2256 1111 qualibet
2301 1043 2536 1114 singulis
2588 1043 2856 1098 vertebris
2901 1044 3312 1099 coarticulatur.

1726 1132 1800 1186 At
1868 1132 2105 1201 pectoris
2163 1148 2287 1189 ossa
2320 1173 2336 1199 ,
2393 1150 2517 1202 qua
2589 1136 2960 1205 septenarium
3023 1151 3316 1190 numerum

1721 1221 1965 1292 explent,
2002 1223 2460 1281 dearticulatione
2506 1227 2736 1281 invicem
2766 1226 3093 1297 junguntur,
3126 1241 3320 1296 quem-

61 1303 330 1359 idmodum
369 1310 423 1357 et
469 1311 655 1368 costa,
699 1318 842 1374 qua,
868 1303 971 1372 ipsi
1001 1313 1131 1360 sunt
1161 1306 1616 1365 deartieulatione
1676 1313 2002 1383 conjuncta.
2072 1313 2283 1388 Itaque,
2314 1325 2496 1373 costas
2562 1333 2753 1373 omnes
2793 1333 3024 1372 numero
3072 1329 3310 1388 quatuor

62 1414 201 1470 .upra
245 1397 434 1468 viginti
471 1413 593 1454 esse
625 1411 854 1456 constat.
886 1401 969 1456 Ab
1009 1410 1242 1472 utraque
1268 1403 1415 1459 enim
1477 1417 1628 1476 parte
1702 1410 1988 1477 duodena,
2040 1412 2188 1470 dorsi
2247 1415 2552 1481 vertebris,
2606 1430 2729 1484 qua
2781 1414 3007 1469 totidem
3089 1429 3319 1468 numero

61 1501 187 1558 .unt,
219 1491 666 1560 eoat-ticulantur,
700 1506 932 1562 quarum
1003 1493 1248 1565 quinque
1285 1495 1489 1554 lumbis
1555 1499 1689 1569 ipsis
1725 1503 2106 1574 applicantur,
2160 1515 2368 1577 septem
2426 1520 2556 1560 vero
2612 1522 2738 1562 cum
2804 1517 3054 1576 pectore.
3119 1521 3319 1576 quem-

61 1588 332 1642 [dmodum
362 1586 603 1641 diximus
625 1627 641 1653 ,
676 1586 943 1656 copulata
976 1595 1129 1643 sunt.

108 1701 329 1762 Ταύτας
353 1699 410 1753 δὲ
435 1701 533 1764 τὰς
566 1701 611 1734 ³⁸
651 1702 794 1755 ἑπτὰ
822 1701 1162 1767 ὑποζωννύει
1190 1705 1287 1757 καὶ
1329 1705 1624 1774 ύπαλείφει

1804 1707 1916 1763 Has
1948 1720 2128 1764 autem
2189 1719 2397 1781 septem
2451 1721 2655 1776 costas,
2703 1713 3012 1769 communis
3068 1717 3318 1785 quadam

61 1809 125 1854 τις
184 1791 330 1862 ὑμὴν
388 1791 606 1854 κοινὸς,
663 1791 723 1855 ὃς
771 1792 895 1876 ἀπὸ.
933 1795 1034 1864 τῆς
1081 1795 1274 1865 χρείας
1325 1796 1628 1861 ὑπεζωκὼς

1752 1801 2048 1856 nembrana
2123 1818 2232 1872 qua
2292 1813 2458 1860 costa
2497 1813 2780 1876 teguntur,
2830 1822 2952 1876 qua
3012 1807 3321 1873 ὑπεζωκὼς

61 1883 380 1953 ὒνόμασται.
433 1882 691 1950 Ἐγένετο
727 1882 784 1936 δὲ
839 1874 994 1947 οὗτος
1044 1884 1073 1936 ὁ
1120 1884 1271 1956 ὑμὴν
1325 1888 1482 1958 παρᾶ
1527 1889 1628 1959 τῆς

61 1975 336 2046 τρονοίας,
381 1975 472 2029 ἴνα
508 1975 584 2046 μὴ
620 1973 701 2046 τῷ
751 1974 1015 2046 πνεύμονι
1053 1977 1282 2048 ἁμέοως
1328 1979 1630 2051 ὁμιλοῦσα,

61 2069 156 2123 τῶν
173 2067 349 2122 ὀστῶν
375 2071 410 2139 ἡ
439 2068 602 2122 οὐσία
635 2067 848 2139 σκληρὰ
873 2069 968 2122 καὶ
990 2068 1287 2135 ἀντίτυπος
1314 2067 1472 2137 οὖσα,
1503 2073 1634 2144 ἀνιᾷ

61 2162 212 2217 ιύτδν
255 2163 351 2215 καὶ
388 2159 704 2232 έπιπλήσσῃ
745 2162 814 2231 τῇ
861 2160 1230 2232 προσψαύσει.
1281 2163 1404 2218 Εἰσὶ
1435 2164 1492 2218 δὲ
1539 2166 1634 2219 καὶ

61 2255 197 2310 ιατὰ
227 2255 328 2320 τὰς
365 2255 564 2320 λοιπὰς
611 2253 857 2325 πλευρὰς
905 2255 1295 2326 μεσοπλεύριοι
1335 2257 1508 2327 μῦες.
1538 2258 1634 2324 οὓς

61 2349 150 2402 tat
182 2347 410 2417 φρένας
441 2347 700 2401 καλοῦσι’
740 2345 835 2400 διὰ
871 2345 932 2398 τδ
965 2351 1267 2420 φρενητιᾷν
1296 2351 1342 2382 ³⁸
1368 2351 1498 2414 τοὺς
1539 2351 1637 2405 ἁν-

61 2439 345 2510 ὶρώπους,
385 2439 616 2493 ἐκείνων
659 2437 1126 2510 φλεγμαινόντων.
1157 2442 1330 2498 Οὐδὲν
1367 2444 1476 2513 γάρ
1520 2444 1639 2497 ἐστι

61 2529 338 2600 πλευρῖτις
365 2571 382 2596 ,
419 2531 468 2584 ει
495 2528 574 2600 μὴ
595 2526 879 2600 φλεγμονὴ
907 2526 1004 2581 τοῦ
1033 2529 1132 2594 τὰς
1159 2530 1400 2602 πλευρὰς
1429 2532 1643 2597 ὑπεζω-

61 2622 215 2685 ιιότος
245 2622 467 2692 ὑμένος.

1728 1891 1840 1962 9o
1875 1893 2096 1961 dicitur,
2129 1895 2404 1965 subcingit
2450 1897 2703 1967 velatque
2766 1898 2836 1952 th
2865 1897 3030 1954 oflicii
3061 1899 3323 1955 videlicet

1733 1984 2013 2040 {unctione
2051 1988 2200 2056 quod
2231 1989 2432 2057 explet,
2470 1988 2545 2043 ita
2572 1988 2864 2059 appellata.
2891 1988 3075 2044 Talem
3099 1991 3320 2061 quidem

1734 2076 2112 2132 membranam
2163 2078 2440 2135 Creatoris
2483 2080 2821 2150 providentia
2859 2080 3320 2146 inibiconstitnit,

1737 2183 1806 2224 ne
1829 2169 2040 2225 scilicet
2067 2170 2275 2225 ossium
2316 2170 2645 2234 substantia,
2686 2186 2809 2239 qua
2846 2186 3039 2240 aspera
3069 2187 3134 2226 ac
3172 2173 3321 2226 relu-

1724 2267 1896 2337 ctans
1919 2266 2025 2324 est,
2080 2270 2303 2330 repente
2359 2261 2567 2331 absque
2616 2261 2799 2316 medio
2840 2261 3024 2331 aliquo
3077 2262 3324 2332 pulmoni

1740 2365 2061 2418 occurrens,
2113 2351 2330 2407 dolores
2359 2351 2465 2422 ipsi
2508 2351 2738 2423 inlligat,
2794 2353 3058 2423 illumque
3097 2369 3207 2423 pra
3237 2355 3326 2409 sui

1741 2450 1888 2498 tactu
1916 2443 2107 2497 reddat
2135 2443 2451 2498 attonitum.
2494 2441 2634 2498 Sunt
2671 2444 2891 2513 quidem
2927 2453 2979 2498 et
3005 2445 3153 2500 circa
3185 2445 3325 2500 alias

1742 2543 1926 2590 costas
1955 2535 2210 2602 musculi,
2241 2535 2332 2605 qui
2364 2535 2731 2591 intercostiles
2773 2536 3053 2602 dicuntur,
3093 2551 3233 2606 quos
3272 2543 3328 2589 et

1744 2625 1984 2696 phrenas
2030 2633 2386 2697 nuncupant.
2428 2627 2688 2696 quoniam
2724 2626 2778 2679 in
2825 2625 3139 2696 phrenesim
3201 2625 3326 2694 ipsi,

61 2718 164 2771 hoc
185 2725 272 2772 est
300 2717 353 2772 in
382 2718 817 2786 insaniam,cum
847 2735 943 2778 eos
1007 2729 1316 2778 tumescere
1379 2721 1602 2788 accidit,
1627 2720 1909 2778 hominem
1940 2723 2186 2795 adigunt.
2249 2721 2396 2778 Nihil
2442 2723 2589 2778 enim
2635 2721 2784 2777 aliud
2819 2721 3124 2792 'pleurcsis,
3162 2737 3328 2793 quam

61 2809 392 2866 membrana
411 2824 590 2869 tumor
607 2829 729 2884 qua
749 2822 931 2870 costas
952 2814 1230 2885 subciugit
1246 2813 1518 2885 velatquc,
1543 2823 1647 2869 est.

125 2944 290 3008 Τινὲς
323 2944 381 2999 δὲ
411 2944 474 2998 τδ
517 2944 859 3017 διάφραγμα
897 2948 995 3002 καὶ
1038 2947 1130 3022 τὸν
1159 2943 1503 3008 ὑπεζωκότα
1546 2945 1644 3000 ἕνα

61 3033 334 3087 ὃπέλαῧον
369 3030 511 3087 εἶναι
561 3035 772 3106 ὑμένα·
808 3037 910 3090 οὐκ
954 3037 1101 3090 ἔστιν
1141 3036 1220 3090 δέ.
1267 3036 1430 3090 Ἀλλο
1450 3037 1496 3068 ⁵ο
1537 3037 1648 3106 γὰρ

1822 2949 1964 3006 Sunt
1999 2949 2094 3021 qui
2142 2961 2356 3021 septum
2415 2957 2816 3015 transversum,
2871 2956 2928 3004 et
2975 2954 3160 3004 costas
3199 2946 3332 3002 sub-

1749 3045 2055 3114 cingentem
2100 3044 2498 3110 membranam,
2545 3056 2712 3096 unam
2768 3041 3126 3110 eamdemque
3154 3053 3331 3094 mem-

61 3127 294 3192 ἐκεῖνος,
325 3127 422 3180 καὶ
445 3126 574 3181 ἄλλο
596 3127 638 3159 ⁸⁸
667 3121 844 3192 οὗτος.
891 3129 1132 3192 Ἐκεῖνος
1166 3128 1266 3198 μὲν
1301 3127 1412 3199 γὰρ
1443 3128 1631 3198 διαχω-

1752 3141 1978 3196 branam
2011 3153 2156 3204 esse,
2181 3137 2275 3194 sed
2307 3152 2416 3191 non
2457 3145 2604 3192 recte
2627 3134 2835 3205 opinati
2883 3143 3032 3190 sunt.
3063 3131 3198 3187 Nam
3223 3132 3330 3188 alia

61 3218 204 3288 οιζει
241 3218 313 3273 τά
343 3236 403 3273 τε
431 3221 490 3272 ὲν
518 3218 596 3292 τῷ
628 3218 862 3292 θώρακι,
891 3222 988 3275 καὶ
1027 3220 1098 3274 τὰ
1143 3220 1248 3274 ὑπὸ
1294 3221 1386 3274 τὸν
1419 3220 1647 3293 θώρακα

61 3313 372 3382 σπλάγχνα,
405 3312 502 3366 καὶ
529 3312 629 3383 τὴν
663 3311 940 3384 ἀναπνοὴν
974 3313 1220 3384 ἐνεργεῖ,
1257 3313 1443 3377 καθὼς
1475 3313 1648 3386 ἔφθην

61 3403 265 3458 εἰπών’
300 3398 456 3468 οὗτος
487 3404 545 3458 δὲ
585 3404 682 3468 τὰς
728 3404 970 3476 πλευρὰς
1016 3405 1388 3470 ὑποξωννύει,
1423 3408 1518 3460 καὶ
1557 3406 1650 3460 τὸν

61 3500 346 3567 πνεύμονα
387 3496 735 3566 διαφυλάττει
783 3497 883 3568 τῆς
922 3497 1131 3551 τούτων
1187 3497 1412 3568 βλάϐης.
1451 3497 1556 3552 Τὸν
1593 3498 1652 3551 δὲ

61 3591 156 3643 τοῦ
197 3589 615 3659 διαφράγματος
654 3589 827 3660 ὑμένα
866 3589 1244 3658 περίπεπλον
1275 3589 1525 3658 λέγουσι’
1561 3588 1654 3643 διὰ

61 3680 118 3733 τὸ
163 3681 565 3751 περιειλεῖσθαι
591 3681 636 3712 ’δ’
675 3680 840 3734 αὑτὸν
879 3683 994 3745 τοῖς
1039 3681 1393 3751 σπλάγχνοις.
1426 3683 1495 3734 Ἦ
1545 3680 1652 3736 πέ-

61 3776 247 3837 πλον,
276 3773 365 3827 διὰ
395 3774 456 3826 τὸ
486 3772 870 3840 ὑφαπλοῦσθαι
900 3773 966 3804 ⁸⁵³·
998 3773 1031 3843 ἢ
1061 3772 1254 3838 πάτος
1288 3773 1396 3826 ἀπὸ
1425 3773 1518 3827 τοῦ
1553 3791 1655 3827 πε-

61 3865 297 3935 ττῆχοαι,
335 3867 429 3918 καὶ
457 3860 569 3919 οἷον
602 3866 954 3936 συνεσφῖχθαι
977 3883 991 3897 ο
1026 3865 1107 3919 διὸ
1131 3866 1226 3920 καὶ
1249 3867 1278 3919 ὁ
1307 3865 1654 3937 Καλλίμαχος

61 3957 244 4022 >ὔτως
264 3959 390 4030 ἔφη’
424 3960 605 4029 Ἥρης
651 3962 842 4032 ἁγνὸν
863 3962 1236 4032 ὺφηνέμεναι
1259 3961 1401 4032 τῇσι
1423 3963 1658 4033 μέμηλε

61 4047 260 4115 πάτος
281 4047 348 4103 ⁸⁸.
379 4049 499 4103 Εἰσὶ
515 4051 571 4103 δὲ
595 4053 737 4105 κατὰ
768 4054 956 4123 σχῆμα
981 4053 1037 4106 αἱ
1059 4053 1299 4124 πλευραὶ
1326 4055 1425 4125 οὐχ
1446 4055 1653 4123 ὅμοιαι’

61 4138 186 4194 Ξιλλ’
218 4141 275 4192 αἱ
315 4140 414 4210 μὲν
446 4142 786 4211 ἐπικαμπεῖς
809 4181 824 4206 ,
855 4144 912 4195 αἱ
940 4143 997 4196 δὲ
1028 4143 1390 4198 ἀνανεύουσαι
1435 4144 1572 4213 πρὸς
1597 4144 1659 4197 τὸ

61 4233 298 4304 στέρνον
319 4250 331 4263 ·
358 4231 419 4285 τὸ
451 4232 602 4295 τέλος
632 4233 854 4304 ἔχουσαι
887 4234 1134 4305 χόνδρον,
1166 4235 1282 4289 ἀλλ’
1317 4235 1419 4289 οὐκ
1447 4234 1657 4288 ὀστοῦν.

61 4323 417 4396 Στρογγύλαι
449 4325 550 4395 μὲν
583 4324 735 4379 ἔνθεν
755 4366 770 4392 ,
800 4325 1009 4378 ἐκεῖθεν
1044 4327 1101 4379 δὲ
1150 4327 1430 4380 πλατεῖαι·
1463 4327 1664 4380 ὲναπου

1749 3233 1969 3304 quidem
2004 3231 2116 3296 illa,
2148 3230 2253 3286 alia
2273 3244 2402 3284 vero
2424 3230 2540 3285 hac
2557 3229 2808 3284 habetur.
2835 3225 3058 3297 Septum
3095 3240 3336 3294 namque

1753 3337 2149 3389 transversum,
2179 3339 2241 3378 ea
2301 3338 2425 3393 qua
2454 3322 2507 3376 in
2539 3323 2762 3376 thorace
2791 3329 2939 3382 sunt,
2971 3325 3025 3373 et
3058 3333 3181 3388 qua
3229 3317 3334 3372 sub

1752 3419 1871 3488 ipso
1890 3417 2198 3473 consistunt
2223 3413 2455 3480 viscera,
2489 3410 2854 3475 disterminat,
2879 3416 2934 3464 et
2957 3407 3336 3478 respirationis

1753 3507 1996 3564 ofﬁcium
2028 3506 2269 3571 exhibet,
2301 3504 2383 3560 uti
2419 3504 2574 3574 prius
2598 3518 2721 3558 cum
2761 3501 2830 3557 de
2852 3500 2939 3556 bis
2990 3513 3204 3571 agerem
3240 3513 3337 3552 ex-

1753 3595 1950 3667 plicavi
1987 3612 2003 3662 ;
2039 3595 2208 3650 altera
2235 3608 2366 3651 vero
2394 3600 2576 3648 costas
2608 3589 2905 3658 subcingit,
2934 3595 2990 3644 et
3026 3586 3338 3657 pulmonem

1755 3685 2053 3755 quominus
2079 3683 2148 3738 ab
2205 3683 2340 3752 ipsis
2383 3680 2505 3736 laedi
2565 3686 2752 3749 queat,
2779 3677 2957 3733 reddit
2997 3682 3332 3744 exemptum.

1756 3777 1918 3834 Enim
1951 3791 2100 3843 vero,
2124 3771 2576 3845 diaphragmatis,
2613 3771 2720 3825 hoc
2741 3779 2823 3824 est
2863 3768 3001 3838 septi
3041 3765 3342 3822 transversi

1758 3871 2158 3930 membranam,
2185 3865 2498 3939 περίπλοον,
2547 3863 2696 3934 quod
2750 3860 3055 3917 visceribus
3101 3857 3343 3912 involva-

1761 3974 1847 4018 tur
1903 3968 2242 4030 nuncupant.
2291 3957 2419 4013 Sive
2477 3955 2674 4026 peplon
2722 3951 2891 4006 διὰτὸ
2939 3947 3342 4021 ὑφαπλοῦσθαι,

1760 4054 1907 4126 quod
1924 4053 2171 4108 videlicet
2196 4049 2301 4119 ipsi
2327 4049 2377 4102 iu
2410 4048 2549 4118 pepli
2572 4046 2794 4102 modum
2826 4044 3230 4106 substernatur,
3260 4039 3346 4095 vel

1761 4146 1956 4208 πάτος,
2003 4142 2111 4197 ἀπὸ
2155 4139 2250 4194 τοῦ
2305 4139 2604 4209 πεπῆχθαι,
2635 4137 2732 4190 καὶ
2791 4132 2903 4188 οἷον
2964 4131 3343 4202 συνεσφίχθαι,

1762 4235 1907 4305 quod
1922 4249 2040 4289 com
2047 4242 2203 4304 pacta
2212 4248 2262 4286 nt
2279 4246 2401 4286 esse
2413 4229 2874 4296 constrictamque
2886 4227 3177 4295 interpreta
3185 4225 3344 4279 reris.

1766 4326 1838 4382 Ut
1866 4327 2238 4381 Callimachus
2284 4322 2460 4390 inquit
2507 4339 2521 4374 :
2573 4321 2756 4390 ’Ἥρης
2789 4318 2956 4385 ἁγνὸν
3013 4317 3348 4387 ύφηνέμεναι

61 4418 298 4470 δέουσαι
331 4416 624 4487 ἀλλήλαις,
658 4417 753 4471 καὶ
793 4417 1254 4488 ὲναπομένουσαι.
1301 4417 1566 4488 Εἶρηνται
1604 4416 1631 4469 δ

1764 4421 1890 4489 τῇσι
1923 4415 2133 4486 μέμηλε
2161 4414 2348 4476 πάτος,
2387 4411 2533 4481 quod
2577 4409 2809 4465 studiosi
2850 4423 2947 4477 pro
2993 4409 3077 4464 sui
3123 4407 3351 4460 arbitrio

61 4506 358 4576 mist-1:02,
389 4508 473 4561 ὅτι
516 4507 746 4579 πλήρεις
791 4509 899 4561 εἰσὶ
948 4508 1164 4578 μυελῶν
1211 4506 1659 4579 ἁναμυχωτοιοῆ

61 4600 188 4656 οἷον
219 4601 542 4672 πολυευραὶ,
570 4601 645 4664 ὡς
681 4600 932 4654 πλατεῖαι
965 4600 1062 4654 κατ⁹
1088 4601 1274 4672 χώραν
1313 4600 1519 4668 πολλὴν
1549 4599 1664 4651 δια-

61 4693 433 4762 κατέχουσαιο
463 4692 496 4763 ἢ
528 4692 808 4765 πολυωρα“ι
839 4690 1019 4757 οὖσαι,
1054 4691 1130 4756 ὼς
1165 4693 1544 4761 φυλάσσουσαι
1568 4691 1666 4745 καὶ

61 4784 438 4857 περιέχουσαι
488 4785 582 4838 τὸν
627 4785 932 4856 πνεύμονα,
982 4785 1081 4854 τὴν
1132 4785 1394 4856 καρδίαν,
1432 4785 1527 4838 καὶ
1564 4785 1666 4853 τὴν

61 4877 349 4950 γαστέρα·
377 4877 486 4931 ἀπὸ
515 4877 612 4932 τοῦ
649 4878 833 4949 ὼρεῖν,
852 4879 1019 4949 ἤγουν
1053 4877 1372 4946 φυλάττειν’
1403 4876 1498 4930 καὶ
1518 4893 1665 4948 κηπο

64 4969 262 5040 ωρὺς,
302 4971 398 5023 καὶ
426 4971 673 5042 θυρωρὸς
705 4970 764 5036 ea
797 4971 988 5026 αὐτοῦ·
1019 4971 1095 5034 ὡς
1127 4971 1222 5024 καὶ
1261 4969 1529 5032 Ἠσίοδοςο

1697 4461 1739 4515 D

1769 4512 2208 4580 interpretentur.
2240 4504 2357 4560 Non
2388 4506 2532 4558 enim
2562 4511 2729 4558 costa
2763 4501 2932 4573 ﬁgura
2957 4501 3189 4555 invicem
3217 4514 3352 4552 con-

1767 4601 2014 4665 veniunt,
2037 4598 2130 4654 sed
2149 4596 2396 4667 quadam
2418 4610 2680 4661 recurva,
2705 4594 2826 4649 aliae
2843 4607 2970 4647 vero
2982 4592 3047 4646 ad
3065 4600 3254 4660 pectus
3271 4591 3353 4644 in-

1769 4700 2020 4755 nuentes,
2049 4691 2104 4744 in
2133 4688 2530 4758 cartilaginem,
2563 4701 2671 4740 non
2685 4695 2865 4741 autem
2901 4685 2955 4738 in
2982 4699 3045 4738 os
3069 4682 3352 4738 desinunt.

1769 4785 1833 4839 Et
1861 4783 2209 4838 extrinsecus
2261 4780 2480 4849 quidem
2536 4780 2807 4842 rotunda,
2857 4777 3190 4831 intrinsecus
3223 4787 3356 4828 vero

1767 4877 1890 4930 latae
1919 4876 2106 4945 iigura
2151 4881 2302 4935 sunt.
2353 4883 2408 4927 et
2435 4871 2771 4935 deﬁcientes,
2812 4885 2878 4924 ac
2910 4868 3077 4924 veluti
3105 4881 3227 4922 sese
3255 4880 3356 4919 ex-

1768 4967 2443 5036 spectantes,consistunt.
2471 4964 2530 5018 ln
2557 4977 2747 5018 earum
2773 4976 2902 5016 vero
2926 4973 3176 5031 suprema
3207 4963 3359 5026 parte

61 5063 344 5128 medulla,
396 5077 504 5117 non
571 5072 753 5119 autem
789 5063 843 5118 in
898 5064 1087 5119 intima
1157 5063 1371 5118 visitur.
1401 5061 1510 5117 Has
1574 5060 1631 5114 π]

1755 5059 1820 5124 ὰς
1881 5059 1952 5115 ob
1998 5059 2052 5115 id
2086 5059 2360 5124 dictitant,
2393 5053 2506 5111 οἷον
2561 5054 2884 5126 πολυευρὰς,
2937 5053 3028 5106 καὶ
3072 5048 3351 5113 πλατείας,

61 5159 231 5235 quod
300 5159 354 5214 in
394 5160 686 5230 plurimam
725 5159 1066 5215 latitudinem
1109 5167 1414 5230 porrectas,
1444 5173 1509 5213 ac
1534 5157 1764 5212 multum
1802 5156 1907 5211 loci
1941 5164 2272 5226 occupantes
2300 5162 2448 5209 recte
2479 5152 2700 5206 dixeris.
2729 5150 2854 5204 Sive
2890 5146 3171 5215 πυλεωραὶ
3203 5137 3358 5196 οὖσαι

61 5259 192 5315 Ξιπδ
216 5254 313 5310 τοῦ
330 5255 513 5328 ὼρείν,
539 5258 631 5310 καὶ
669 5257 977 5326 φυλάττειν,
1017 5255 1163 5325 quod
1217 5255 1508 5310 terminare
1536 5268 1602 5308 ac

1752 5253 1916 5308 Lodire
1941 5252 2176 5317 diceres,
2231 5250 2489 5320 quoniam
2529 5249 2658 5303 dum
2690 5247 3000 5316 pulmonem
3050 5250 3105 5297 et
3149 5256 3265 5302 eor,
3295 5254 3361 5294 ac

61 5345 191 5403 ιιινί
233 5346 370 5400 lines
411 5355 650 5412 servant,
722 5344 828 5415 91
863 5345 1316 5414 custodiuntque,
1361 5357 1550 5399 eorum
1603 5342 1951 5398 excubitores
2023 5355 2087 5396 ac
2139 5339 2322 5395 aditui
2362 5339 2660 5404 habentur;
2693 5345 2752 5390 ut
2793 5332 3064 5390 Hesiodus
3115 5330 3183 5386 de
3217 5338 3360 5384 terra

61 5436 270 5510 inquit
294 5454 309 5490 :

150 5639 210 5673 “
230 5640 567 5711 διήρθρωται
597 5641 640 5692 Β
678 5639 739 5693 C.
774 5711 777 5712 ν
821 5640 865 5672 ³⁵
900 5641 1282 5712 συνήρθρωται
1314 5643 1354 5694 Β
1383 5641 1444 5697 C.
1523 5641 1568 5674 ³⁸
1596 5631 2017 5712 παπ-πλευρὰς
2061 5632 2101 5686 Β
2135 5631 2196 5712 P;
2246 5629 2320 5712 ⁸³⁷
2368 5622 3032 5712 ξυναρέομουμέναςηῐῗςῌ
3054 5615 3362 5712 ξ’,ῖῗέῗξξ

61 5715 132 5767 δὲ
165 5712 296 5773 ταῖς
319 5712 380 5765 Β.
459 5713 502 5742 ³³
531 5729 566 5779 φ

576 5711 812 5782 ρενιτιᾶν
937 5713 997 5766 Ρ.
1022 5698 1053 5712 ”
1077 5698 1124 5743 ⁸6
1143 5713 1301 5775 ἄλλος
1326 5714 1386 5766 Β.
1475 5713 1518 5743 ’⁸³
1553 5711 1710 5782 ἄλλος
1881 5698 2334 5782 ⁴ίρπεριειλῆσθαι
2360 5698 2429 5782 .Β.

2534 5699 2554 5729 ³
2580 5684 2839 5768 (ίιιω’δθίι.
2865 5684 3034 5762 usque
3057 5688 3123 5744 ad
3147 5684 3360 5758 μέμηλε

62 5767 400 5843 πάτοςόιη.
434 5781 473 5832 Β
504 5767 588 5836 (11'
645 5781 687 5812 δ”
718 5781 842 5850 ἦρις
872 5781 936 5836 ἂν
968 5767 1425 5853 ύφηέμεναίτῇσι
1469 5781 1631 5851 μέμηῖ

1752 5780 1885 5842 ςατος
1933 5767 2049 5830 Lat.
2081 5767 2235 5830 Vera.
2272 5771 2393 5827 add.
2442 5767 2533 5824 Fr.
