3856 6406
108 318 275 374 ίὶιὸ

1391 311 1475 364 DE
1512 311 1796 367 NATURA
1838 313 2142 369 HOMINIS.

3266 332 3406 392 12H

99 431 215 485 τοῦ
249 426 486 490 εύπαθές
515 442 526 454 ·
560 424 698 479 ἀλλὰ
733 425 827 479 καὶ
863 425 894 477 ό
922 425 1194 495 περιέχων
1233 425 1398 479 αὑτὸν
1426 426 1470 458 ⁸³
1506 425 1701 496 θώραξ.

1823 433 2165 494 peramento,
2190 441 2254 482 ac
2283 441 2472 483 crassa
2505 429 2854 488 exhalatione
2879 431 2997 490 laedi
3029 436 3188 495 facile
3225 457 3411 512 queat.

99 523 198 586 ὡς
231 518 534 590 νευρώδης,
560 517 796 589 ἑτοίμως
821 517 1117 588 πλήττεται
1140 517 1246 572 ὑπὸ
1267 517 1452 588 πάσης
1471 516 1717 586 ψύξεως.

1824 514 1893 570 Ει
1939 531 2048 571 non
2107 515 2272 572 modo
2324 517 2513 588 pulmo
2563 519 2722 588 ipse.
2779 524 2874 578 sed
2933 535 2990 579 et
3035 530 3179 596 quod
3230 531 3412 602 ipsum

122 615 295 668 Ἐπεὶ
324 609 418 668 οὖν
443 611 636 683 μόριόν
665 613 815 666 ἐστιν
849 613 907 664 ἐν
937 610 1119 681 έαυτῷ
1149 609 1406 681 περιέχον
1435 610 1511 673 ῶς
1539 611 1701 663 sta-eli

1824 605 2246 676 comprehendit
2299 617 2508 678 pectus,
2544 625 2612 665 ex
2663 626 2729 666 eo
2750 613 2897 682 quod
2951 619 3133 673 nervis
3170 621 3413 680 obsitum

99 703 226 774 τὴν
247 703 397 774 ζωὴν
418 701 515 755 τοῦ
541 700 856 772 ἀνθρώπου,
883 699 1027 769 λέγω
1047 700 1112 772 δὴ
1135 701 1196 753 τὸ
1216 700 1462 771 ἔμφυτον
1485 698 1715 772 θερμὸν,

101 789 182 850 οὗ
222 811 373 857 τινος
407 793 776 864 ἐργαστήριον
820 793 1069 861 πέφυκεν
1110 795 1144 863 ἡ
1174 792 1406 862 καρδία·
1450 791 1610 846 τοῦτο
1657 792 1716 846 δὲ

99 887 211 940 ἀεὶ
251 886 413 958 χρεία
445 887 562 939 ἐστὶ
613 882 927 957 ῥιπίζεσθαι
974 886 1038 953 ⁸⁸,
1077 883 1533 958 ἁναρρώννυσθαί
1584 901 1645 937 τε
1668 884 1713 916 ⁸⁷

104 981 270 1034 κατὰ
315 979 516 1052 φύσιν
563 980 706 1050 ὅπερ
757 979 966 1049 γίνεται
1014 978 1108 1034 διὰ
1162 980 1265 1050 τῆς
1315 979 1579 1050 είσπνοῆς
1617 978 1715 1032 καὶ

101 1072 383 1145 ἐκπνοῆς.

190 1243 367 1303 Δῦται
395 1247 452 1301 δὲ
473 1249 530 1301 αι
553 1248 796 1317 κινήσεις
830 1245 937 1300 ύπδ
972 1246 1210 1317 ψυχικῆς
1236 1246 1523 1317 δυνάμεως
1557 1247 1712 1314 ἐνερ-

99 1339 348 1407 γοῦνται
377 1343 444 1411 τῇ
485 1339 740 1410 διαστολῇ
770 1339 865 1393 τοῦ
911 1337 1160 1410 θώρακος
1187 1339 1284 1392 καὶ
1323 1342 1392 1409 τῇ
1437 1338 1707 1409 συστολῇ,

101 1432 306 1497 καθὼς
335 1431 648 1503 ἔμπροσθεν
677 1432 898 1502 εἴρηται
918 1449 931 1461 ο
955 1430 1149 1485 τούτου
1174 1432 1338 1502 χάριν
1355 1434 1385 1485 ό
1405 1431 1610 1502 θώραξ,
1633 1433 1710 1496 ὡς

99 1526 470 1598 περιεκτικδς
489 1525 590 1596 τῆς
612 1527 671 1578 ὲν
695 1527 827 1596 ἡμῖν
853 1525 1022 1595 ζωῆς,
1045 1524 1264 1588 πολλοῖς
1287 1525 1450 1594 μυσὶν
1471 1525 1704 1597 ἐτιμήθη

99 1617 213 1668 καὶ
253 1615 584 1686 συνεστάθη.
618 1615 727 1668 Καὶ
772 1614 934 1685 δῆλον
981 1617 1068 1669 ὅτι
1117 1615 1333 1669 πολλῶν
1378 1615 1548 1670 ὄντων
1596 1616 1706 1670 τῶν

103 1708 296 1778 μυῶν,
328 1707 501 1762 πολλὰ
543 1707 637 1762 καὶ
671 1707 739 1762 τὰ
771 1707 943 1777 νεῦρά
983 1707 1124 1775 ἐστι,
1153 1705 1222 1760 τὰ
1243 1707 1585 1778 χορηγοῦντα
1605 1708 1702 1760 αύο

1820 701 1904 748 est
1929 710 1960 747 a
1995 696 2352 764 quantulovis
2378 697 2585 769 frigore
2612 701 2816 757 damno
2859 703 3118 762 afficitur.
3141 709 3415 777 Quoniam

1820 785 1986 855 igitur
2012 803 2141 858 pars
2167 789 2220 843 in
2255 790 2376 860 ipso
2429 801 2532 858 est,
2572 809 2695 863 quae
2733 795 2974 853 hominis
3007 797 3178 857 ferme
3221 805 3412 870 vitam,

1819 877 2047 934 insitum
2084 881 2338 938 videlicet
2367 883 2602 939 calorem
2635 888 3068 956 comprehendit,
3104 894 3263 963 cujus
3291 897 3417 966 qui-

1818 969 1941 1024 dem
1983 986 2080 1025 cor
2110 971 2336 1029 officina
2377 975 2631 1042 habetur,
2662 977 2808 1033 hunc
2847 996 3238 1055 usquequaque
3265 989 3416 1042 exci-

1817 1063 1920 1116 tari
1975 1072 2188 1120 naturae
2250 1067 2448 1123 ordine
2506 1070 2810 1140 agitarique
2842 1087 2983 1142 opus
3033 1085 3139 1143 est,
3173 1079 3410 1147 quodex

1815 1155 1932 1225 ipsa
1963 1158 2193 1226 spiritus
2229 1160 2662 1229 reciprocatione
2685 1163 2802 1218 fieri
2827 1166 3090 1222 cernitur.

1880 1245 1946 1302 Hi
1974 1258 2156 1303 autem
2195 1261 2398 1314 motus,
2431 1267 2543 1320 prae
2572 1255 2949 1310 contractione
2975 1257 3409 1330 remissioneque

1814 1337 2072 1403 thoracis,
2109 1341 2571 1409 quemadmodum
2599 1345 2754 1412 prius
2778 1346 3040 1414 diximus,
3086 1349 3155 1403 ab
3183 1351 3406 1406 animali

1811 1429 1989 1482 calore
2009 1428 2359 1485 efficiuntur:
2386 1432 2488 1486 hac
2509 1433 2576 1486 de
2601 1448 2764 1488 causa
2791 1437 3070 1492 thoracem
3095 1440 3295 1508 ipsum,
3324 1451 3411 1495 ut-

1810 1531 1936 1588 p0te
1963 1522 2236 1590 quivitam
2253 1537 2376 1592 qua:
2397 1523 2450 1576 in
2476 1523 2634 1578 nobis
2647 1534 2730 1578 est
2755 1528 3190 1594 comprehcndit,
3210 1541 3407 1587 natura

1809 1613 2074 1668 musculis
2138 1613 2422 1684 insignivit
2461 1614 2806 1686 refcrsitque.
2876 1617 2942 1674 Et
2993 1635 3119 1675 cum
3179 1624 3402 1693 plurimi

1812 1702 2123 1771 hujusmodi
2175 1706 2407 1762 musculi
2448 1707 2737 1773 exsistant,
2777 1717 2831 1762 et
2883 1725 3079 1764 nervos
3137 1713 3406 1782 plurimos

97 1802 229 1865 τοῖς
268 1801 368 1871 τὴν
410 1798 702 1873 κινητικὴν
726 1798 981 1868 δύναμιν.
1036 1797 1118 1852 Τὰ
1159 1793 1254 1852 οὖν
1302 1799 1348 1832 ³⁸
1388 1798 1556 1870 νεῦρα
1605 1799 1701 1852 ύπὲ

1814 1807 1932 1847 esse
1967 1793 2063 1863 qui
2097 1793 2208 1849 illis
2238 1795 2495 1850 movendi
2523 1796 2836 1852 facultatem
2874 1799 3255 1870 impertiantur
3276 1821 3401 1861 cer~

100 1893 176 1962 φ)
187 1892 498 1964 εγματικού
521 1894 590 1957 ³³,
615 1893 712 1946 καὶ⁵
734 1891 961 1962 παχέος,
985 1891 1080 1945 καὶ
1101 1891 1368 1962 γλίσχρου
1390 1892 1702 1964 τρεφόμενα

100 1983 319 2054 χυμοῦ,
364 1982 600 2052 ἑτοίμως
633 1980 740 2034 ὑπὸ
773 1980 876 2050 τῆς
906 1979 1276 2052 ψυχρότητος,
1313 1979 1410 2034 καὶ
1454 1979 1702 2050 ἑμφράτ·

96 2094 291 2139 τεται,
327 2076 425 2130 καὶ
451 2075 776 2146 πλήττεται.

181 2169 285 2221 Διά
321 2167 522 2232 ταῦτα,
555 2167 656 2220 καὶ
677 2165 900 2236 φλέϐες,
938 2165 1034 2220 καὶ
1067 2164 1354 2237 ἀρτηρίαι,
1383 2165 1480 2218 καὶ
1510 2165 1700 2233 νεῦρα,

99 2263 212 2314 καὶ
244 2259 561 2328 σύνδεσμοι,
593 2259 689 2312 καὶ
738 2257 979 2329 χόνδροι,
1015 2257 1114 2311 καὶ
1154 2257 1364 2328 πιμελὴ
1387 2258 1444 2309 ὲν
1475 2255 1554 2326 τῷ
1599 2255 1703 2309 θώ-

102 2370 271 2423 ρακι,
311 2353 397 2405 ῖνα
454 2352 552 2406 καὶ
600 2352 920 2423 θερμότητα
979 2351 1080 2422 τὴν
1111 2351 1341 2406 δέουσαν
1394 2349 1699 2423 χορηγῶσι,

99 2447 211 2500 καὶ
236 2445 339 2510 τὰς
369 2444 473 2516 τῆς
493 2444 710 2515 ψύξεως
732 2445 1046 2514 ἀπείργωσι
1079 2443 1308 2514 βλάσας,
1331 2443 1542 2506 καὶτὰς
1565 2443 1700 2512 παρ’

98 2539 362 2612 ἀλλήλων
417 2537 688 2608 ώφελείας
739 2536 1087 2606 καρπῶνται.
1130 2535 1295 2606 Ἡμῖν
1337 2535 1450 2605 γὰρ
1481 2537 1526 2568 ⁸ο
1559 2535 1701 2604 φλὲψ

98 2632 325 2705 τροφὴν
371 2632 603 2702 χορηγεῖ
656 2628 735 2700 τῷ
768 2628 980 2700 νεύρῳ,
1037 2629 1132 2683 καὶ
1182 2632 1248 2700 τῇ
1293 2627 1555 2700 ἀρτηρίᾳ,
1605 2628 1701 2681 καὶ

97 2727 229 2787 τοῖς
270 2722 480 2785 λοιποῖς
537 2720 754 2794 μορίοις
798 2720 894 2774 τοῦ
947 2720 1235 2792 θώρακος·
1272 2722 1476 2792 μᾶλλον
1520 2722 1578 2775 δὲ
1604 2721 1699 2776 τοῦ

99 2814 317 2878 παντὸς
373 2813 650 2884 σώματος.
720 2813 783 2866 Ἦ
833 2812 890 2866 δὲ
948 2814 1188 2884 ἀρτηρία
1245 2813 1571 2884 μεταδίδωσι
1629 2817 1699 2884 τῇ

101 2904 280 2975 φλεϐὶ
309 2905 404 2959 καὶ
432 2907 550 2968 τοῖς
577 2904 765 2968 ἄλλοις
803 2904 1114 2976 θερμασίας
1158 2907 1417 2976 φυσικῆς,
1462 2906 1556 2960 καὶ
1591 2907 1702 2970 Co)-

99 2994 270 3051 τικοῦ
303 2995 640 3067 πνεύματος.
703 2995 778 3049 Τὸ
807 2996 866 3049 δὲ
915 2995 1111 3067 νεῦρον
1159 2996 1418 3067 αἴσθησιν
1467 2998 1700 3070 παρέχει

100 3090 310 3153 αὑταῖς
365 3107 450 3154 τε,
494 3088 588 3142 καὶ
639 3087 719 3159 τῷ
772 3089 940 3143 παντὶ
983 3089 1218 3160 σώματι.
1264 3088 1474 3160 Πολλὴν
1502 3089 1560 3142 δὲ
1605 3090 1700 3144 καὶ

1806 1897 1920 1943 tum
1983 1897 2085 1944 est.
2140 1889 2278 1944 Cum
2334 1890 2487 1945 nervi
2548 1891 2734 1961 itaque
2788 1894 3054 1962 pituitoso
3101 1912 3405 1968 crassoque

1805 1996 1871 2036 ac
1931 1981 2080 2036 lento
2128 1996 2330 2052 vapore
2395 1981 2632 2049 alantur,
2719 1982 2893 2054 frigus
2935 1987 3200 2044 nimirum
3277 2006 3403 2046 sen-

1803 2073 2022 2139 tientes,
2062 2074 2212 2144 quati
2265 2074 2414 2144 ipsos
2469 2074 2846 2146 confringique
2893 2079 3110 2134 accidit.

1873 2163 1988 2219 Hac
2034 2165 2101 2220 de
2122 2181 2288 2220 causa
2309 2206 2324 2230 ,
2353 2181 2502 2220 venae
2529 2206 2548 2231 ,
2577 2167 2725 2221 nervi
2754 2205 2769 2232 ,
2809 2172 3042 2237 arterize,
3074 2172 3362 2243 ligamenta
3382 2213 3399 2238 ,

1803 2257 2151 2327 cartilagines
2165 2267 2358 2328 ,atque
2377 2259 2611 2330 exungia
2627 2259 2679 2312 in
2700 2261 2920 2316 thorace
2942 2245 3268 2328 consistunt,
3287 2282 3400 2335 quo

1805 2359 1920 2403 tum
1969 2349 2250 2404 decentem
2300 2350 2538 2405 calorem
2585 2351 2707 2406 loco
2756 2352 2857 2421 ipsi
2910 2353 3019 2423 93
3068 2355 3395 2424 impertian-

1805 2448 1916 2504 tur,
1974 2448 2089 2494 tum
2127 2441 2328 2496 damna
2378 2456 2410 2496 a
2463 2440 2666 2512 frigore
2722 2443 3099 2512 prownientia
3152 2446 3400 2524 abigam,

1804 2531 2281 2602 amolianturque,
2373 2547 2589 2586 necnon
2687 2533 3066 2596 vicissitudine
3163 2545 3400 2612 quadam

1804 2621 1946 2678 inter
1985 2639 2047 2678 se
2086 2623 2477 2679 communibus
2513 2633 2825 2685 commodis
2870 2631 3199 2688 fruerentur.
3249 2634 3398 2691 Vena

1803 2730 2042 2784 namque
2089 2715 2231 2785 ipsa.
2272 2731 2463 2786 nerve,
2508 2737 2572 2776 ac
2622 2723 2856 2782 arteria}.
2908 2725 3240 2794 reliquisque
3277 2727 3404 2781 tho-

1804 2805 1969 2869 racis.
2031 2807 2114 2860 vel
2162 2809 2350 2876 potius
2391 2815 2560 2868 totius
2593 2815 2841 2884 corporis
2881 2817 3126 2884 partibus
3166 2818 3400 2873 alimen-

1805 2908 1919 2954 tum
1952 2899 2356 2962 subministrat.
2405 2905 2620 2962 Arteria
2649 2923 2802 2971 vero,
2854 2909 3123 2963 naturalis
3172 2911 3423 2975 caloris,-

1803 3007 1869 3046 ac
1914 2991 2098 3047 vitalis
2149 2993 2378 3067 spiritus
2432 3000 2573 3065 vim,
2625 3014 2732 3053 non
2796 3016 2946 3055 vena:
3007 3010 3253 3067 tantum,
3300 3003 3401 3058 sed

1806 3083 2032 3153 reliquis
2057 3083 2225 3142 etiam
2265 3090 2515 3158 partibus
2556 3090 2885 3160 impartitur.
2927 3091 2972 3144 Α
3007 3106 3174 3146 nervo
3214 3103 3394 3148 autem

100 3181 270 3252 παρὰ
298 3180 400 3252 τῆς
443 3181 671 3252 καρδίας
699 3181 799 3249 τὴν
831 3181 1072 3253 φυσικὴν
1102 3181 1420 3255 θερμότητα
1460 3185 1489 3236 ό
1517 3182 1701 3256 θώραξ

1814 3176 1920 3240 illa,
1954 3185 2010 3236 et
2046 3195 2170 3236 cum
2222 3181 2339 3250 ipsa
2379 3190 2552 3236 totum
2586 3196 2787 3252 corpus
2829 3198 3054 3238 sensum
3096 3184 3394 3240 vindicant.

98 3275 403 3346 λαμσάνει,
438 3275 514 3338 ῶς
539 3269 688 3338 οἶκος
716 3274 980 3345 ὑπάρχων
1009 3273 1201 3346 αὐτῆς.

189 3455 347 3508 Ἔστι
381 3454 441 3507 δὲ
485 3453 519 3524 ἡ
563 3452 762 3524 καρδία
796 3451 1098 3526 νευρώδης,
1157 3452 1253 3507 καὶ
1307 3452 1552 3530 μυώδης,
1610 3461 1707 3514 καὶ

99 3547 429 3619 φλεϐώδης·
465 3545 663 3617 ἔχουσα
703 3546 800 3602 καὶ
844 3546 1138 3617 ἀρτηρίας,
1192 3547 1289 3600 καὶ
1343 3546 1439 3605 δύο
1492 3552 1708 3616 κοιλίας

99 3638 237 3694 κατ’
265 3639 554 3709 ἀμφότερα
594 3637 741 3710 μέρη
775 3637 818 3668 ⁶¹
854 3635 1030 3706 αὐτῆς
1052 3653 1066 3667 ⁸
1103 3637 1163 3690 ἐν
1212 3636 1302 3704 αἶς
1351 3643 1614 3710 γεννᾶται
1645 3643 1708 3694 τὸ

100 3733 358 3802 ἔμφυτον
381 3728 610 3801 θερμὸν,
636 3729 733 3783 καὶ
755 3728 816 3782 τὸ
836 3727 1074 3792 ζωτικὸν
1101 3731 1343 3802 πνεῦμα.
1385 3733 1705 3802 Ἐμπέφυκε

96 3826 174 3880 δὲ
211 3825 350 3895 αὐτῇ
394 3826 428 3895 ὴ
464 3823 679 3894 μεγάλη
715 3822 958 3897 ἀρτηρία
1003 3826 1098 3879 καὶ
1131 3824 1348 3896 πρώτη,
1377 3825 1446 3896 ἢν
1476 3825 1705 3894 ἀορτὴν

97 3916 372 3971 καλέουσι
399 3916 477 3950 ⁶¹ο
517 3914 586 3968 δι’
620 3909 688 3985 ἧς
719 3919 1045 3988 χορηγεῖται
1090 3919 1213 3980 ταῖς
1252 3917 1297 3948 ⁸³
1337 3918 1580 3980 ἁπάσαις
1608 3916 1703 3970 τοῦ

101 4009 374 4080 σώματος
404 4009 450 4039 ⁸⁸
496 4008 817 4080 ἀρτηρίαις,
851 4011 879 4063 ὃ
917 4026 978 4062 τε
1019 4008 1252 4074 ζωτικὸς
1291 4009 1466 4073 τόνος,
1524 4010 1622 4062 καὶ
1669 4010 1702 4078 ἡ

100 4105 355 4174 ἔμφυτος
393 4101 700 4176 θερμασία.
757 4103 1001 4158 Ζωτικὸν
1053 4102 1111 4156 δὲ
1149 4103 1306 4156 τόνον
1335 4103 1426 4156 τὸν
1455 4101 1702 4172 σφυγμὸν

99 4193 367 4264 λέγομεν.
404 4193 512 4250 Τὸν
561 4195 673 4266 γὰρ
715 4193 970 4265 σφυγμὸν
1016 4196 1084 4264 τῇ
1115 4193 1318 4265 καρδίᾳ
1364 4195 1399 4264 ἠ
1450 4192 1521 4246 τὰ
1564 4193 1703 4263 σύμ-

101 4301 296 4339 παντα
326 4285 694 4359 οῖκονομοῦσα
723 4287 768 4318 ⁸⁵
800 4283 1100 4356 ἐχαρίσατο
1125 4285 1370 4356 Δύναμις
1405 4285 1470 4343 ⁸⁸.
1507 4285 1593 4339 ἵνα
1613 4285 1704 4338 διὰ

105 4379 222 4451 μδ)
274 4379 540 4450 συκαῖς
611 4377 840 4449 ἑκθλίόῃ
886 4377 984 4431 καὶ
1026 4377 1375 4447 ὲκπυρηνίζῃ
1424 4377 1468 4407 ⁸⁷
1509 4376 1578 4429 τὰ
1618 4375 1702 4428 λι-

104 4472 330 4544 γνυώδη
365 4473 537 4542 αὐτῆς
567 4470 986 4542 περιττώματα,
1015 4469 1159 4540 ἅπερ
1181 4471 1240 4521 ὲν
1271 4469 1410 4540 αὐτῇ
1443 4469 1699 4536 γεννᾶται

102 4542 204 4622 διὰ
251 4542 348 4636 τὴν
409 4565 649 4636 ἄμετρον
697 4563 871 4632 αὐτῆς
924 4560 1266 4632 θερμασίανο
1325 4560 1415 4613 διὰ
1482 4559 1542 4612 δὲ
1594 4559 1695 4629 τῆς
1729 4542 1775 4598 Ῐ)

102 4654 427 4725 διαστολῆς,
471 4653 787 4724 είσδέχηται
827 4649 1075 4721 καθαρὸν
1126 4647 1328 4713 ἔξωθεν
1361 4648 1533 4720 ἀέρα·
1570 4648 1698 4718 θερ-

109 4749 455 4824 μαινομένης
503 4745 614 4819 γὰρ
655 4746 822 4816 αὐτῆς
859 4743 1011 4814 παρὰ
1051 4742 1235 4811 φύσιν,
1272 4742 1478 4805 εὐθέως
1516 4743 1611 4794 καὶ
1640 4741 1701 4794 τὸ

107 4844 257 4908 ζῶον
278 4841 398 4894 ὅλον
431 4839 584 4912 παρὰ
619 4838 785 4908 φύσιν
820 4836 1203 4907 θερμαίνεται,
1239 4833 1336 4887 καὶ
1381 4832 1700 4903 ψυχομένης

103 4933 372 5004 ψύχεται.

187 5023 462 5076 Τέτακται
489 5021 546 5074 δὲ
581 5021 640 5073 ὲν
667 5021 804 5091 αὐτῇ
833 5019 929 5073 καὶ
959 5019 993 5090 ἡ
1025 5017 1121 5072 τοῦ
1145 5015 1319 5089 θυμοῦ
1351 5017 1606 5088 δύναμις,
1640 5018 1702 5070 τὸ

107 5108 290 5172 πάθος
313 5109 412 5180 τῆς
444 5109 622 5178 ψυχῆς
650 5109 716 5164 ⁸⁸.
754 5107 908 5178 Πάθη
949 5107 1006 5161 δὲ
1034 5111 1132 5179 τῆς
1160 5105 1340 5178 ψυχῆς
1363 5107 1616 5179 λέγομεν,
1645 5111 1703 5162 ὲν

107 5199 200 5268 οἷς
230 5202 399 5273 αὐτῆς
434 5202 538 5272 μέν
567 5203 684 5255 ἐστι
717 5201 938 5274 πρῶτον
974 5202 1020 5232 ⁶⁹
1048 5202 1081 5272 η
1107 5199 1344 5276 κίνησις,
1387 5201 1704 5272 συμπάσχει

107 5298 175 5350 δὲ
215 5295 358 5366 αὐτῇ
408 5297 442 5364 ἡ
473 5293 691 5367 καρδία,
724 5295 800 5359 ώς
828 5295 1063 5366 δργανον
1106 5295 1302 5366 αὐτῆς.
1351 5294 1413 5347 Ἢ
1444 5294 1547 5366 μὲν
1590 5294 1701 5365 γὰρ

108 5387 267 5460 Ψυχὴ
298 5387 569 5453 ἀθάνατος
599 5387 758 5454 οὖσα,
790 5387 950 5459 δῆλον
974 5389 1056 5444 ὅτι
1085 5389 1179 5442 καὶ
1208 5387 1432 5459 ἀπαθής
1457 5389 1576 5442 ἐστι
1609 5387 1654 5418 ⁷⁸
1680 5405 1695 5419 ο

183 5613 238 5650 ³³
253 5614 440 5686 αὐτὴν,
467 5615 545 5686 Αζ
606 5616 654 5647 ⁸⁸
686 5617 805 5684 ῥιπ.
846 5614 994 5686 ἐστὶν
1021 5614 1111 5686 Βε
1159 5612 1205 5644 ⁸⁷
1225 5611 1707 5686 αναρώνυσθαίῇτε
1851 5613 2075 5686 ἀναρρω

1809 3265 2012 3326 Verum
2055 3287 2086 3326 a
2143 3270 2308 3326 corde
2357 3272 2476 3342 ipso
2523 3273 2740 3338 thorax,
2796 3282 2958 3341 upote
2997 3273 3156 3342 cujus
3205 3275 3399 3329 domi-

1805 3363 1993 3418 cilium
2033 3363 2126 3427 sit,
2161 3362 2360 3419 caloris
2409 3363 2680 3418 naturalis
2730 3363 3027 3432 plurimum
3072 3364 3286 3434 accipit.

1875 3454 1984 3509 Cor
2033 3463 2217 3508 autem
2262 3454 2468 3516 nervis,
2504 3455 2794 3518 musculis,
2841 3454 3122 3524 venisque,
3152 3472 3216 3510 ac
3249 3468 3396 3510 arte.

1786 3527 1904 3602 .riis
1953 3547 2240 3616 praditutn
2286 3557 2390 3610 est,
2442 3545 2604 3614 cujus
2637 3545 2708 3599 ab
2745 3550 2979 3614 utraque
3012 3555 3162 3614 parte
3191 3548 3398 3616 gemini

1807 3639 2090 3695 ventriculi
2129 3647 2456 3701 cernuntur,
2509 3639 2563 3691 in
2613 3637 2818 3707 quibus
2871 3637 3072 3693 insitus
3122 3638 3272 3693 calor
3311 3641 3398 3694 vi-

1807 3729 2044 3798 talisque
2059 3728 2286 3797 spiritus
2307 3737 2722 3797 progeneratur.
2743 3727 2801 3782 In
2827 3728 2930 3783 hoc
2948 3743 3185 3798 namque
3205 3731 3390 3796 corde,

1807 3835 2001 3892 magna
2025 3819 2310 3891 primaque
2330 3819 2552 3885 arteria,
2566 3836 2692 3890 quae
2706 3819 2896 3874 adorta
2923 3832 3289 3890 litincupatur,
3312 3823 3397 3876 in-

1806 3914 1911 3968 sita
1942 3921 2046 3974 est,
2071 3912 2218 3966 unde
2268 3921 2484 3966 cuncta:
2515 3912 2688 3968 latius
2719 3913 2966 3981 corporis
2990 3915 3206 3968 arteria:
3232 3915 3396 3970 vitale

1807 4006 2000 4071 robur,
2032 4023 2098 4062 ac
2143 4005 2370 4060 insitum
2419 4006 2656 4060 calorem
2706 4004 3035 4074 suscipiunt.
3071 4004 3246 4060 Vitale
3289 4022 3394 4060 au-

1807 4107 1914 4152 tem
1950 4097 2142 4162 robur,
2193 4096 2414 4164 pulsum
2457 4111 2864 4166 uuncupamus.
2897 4096 3190 4152 Enimvero
3221 4097 3392 4152 Crea-

1807 4190 1944 4245 toris
1987 4197 2243 4260 potestas
2320 4203 2445 4258 qua:
2506 4191 2762 4244 universa
2820 4189 3132 4256 gubernat,
3200 4192 3390 4258 pulsus

1803 4281 2148 4336 dominatum
2195 4280 2346 4335 cordi
2397 4282 2595 4350 largita
2656 4289 2762 4344 est,
2818 4296 2929 4348 quo
2986 4297 3096 4349 pra:
3141 4282 3226 4335 sui
3263 4297 3389 4336 con-

1806 4374 2098 4440 tractione,
2152 4371 2368 4428 fumosa
2411 4382 2760 4430 excrementa
2791 4389 2913 4444 qua:
2944 4374 2998 4428 in
3031 4375 3152 4443 ipso
3181 4375 3255 4428 ob
3281 4375 3389 4429 im-

1805 4465 2079 4520 modicum
2126 4467 2245 4534 ejus
2285 4466 2526 4520 calorem
2577 4466 2879 4536 gignuntur
2926 4465 3197 4535 expellere
3238 4466 3406 4522 efflat--

1805 4572 1970 4626 reque
2012 4557 2220 4627 possit,
2274 4573 2399 4612 cum
2456 4572 2588 4611 vero
2627 4557 2884 4612 dilatatur
2928 4559 3387 4629 distenditurque,

1803 4663 2000 4718 purum
2036 4648 2277 4702 exterius
2314 4647 2722 4718 provenientem
2752 4664 2934 4704 aerem
2970 4649 3258 4706 admittere
3288 4666 3387 4706 va-

1803 4740 1927 4794 leat.
1984 4737 2120 4794 Cum
2150 4739 2356 4810 ipsum,
2412 4750 2608 4810 praeter
2673 4750 2964 4808 naturam,
3035 4742 3154 4812 plus
3214 4743 3385 4798 nimio

1802 4833 1981 4887 calore
2035 4834 2280 4905 rigoreve
2329 4833 2590 4903 occupari
2657 4833 2957 4904 contingit,
3021 4836 3208 4891 eadem
3265 4851 3389 4906 pro-

1805 4923 1952 4978 tinus
1987 4922 2202 4978 affectio
2237 4932 2410 4978 totum
2457 4938 2660 4994 corpus
2720 4934 2970 4978 nostrum
3009 4925 3382 4996 subsequitur.

1878 5012 1934 5068 ln
1958 5014 2120 5069 corde
2142 5030 2380 5084 namque
2403 5015 2522 5086 ipso
2541 5013 2832 5070 irascibilis
2851 5015 2932 5072 vis
2953 5017 3128 5087 posita
3147 5027 3386 5087 est,quae

1806 5109 2002 5163 animae
2036 5110 2220 5178 passio
2247 5109 2497 5164 habetur.
2517 5107 2838 5164 Passionem
2868 5118 3050 5163 autem
3074 5111 3270 5164 animae
3299 5109 3385 5164 di-

1805 5201 2002 5266 cimus,
2040 5201 2092 5255 in
2144 5201 2250 5264 his,
2306 5201 2359 5255 in
2417 5200 2620 5271 quibus
2677 5200 2932 5270 primitus
2981 5200 3153 5269 ipsius
3205 5210 3388 5276 motus

1805 5282 1906 5348 est.
1947 5294 2110 5364 Atqui
2152 5310 2247 5348 cor
2279 5293 2483 5364 ipsum,
2536 5301 2724 5363 utpote
2753 5292 3187 5348 instrumentum
3239 5295 3383 5364 ejus.

1807 5385 1913 5455 ipsi
1955 5386 2312 5456 compatitur.
2343 5383 2502 5449 Nam,
2537 5382 2881 5442 cumanima
2926 5382 3254 5441 immortalis
3285 5386 3386 5441 ba-

2077 5611 2407 5682 vﬁscﬁatB.
2461 5613 2506 5646 ⁸⁸
2545 5613 2675 5682 γοῦν
2721 5613 2780 5667 Β.
2857 5612 2904 5644 ⁹⁹
2931 5608 3266 5682 φλεγματίου
3320 5610 3381 5682 Β.

113 5689 164 5720 ⁸⁸
183 5686 347 5810 Ἆμὶν
383 5680 492 5757 γὰρ
521 5685 581 5740 Β.
641 5680 697 5717 ⁸(
714 5684 1059 5756 ἑκατέρωθεν
1084 5685 1148 5742 P.
1219 5683 1265 5714 “
1281 5680 1508 5736 καλοῦσι
1533 5683 1576 5734 Β
1597 5681 1657 5736 C.
1734 5683 1780 5715 ⁶³
1809 5685 1868 5735 ἐν
1892 5680 2012 5747 ταῖς
2034 5683 2094 5738 Β.
2171 5683 2218 5715 ⁸⁸
2251 5683 2330 5754 τῷ
2356 5680 2566 5753 σώματι
2591 5684 2650 5737 Β.
2727 5685 2771 5717 ⁸⁵
2797 5680 2970 5765 πάντα
3002 5680 3297 5751 ἐνεργοῦσα
3317 5681 3380 5734 Ρ.

114 5760 162 5790 ⁸⁸
229 5756 307 5810 ύν.
339 5757 494 5810 hac.
526 5755 587 5810 Β.
666 5756 709 5789 ⁸⁷
739 5755 992 5810 πυοινίζη
1016 5755 1077 5810 Β.
1151 5755 1196 5788 ⁶⁸
1215 5754 1276 5809 τὸ
1295 5771 1347 5808 τ.
1371 5753 1430 5810 ψ.
1465 5754 1634 5810 πάθος
1655 5753 1719 5810 Β.
1793 5755 1837 5785 ⁶⁹
1861 5753 2094 5810 πρώτως
2115 5753 2156 5807 Β
2175 5753 2237 5810 C.
2311 5754 2358 5787 τ’
2385 5753 2589 5810 πάθους
2611 5770 2924 5810 σωματικου
2945 5753 3076 5809 add.
3105 5749 3146 5804 Β
3178 5747 3241 5808 C.

114 5760 162 5790 ⁶⁶
196 5747 307 5812 δύν.
339 5747 494 5828 ικαρ.
526 5755 587 5811 Β.
653 5756 709 5838 ’⁸⁷
739 5747 993 5828 πυρινίζη
1016 5755 1077 5811 Β.
1151 5755 1196 5788 ⁶⁸
1215 5754 1276 5809 τὸ
1295 5771 1347 5808 τ.
1371 5753 1430 5824 ψ.
1465 5754 1634 5819 πάθος
1655 5753 1719 5810 Β.
1793 5755 1837 5785 ⁶⁹
1861 5753 2094 5824 πρώτως
2115 5753 2156 5807 Β
2175 5753 2237 5812 C.
2301 5747 2358 5787 ’τ’
2385 5747 2589 5818 πᾶθους
2611 5753 2924 5826 σωματικοῦ
2945 5753 3076 5809 add.
3094 5747 3146 5804 ’Β
