3856 6452
396 329 539 386 1215
1679 313 1964 373 Μειετιι
2009 317 2019 369 Ξ

2140 310 2324 369 iACHI
2914 341 2916 343 >
3572 309 3727 364 1216

399 452 614 512 ικμιιιιιιο,
655 441 852 516 procul
896 440 1087 506 dubio,
1129 439 1247 511 94
1288 449 1342 494 et
1367 437 1616 509 corporis
1669 437 2019 506 passionum,

2140 447 2152 486 l
2181 433 2240 486 δὲ
2276 429 2609 501 συμπάσχον
2655 429 2932 483 κινεῖται·
2975 427 3132 496 καὶῆ
3165 428 3226 495 ἐξ
3254 427 3498 480 ἔνδοθεν
3537 429 3590 459 ’³
3641 431 3740 498 ge-

397 556 596 611 expers
640 547 762 602 est;
817 535 948 590 illud
979 535 1127 588 enim
1173 533 1319 602 quod
1353 531 1724 602 compatitur,
1782 536 1986 590 movet,

2140 540 2277 587 εται,
2308 521 2341 592 ἢ
2375 521 2536 584 ἐκτὸς
2569 522 2633 575 τὸ
2661 520 2915 575 ἐνοικοῦν
2947 523 3017 593 τῇ
3045 521 3249 593 καρδίᾳ
3285 519 3538 588 πνεῦμα
3565 520 3742 584 ζωτι-

399 636 517 691 sive
544 631 760 686 vitalem
795 627 1074 698 spiritum,
1111 624 1272 694 cujus
1300 625 1353 677 in
1383 625 1548 677 corde
1578 621 1737 676 sedes
1764 629 1870 682 est,
1903 619 1990 672 in-

2140 616 2216 670 όν,
2255 616 2366 668 Καὶ
2410 614 2570 678 sub;
2621 614 2722 685 μὲν
2763 614 2905 684 μετά
2952 613 3254 678 συντονίας,
3321 612 3408 675 ὡς
3453 612 3564 664 ἐπὶ
3628 613 3742 665 τῶν

402 737 642 781 trorsum
663 721 816 783 ferri,
834 720 949 773 sive
965 724 1120 770 extra
1137 715 1439 782 contingat;
1453 720 1507 767 et
1524 728 1648 767 cum
1668 719 1822 765 extra
1839 723 1996 780 egre-

2140 705 2506 774 υμουμὲνωνο
2539 703 2573 774 ἢ
2606 702 2748 774 μετά
2785 703 3139 773 χαυνότητος,
3179 703 3258 767 ὡς
3301 703 3401 756 ἐπὶ
3451 701 3582 754 τῶν
3613 702 3744 771 ἠδο-

401 819 547 872 ditur
573 811 894 867 concitatior
915 808 1106 873 fertur,
1133 815 1191 862 ut
1221 806 1274 860 in
1303 805 1390 861 his
1405 805 1498 875 qui
1521 805 1854 866 irascuntur,
1875 816 1996 856 cer-

2140 796 2327 848 .ένων·
2365 794 2520 858 me;
2553 794 2634 860 δὲ,
2672 795 2707 867 ἢ
2747 797 2986 865 ἀθρόως,
3034 797 3111 859 ὡς
3158 796 3403 848 ἐπὶτῶν
3444 793 3745 864 130609;“!-

403 923 532 962 nere
551 915 665 971 est;
691 906 742 957 in
762 903 848 958 his
865 916 1018 962 vero.
1044 899 1136 969 qui
1157 897 1339 954 laetitia
1359 897 1695 959 afficiuntur,
1717 893 1998 949 remissior

2140 905 2247 944 ωνο
2285 889 2319 960 ἢ
2371 889 2519 942 κατά
2565 887 2743 960 βραχῦ
2788 889 2856 954 ⁷⁸,
2906 889 2984 952 ὡς
3013 891 3107 942 ἐπὶ
3142 889 3254 942 τῶν
3315 887 3742 958 λυπουμένων.

404 997 480 1051 fit.
515 996 617 1062 Qui
647 1003 827 1048 autem
865 988 1160 1045 formidine
1187 997 1534 1058 premuntur,
1570 987 1624 1041 in
1651 985 1786 1055 ipsis
1847 984 1996 1039 intus

2140 979 2321 1034 luxoﬁv
2364 979 2468 1049 τῆς
2515 979 2745 1052 καρδίας
2771 981 3104 1046 καὶταῦτα,
3146 983 3243 1034 καὶ
3265 982 3335 1034 τὸ
3385 979 3746 1050 θερμαίνειν

404 1087 695 1144 confertim
727 1094 1023 1140 movetur:
1079 1081 1427 1135 tristantibus
1478 1094 1609 1135 vero
1661 1075 1857 1147 agitari
1897 1089 1998 1145 per

2140 1090 2256 1126 ,nav
2283 1073 2349 1125 τὸ
2383 1071 2545 1143 σῶμα
2567 1089 2583 1105 ο
2616 1071 2735 1125 ἐστι
2769 1071 2829 1125 δὲ
2858 1073 2921 1126 τὸ
2957 1074 3143 1144 σχῆμα
3176 1074 3355 1144 αὐτῆς
3396 1072 3739 1135 κωνοειδές.

405 1181 687 1238 intervalla
714 1181 872 1235 solet.
891 1178 1088 1234 Cordis
1117 1178 1302 1243 itaque
1327 1192 1548 1241 munus,
1579 1183 1694 1230 tum
1729 1174 1843 1228 haec
1871 1187 1993 1242 quae
2032 1170 2362 1226 adduximus
2424 1167 2722 1236 efficiendi,
2754 1177 2869 1224 tum
2899 1177 3067 1224 totum
3126 1184 3333 1240 corpus
3354 1166 3738 1224 calefacienti

407 1275 662 1330 habetur.
687 1271 796 1326 Cor
816 1285 1052 1341 namque
1079 1271 1257 1338 ipsum
1287 1270 1456 1338 figura
1481 1281 1580 1322 sua
1605 1265 1731 1320 coni
1757 1263 1990 1318 formam
2031 1262 2308 1333 exprimit.

478 1367 542 1419 Et
596 1379 722 1418 cum
784 1363 958 1432 magis
999 1363 1228 1432 ignitum
1291 1375 1401 1429 prae
1451 1359 1710 1412 omnibus
1757 1356 2007 1426 corporis

412 1456 586 1512 nostri
625 1455 870 1524 partibus
921 1452 1224 1513 habeatur,
1274 1449 1440 1516 hujus
1473 1448 1648 1518 gratia
1690 1447 1832 1519 ignis
1864 1446 2006 1515 figu-

413 1563 530 1602 ram
589 1545 842 1600 sortitum
893 1551 999 1597 est.
1062 1542 1130 1596 Et
1189 1538 1650 1610 quemadmodum
1692 1539 1834 1609 ignis
1869 1539 2006 1608 ipse,

413 1656 442 1693 a
471 1637 661 1692 latiore
714 1634 1001 1704 magisque
1029 1632 1269 1702 spatiosa
1305 1631 1422 1686 basi
1467 1629 1734 1699 originem
1760 1630 2005 1700 capiens,

415 1743 638 1784 sursum
669 1742 728 1782 sc
779 1726 957 1796 ipsum
990 1721 1389 1780 contrahendo.
1442 1735 1842 1790 usquequaque
1875 1735 2008 1774 acu-

2187 1352 2593 1425 Πυρωδεστέρα
2621 1351 2678 1405 δὲ
2721 1350 2860 1407 οὖσα
2889 1352 3109 1406 πάντων
3145 1354 3256 1406 τῶν
3288 1355 3351 1406 ὲν
3383 1353 3478 1426 τῷ
3513 1354 3742 1425 σώματι

2119 1447 2351 1520 μορίων,
2385 1443 2593 1499 καὶτοῦ
2612 1444 2786 1515 πυρὸς
2806 1444 3001 1514 ἔλαχεν
3017 1445 3161 1514 ἔχειν
3180 1445 3240 1498 τὺ
3258 1445 3493 1518 σχῆμα..
3521 1447 3744 1516 Ὠσπερ

2115 1539 2226 1610 γὰρ
2261 1525 2446 1592 έκεῖνο
2485 1538 2595 1592 ἀπὸ
2628 1536 2980 1606 πλατυτέρας
3015 1535 3228 1606 βάσεως
3267 1537 3614 1608 ἀρχόμενον
3642 1538 3744 1606 τὴν

2113 1632 2228 1685 ἀνω
2259 1629 2450 1702 χώραν
2475 1628 2684 1696 διώκει,
2710 1629 2800 1682 ἀεὶ
2827 1627 3190 1697 πενοῦμενόν
3213 1629 3258 1660 ⁷⁸
3283 1645 3348 1680 τε
3374 1630 3490 1682 καὶ
3519 1629 3612 1691 είς
3648 1629 3743 1692 ὸξῦ

2115 1720 2662 1792 ἀποκορυφούμενον,
2683 1719 2827 1773 οὕτω
2851 1719 2944 1772 καὶ
2966 1719 3002 1789 ἡ
3019 1718 3216 1790 καρδία
3235 1735 3417 1773 κωνοε
3428 1719 3562 1790 ιδής
3598 1721 3742 1773 ἐστι.

419 1827 628 1875 minato
661 1817 952 1874 cacumine
982 1814 1149 1869 fertur
1175 1832 1190 1880 ;
1217 1813 1290 1867 ita
1313 1821 1368 1868 et
1396 1827 1490 1867 cor
1528 1813 1583 1866 in
1610 1813 1736 1866 coni
1784 1813 2010 1867 modum

2140 1811 2310 1874 [ὦνος
2335 1810 2394 1864 δέ
2426 1811 2546 1863 ἐστι
2575 1811 2766 1880 σχῆμα
2805 1809 3078 1879 περιαγὲς
3108 1809 3191 1872 είς
3236 1808 3334 1874 ὀξὺ
3382 1808 3579 1878 λῆγον
3600 1825 3620 1840 ο
3656 1810 3746 1862 δύο
3816 1797 3817 1860 ἶ

418 1911 696 1967 consistit.
743 1908 932 1962 Conus
977 1914 1160 1960 autem
1217 1903 1388 1974 ﬁgura
1418 1910 1504 1958 est
1537 1918 1661 1972 qua:
1712 1901 2012 1972 circumagi

420 2004 580 2058 facile
609 2009 807 2073 potest,
835 2012 888 2054 et
922 2013 1046 2068 quae
1069 1997 1125 2051 in
1154 2010 1384 2050 acumen
1413 1995 1640 2059 desinit,
1659 2009 1827 2065 quam
1861 2009 2014 2050 com-

421 2078 756 2166 prehendere
776 2091 1011 2162 quisque
1038 2089 1141 2144 hoc
1161 2096 1323 2158 pacto
1343 2096 1528 2158 queat.
1561 2085 1617 2141 Si
1647 2087 1794 2157 quis,
1829 2101 2013 2142 exem-

424 2189 497 2256 pli
531 2184 728 2256 gratia,
767 2183 955 2253 plures
988 2180 1247 2242 circulos,
1281 2178 1512 2233 alterum
1541 2177 1697 2231 alteri
1730 2176 2014 2247 impositos

425 2277 760 2337 consideret,
794 2289 860 2328 ex
891 2273 1094 2344 quibus
1115 2271 1211 2341 qui
1255 2268 1397 2324 infra
1431 2278 1516 2324 est
1541 2269 1788 2323 omnium
1837 2268 2017 2338 major

428 2369 716 2428 habeatur,
743 2364 839 2434 qui
874 2377 1004 2418 vero
1027 2361 1094 2416 ab
1121 2361 1240 2430 ipso
1288 2358 1451 2430 paulo
1475 2357 1713 2426 brevior,
1769 2368 1878 2412 tum
1909 2367 2021 2412 ter-

429 2461 562 2520 tius,
622 2465 998 2525 quartusque,
1040 2461 1095 2508 et
1132 2451 1228 2522 qui
1261 2459 1572 2521 sequuntur
1623 2449 2020 2504 contractiores

431 2551 824 2618 brevioresqne
879 2547 1012 2610 sint,
1038 2545 1118 2600 sic
1181 2553 1238 2598 ut
1294 2557 1484 2598 eorum
1519 2540 1656 2596 ordo
1685 2541 1752 2595 ad
1782 2540 2021 2595 diminu-

435 2645 638 2700 tionem
677 2641 865 2696 tendat
890 2637 1070 2708 quoad
1107 2637 1160 2690 in
1187 2635 1574 2692 brevissimum
1625 2633 1894 2689 circulum
1927 2633 2022 2687 de-

430 2734 616 2790 sinere
672 2730 922 2785 rideatur
983 2745 997 2782 :
1040 2727 1230 2782 eadem
1277 2735 1330 2780 et
1369 2725 1435 2780 de
1480 2739 1623 2780 cono
1666 2723 1852 2779 haberi
1879 2723 2022 2778 ratio

428 2835 641 2900 potest;
670 2824 832 2879 talem
886 2835 1124 2892 namque
1162 2819 1392 2890 figuram
1419 2817 1698 2888 exprimit.
1744 2815 1803 2871 ln
1847 2830 1914 2872 eo
1945 2814 2025 2870 la-

431 2921 650 2981 tiorem,
687 2926 742 2970 et
772 2914 1096 2969 circularem
1131 2920 1362 2983 partem,
1404 2911 1606 2975 basim,
1643 2909 2022 2980 angustiorem

434 3021 589 3070 vero,
624 3013 680 3060 et
709 3005 885 3073 ipsam
915 3001 1258 3058 circulariter
1284 3000 1648 3064 desinentem,
1701 3003 1910 3070 apicem
1942 2999 2024 3055 di-

433 3097 602 3152 xeris.
647 3093 786 3149 Cum
834 3093 997 3164 igitur
1035 3107 1132 3148 cor
1176 3093 1245 3148 ad
1296 3091 1421 3147 coni
1460 3089 1692 3148 formam
1753 3091 2026 3149 constitu-

436 3212 552 3257 tum
603 3201 696 3265 sit,
728 3199 903 3255 basim
948 3207 1130 3254 tamen
1159 3195 1301 3252 infra
1328 3195 1641 3253 tendentem
1672 3211 1783 3253 non
1833 3198 2021 3266 habet;

434 3293 480 3348 si
504 3291 648 3346 enim
703 3290 823 3360 ejus
849 3303 1080 3344 acumen
1114 3302 1336 3344 sursum
1361 3287 1711 3360 dirigeretur,
1753 3289 2023 3359 plurimos

437 3382 504 3438 ad
534 3381 827 3438 cerebrum
861 3395 1096 3452 vapores
1141 3379 1436 3446 emitteret,
1470 3390 1525 3435 et
1570 3380 1862 3450 temperies
1902 3380 2024 3452 ejus

437 3490 604 3544 quam
633 3483 828 3528 natura
869 3473 1134 3544 largiente
1183 3489 1217 3529 ει
1267 3473 1446 3544 prima
1497 3472 1890 3530 constitutione
1923 3473 2025 3528 fri-

441 3567 623 3639 gidam
653 3567 911 3636 adeptum
957 3564 1088 3632 est,"
1120 3572 1538 3638 pmverteretur
1573 3564 1842 3630 :ideirco,
1875 3565 2024 3622 basis

440 3661 586 3730 ejus,
618 3655 788 3723 retro,
841 3667 897 3713 et
924 3671 1144 3713 sursum
1175 3672 1406 3729 vergens
1450 3658 1738 3725 consistit;
1793 3671 2024 3714 acumen

443 3769 573 3806 vero
597 3759 725 3806 ante
749 3759 804 3805 et
827 3749 970 3806 infra
999 3750 1366 3822 protenditur.
1404 3747 1519 3806 Hac
1562 3750 1730 3821 igitur
1755 3748 1826 3806 de
1859 3763 2027 3806 causa

2115 1919 2272 1956 ναται
2311 1902 2373 1955 δὲ
2423 1901 2486 1954 τὸ
2540 1901 2729 1972 σχῆμα
2786 1899 2946 1953 τοῦτο
2991 1900 3236 1953 νοεῖσθαι
3278 1900 3477 1964 οὕτως
3505 1918 3524 1932 ο
3555 1901 3636 1955 Εἴ
3663 1919 3744 1963 τις

2114 1995 2270 2050 λάϐοι
2312 1995 2434 2048 κατ’
2477 1992 2728 2047 έπίνοιαν
2773 1992 3030 2056 πλείονας
3084 1991 3324 2055 κύκλους
3376 1993 3744 2065 ἐπαλλήλως

2116 2089 2429 2159 κειμένους,
2461 2083 2538 2142 ὧν
2568 2088 2595 2140 ὁ
2632 2086 2735 2158 μὲν
2765 2086 3029 2141 ὑποκάτω
3053 2087 3259 2158 μείζων
3281 2089 3476 2151 ἐστὶν,
3509 2087 3544 2138 ὁ
3574 2087 3640 2140 ἃ
3659 2086 3742 2140 ἐπ’

2117 2179 2314 2251 ἐκείνῳ
2351 2179 2718 2251 σμικρότερος
2742 2196 2758 2212 ο
2802 2175 2924 2233 εἶτα
2948 2181 2977 2233 ὁ
3003 2179 3184 2251 τρίτος
3216 2179 3315 2234 καὶ
3348 2183 3381 2234 ὁ
3429 2181 3739 2250 τέταρτος,

2119 2274 2212 2326 καὶ
2242 2271 2417 2336 οὕτως
2457 2266 2658 2342 ἑφεξῆς
2687 2273 2722 2341 ὴ
2767 2271 2995 2342 μείωσις
3025 2272 3258 2342 γίνεται,
3306 2273 3490 2347 ἄχρις
3539 2275 3614 2328 ἂν
3667 2277 3740 2333 εἰς

2119 2365 2321 2420 κύκλον
2345 2363 2714 2435 σμικρότερον
2742 2364 2790 2396 ⁷⁵
2814 2363 3156 2436 τελευτήσῃο
3191 2365 3340 2418 οὕτω
3369 2367 3481 2418 καὶ
3513 2367 3621 2418 ἐπὶ
3648 2366 3739 2418 τοῦ

2119 2458 2329 2512 κώνουο
2366 2456 2592 2524 λέγεται
2636 2452 2734 2511 οὖν
2759 2456 2856 2511 τοῦ
2882 2455 3130 2512 τοιούτου
3177 2459 3478 2530 σχήματος
3530 2460 3598 2513 τὸ
3646 2462 3739 2528 μὲν

2120 2552 2256 2622 εὐρὺ
2289 2549 2473 2621 βάσις,
2505 2548 2570 2611 τὸ
2601 2549 2660 2603 δὲ
2698 2549 2885 2603 στενὸν
2918 2552 3157 2624 κορυφή.
3198 2551 3268 2605 Ἦ
3296 2553 3505 2605 τοίνυν
3531 2553 3738 2623 καρδία

2119 2643 2182 2695 τὸ
2217 2642 2504 2706 κωνοειδές
2544 2643 2695 2696 ἐστιν
2722 2641 2929 2713 ἔχουσα
2974 2644 3179 2714 σχῆμα,
3211 2643 3314 2713 τὴν
3343 2643 3406 2697 δὲ
3431 2644 3612 2715 βάσιν
3639 2647 3736 2698 οὐκ

2121 2733 2237 2805 ἔχει
2260 2735 2440 2789 κάτω⁶
2469 2733 2668 2804 ἔμελλε
2691 2735 2802 2806 γὰρ
2828 2735 2863 2804 ἡ
2894 2735 3110 2806 κορυφὴ
3133 2736 3250 2790 ἀνω
3272 2734 3575 2806 βλέπουσα
3609 2737 3735 2790 πολι

2121 2827 2251 2891 λοὺς
2275 2826 2489 2897 ἀτμοὺς
2512 2825 2749 2898 θερμοτέ
2760 2843 2888 2898 ρους
2919 2827 3032 2880 ἀνω
3056 2828 3196 2898 πρὸς
3215 2828 3263 2860 ⁷⁵
3283 2828 3381 2882 τὸν
3407 2829 3734 2900 ἐγκέφαλον

2124 2918 2392 2990 πέμπειν,
2424 2918 2521 2973 καὶ
2560 2917 2817 2989 ἀμείϐειν
2841 2917 2942 2990 τὴν
2969 2918 3207 2990 ψυχικὴν
3232 2919 3279 2952 ’⁸
3311 2922 3532 2992 κρᾶσιν
3567 2923 3732 2976 αὐτοῦ

2123 3010 2474 3083 ψυχροτέραν
2495 3009 2557 3074 ἐξ
2582 3010 2764 3081 ἀρχῆς
2794 3012 3105 3080 γεγονυῖαν.
3151 3011 3266 3067 Νῦν
3292 3011 3354 3065 δὲ
3387 3017 3588 3068 κεῖται
3637 3016 3732 3085 μὲν

2125 3106 2162 3178 ἡ
2184 3105 2343 3177 βάσις
2366 3105 2412 3138 ’⁷
2443 3103 2618 3174 αὐτῆς
2648 3103 2828 3158 ὀπίσω
2849 3109 2947 3158 καὶ
2969 3104 3083 3160 άνω
3102 3121 3117 3136 ο
3145 3105 3180 3178 ἡ
3205 3105 3263 3160 δὲ
3285 3108 3518 3180 κορυφὴ
3541 3111 3730 3181 πρόσω

2130 3200 2227 3254 καὶ
2263 3198 2436 3254 κάτω.
2472 3197 2576 3252 Διά
2615 3193 2711 3254 οὖν
2751 3197 2959 3270 ταύτην
2983 3199 3085 3272 τὴν
3121 3199 3304 3254 αίτίαν
3337 3201 3728 3273 θερμαίνουσα

2127 3293 2192 3346 τὸ
2241 3293 2651 3363 περιστέρνιον,
2701 3291 2891 3347 λάσιον
2961 3291 3097 3346 αὐτὸ
3147 3293 3543 3366 ἀπεργάζεται
3611 3299 3729 3359 ταῖς
3816 3283 3817 3296 “

2130 3383 2297 3454 θριξί.
2345 3381 2609 3454 Διαφέρει
2634 3383 2692 3437 δὲ
2716 3383 2780 3437 τὸ
2811 3384 2997 3439 λάσιον
3028 3385 3124 3440 τοῦ
3151 3385 3342 3450 δασέος
3361 3403 3374 3414 ·
3402 3389 3493 3442 ὅτι
3523 3390 3590 3442 τὸ
3630 3390 3726 3460 μὲν

2044 3531 2058 3547 ο
2129 3473 2267 3529 δασὺ
2296 3471 2590 3546 θεωρεῖται
2625 3473 2825 3546 πλήθει
2849 3473 2946 3528 καὶ
2977 3475 3280 3547 πυκνότητι
3310 3478 3552 3546 τριχῶν,
3589 3477 3652 3529 τὸ
3672 3479 3722 3531 δὲ

2129 3568 2322 3622 λάσιον
2347 3567 2410 3620 οὐ
2447 3566 2608 3639 μόνον
2637 3567 2877 3634 τούτοις,
2902 3569 3041 3624 ἀλλά
3068 3568 3164 3623 καὶ
3197 3568 3422 3638 μεγέθει
3441 3586 3456 3600 ’
3494 3569 3644 3623 ὥστε
3679 3571 3726 3621 εί

2131 3677 2186 3713 τι
2225 3658 2328 3730 μὲν
2355 3657 2565 3726 λάσιον,
2595 3658 2757 3713 τοῦτο
2784 3660 2883 3715 καὶ⁸
2908 3660 3074 3715 δασύ·
3101 3661 3206 3714 είτι
3232 3661 3291 3715 δὲ
3313 3661 3472 3727 δασὺ,
3501 3662 3569 3714 οὗ
3593 3662 3721 3714 πάν-

2131 3770 2246 3818 τως
2276 3752 2374 3806 καὶ
2401 3752 2610 3808 λάσιον.
2639 3753 2714 3806 Τδ
2748 3753 2806 3808 δὲ
2851 3753 3025 3826 ὄνομα
3052 3753 3461 3825 ὲτυμολογεῖται
3488 3753 3538 3784 ⁷⁸
3576 3755 3720 3821 παρὰ

441 3858 567 3897 cum
619 3850 802 3911 partes
839 3857 962 3910 quae
1000 3841 1243 3912 pectoris
1278 3847 1409 3896 sunt
1436 3838 1746 3906 calefaciat,
1801 3839 1881 3895 uti
1903 3840 2019 3912 pilis

2140 3846 2196 3899 τὸ
2228 3843 2510 3917 κραδαίνω
2538 3844 2601 3898 τὸ
2649 3845 2817 3899 σείω*
2853 3823 3163 3917 ἀεικίνητος
3189 3845 3300 3916 γὰρ
3330 3846 3365 3915 ἠ
3407 3845 3616 3914 καρδία
3643 3845 3716 3875 η’

439 3936 763 3996 densentur,
811 3949 976 3988 causa
1013 3933 1248 3989 exsistit.
1278 3932 1436 3998 Nam,
1459 3931 1722 4000 spissum,
1769 3932 2019 3988 densum‘

2140 3937 2260 3990 ὃθεν
2315 3936 2412 3990 καὶ
2461 3933 2752 4006 μέλλοντος
2783 3935 2951 4006 φόϐου
2983 3938 3078 3990 καὶ
3117 3936 3355 4006 ἀγωνίας
3403 3937 3715 4006 ινημιιντικιξΙ

441 4043 571 4097 que,
621 4025 768 4096 quod
848 4025 927 4080 illi
990 4025 1195 4090 λάσιον,
1265 4025 1360 4079 καὶ
1438 4024 1576 4078 δασὺ
1663 4025 1877 4092 dicunt,
1945 4026 2019 4080 in-

2140 4029 2257 4081 ὲστι
2290 4027 2554 4098 πηδῶσαο
2583 4026 2660 4092 ὡς
2685 4028 2780 4082 καὶ
2813 4026 3126 4092 Ὀδυσσεὺς,

445 4117 620 4171 vicem
702 4115 1050 4186 discrepant,
1104 4129 1173 4170 eo
1224 4115 1371 4186 quod
1437 4116 1679 4187 spissum
1732 4115 1786 4170 in
1833 4115 2202 4184 multitudine,
2256 4117 2367 4190 95
2459 4118 2875 4191 frequentiaque
2955 4120 3217 4191 pilorum,
3281 4119 3518 4174 densum
3567 4133 3714 4181 vero.

445 4226 556 4265 non
598 4209 760 4265 modo
791 4210 846 4264 in
877 4211 984 4274 his,
1033 4210 1128 4265 sed
1175 4209 1231 4264 in
1273 4208 1655 4278 magnitudine
1705 4211 2027 4266 eorumdem
2065 4225 2299 4269 eernere
2351 4220 2456 4268 est.
2503 4211 2657 4268 Talis
2710 4212 2981 4283 siquidem
3032 4213 3211 4281 locus,
3287 4213 3339 4267 in
3409 4213 3710 4278 nonnullis,
3816 4208 3817 4268 ἓ

445 4318 556 4358 non
607 4301 769 4356 modo
816 4301 1188 4364 multitudine,
1254 4300 1635 4370 densitateque
1717 4301 1979 4370 pilorum,
2034 4317 2228 4358 verum
2295 4304 2457 4360 etiam
2520 4303 2833 4374 prolixitate
2895 4306 3132 4364 refertus
3213 4306 3530 4378 inspicitur.
3586 4308 3713 4363 Illud

445 4395 596 4451 enim
647 4409 678 4448 a
717 4393 940 4453 .Grzccis
1007 4392 1265 4446 KAPAIA
1294 4407 1326 4447 a
1387 4392 1558 4447 verbo
1608 4390 1891 4463 κραδαίνω
1965 4408 2019 4448 ιιι

2140 4404 2338 4466 Ipatur,
2384 4396 2533 4467 quod
2579 4413 2774 4462 moveo,
2823 4399 2938 4456 sive
2994 4402 3176 4472 qualia
3251 4376 3482 4466 dieeks,
3552 4417 3620 4458 ex
3652 4417 3713 4457 eo

445 4487 590 4559 quod
629 4485 1002 4551 formidinem,
1078 4484 1358 4556 animique
1401 4481 1828 4539 sollicitudinem
1899 4487 2374 4556 supervenientem
2420 4503 2544 4546 sese
2593 4491 2913 4547 concutiens
2998 4490 3241 4548 indicare
3321 4492 3484 4558 solet,
3553 4504 3613 4549 ut
3651 4495 3712 4550 de

451 4579 645 4652 Ulysse
687 4579 828 4649 apud
865 4575 1160 4635 Homerum
1193 4595 1207 4632 :

518 4692 625 4749 Cor
651 4692 754 4748 sibi
789 4693 942 4763 signa
981 4691 1126 4746 dedit
1174 4690 1346 4761 futuri
1379 4690 1450 4744 ad
1485 4689 1691 4745 lumina
1727 4691 1851 4762 (uti.

2140 4691 2348 4746 Πολλὰ
2374 4691 2443 4745 δέ
2471 4693 2528 4746 οι
2559 4689 2775 4760 κραδίη
2798 4690 2935 4745 ποτὶ
2959 4690 3208 4746 ὄσσεται
3234 4689 3489 4760 ὄλεθρον
3503 4695 3556 4728 ⁸⁸
3583 4697 3676 4768 (ε).

444 4806 512 4862 Ει
543 4822 737 4863 rursus
761 4822 776 4860 :

2140 4807 2250 4860 Kal.
2283 4805 2469 4874 πάλιν,

553 4919 666 4974 Nec
695 4935 836 4974 mens
867 4919 1024 4974 laude
1058 4929 1200 4974 caret
1229 4935 1324 4975 uec
1352 4920 1425 4974 mi
1455 4921 1552 4974 sub
1580 4921 1806 4990 pectoris
1828 4919 1959 4987 imo,

2140 4920 2247 4978 Καὶ
2274 4921 2387 4993 τὰρ
2425 4918 2557 4990 ἐμοὶ
2582 4917 2727 4986 νόος
2758 4919 2930 4975 ἐστὶν
2955 4921 2998 4954 ⁸⁸
3030 4919 3366 4991 ἐναίσιμος,
3513 4925 3706 5006 δέχθε

3435 4991 3613 5064 [αὐτῇ

2137 5066 2333 5135 Θυμύς
2359 5065 2451 5119 ἐνί
2481 5067 2783 5139 στήθεσσι
2809 5062 3119 5132 σιδηρεος,
3150 5061 3290 5118 ἀλλ’
3321 5061 3699 5140 summa).

2146 5179 2312 5234 Ἀλλά
2341 5179 2432 5234 καὶ
2465 5180 2770 5234 ἐνεστῶσαν
2800 5178 3042 5250 ἀγωνίαν
3083 5177 3263 5232 πείθει
3290 5177 3486 5249 φέρειν
3515 5180 3591 5242 ὡς
3619 5180 3697 5244 ea.

528 5053 756 5109 Ferreus
810 5065 888 5110 est
951 5055 1201 5122 animus,
1258 5071 1438 5110 verum
1487 5056 1736 5123 mitisque
1791 5057 2033 5127 piusque,

444 5169 550 5224 Sed
600 5177 654 5223 et
685 5180 1008 5239 praesentem
1054 5171 1365 5242 angustiam
1426 5169 1568 5226 ferre
1603 5184 1705 5224 nos
1735 5170 1949 5236 suadet,
1974 5179 2034 5226 ut

444 5261 573 5316 illud
601 5281 617 5316 :

513 5401 558 5485 ’ξ
580 5400 776 5485 linem.
806 5399 928 5485 Β,
952 5401 1107 5485 ἔνδον
1125 5404 1192 5485 (ζ.
1263 5406 1308 5438 ’²
1340 5403 1664 5485 καταδραχὺ
1785 5474 1799 5485 ι
1829 5403 1875 5485 ’ξ
1906 5402 2206 5485 ᾁειδιώκει
2232 5403 2491 5485 ἀειστεν.
2517 5402 2699 5485 Ax."
2730 5403 3176 5485 cptxpdtatovp,
3213 5402 3348 5485 εθρξ
3368 5403 3491 5485 ’καλ
3522 5404 3696 5485 κυκλο-

441 5470 613 5549 τερὲς
637 5469 825 5549 βάσις
860 5469 1212 5549 τὸζδὲ-στενδν
1238 5469 1714 5549 κυκ).οτερῶς’καὶ
1736 5474 1876 5549 edge
1907 5475 2056 5549 ἀνιδν
2085 5492 2215 5549 κορἒ
2248 5475 2387 5549 πλὴν
2415 5477 2453 5549 ᾗ
2473 5473 2672 5549 καρδία
2715 5469 2819 5549 κᾷν
2843 5469 2904 5528 τδ
2932 5469 3394 5549 κων.-ἒχῃ,μᾷλλᾲ
3425 5475 3525 5549 τῂν
3560 5476 3694 5549 ﬁdem

439 5542 542 5596 οὐκ
577 5543 640 5597 P.
716 5542 763 5574 ⁷⁵
799 5543 971 5610 παρὰ.
1001 5546 1062 5610 Β,
1089 5546 1215 5615 περὶ
1247 5546 1310 5600 Ρ.
1385 5545 1430 5576 ⁷⁸
1461 5542 1698 5617 φυσικὴν
1735 5545 1773 5598 Β
1800 5545 1861 5602 C.
1937 5548 2019 5600 "i

444 5612 490 5644 ⁸⁰
523 5629 636 5670 om.
670 5613 710 5665 Β
737 5613 801 5671 C.
875 5615 920 5647 ⁸¹
951 5615 1070 5669 ἐστὶ
1090 5617 1155 5670 Α.

2140 5542 2168 5600 ν’
2193 5546 2246 5618 β.
2276 5542 2357 5602 Β(
2412 5542 2458 5579 ⁷³
2479 5542 2730 5600 καλεῖται
2765 5545 2824 5601 δὲ
2845 5545 3040 5615 καρδία
3069 5542 3256 5602 Ρ,”’“⁷⁹
3273 5546 3422 5599 ἐστὶν
3449 5542 3620 5618 ἡκίϐ
3641 5547 3691 5599 l‘.

515 5795 596 5866 (at)
629 5794 731 5851 0d.
760 5755 822 5865 si,
855 5795 980 5850 εει).
1950 5823 1952 5825 ›

2209 5797 2281 5866 (τι)
2311 5793 2412 5851 0d.
2447 5794 2663 5862 [5,190.
