3856 6414
45 309 205 364 1237

1307 301 1397 358 DE
1437 300 1726 358 NATURA
1765 297 2074 356 IIOIIINIS.

3195 303 3335 361 ιειε

48 423 336 488 unum,
359 419 594 490 κραδιη’
613 419 710 475 καί
733 419 1025 488 κύντερον
1038 419 1192 476 ἄλλο
1214 419 1346 474 ποτ’
1362 418 1654 490 suum).

1841 414 2056 470 Sustine
2081 430 2192 481 cor,
2233 423 2283 470 et
2313 424 2366 469 tu
2398 415 2666 486 quondam
2698 414 2941 485 graviora
2977 413 3213 472 tulisses.

46 513 180 565 Kal.
210 511 402 576 πάλιν,

51 624 230 692 Τῷδε
254 624 401 694 μάλ’
433 624 708 694 ἐμπείσει
739 624 955 693 κραδίη
980 624 1168 696 μένεα
1203 624 1493 694 τετληυῖα
1532 624 1610 697 (ιι)
1635 641 1649 656 ο

46 738 194 792 ἀντὶ
219 738 316 792 τοῦ
354 736 588 807 ἐπείσθη
620 739 680 790 ἐν
709 737 914 809 ἡσυχίᾳ
942 739 1035 792 καὶ
1064 739 1313 810 ὑπομονῇ
1337 734 1478 793 εἶναι
1509 739 1581 795 ⁸¹.

151 827 249 893 Ἐξ
269 829 444 897 αὐτῆς
469 824 584 893 οὖν,
601 828 678 892 ib;
699 830 936 900 εἴρηται,
959 829 1022 882 τὸ
1038 829 1272 893 ζωτικὸν
1291 829 1536 902 πνεῦμα,
1559 830 1657 886 καὶ

46 920 125 973 τὸ
160 919 555 990 καθαρώτερον
585 920 634 952 ⁸³
662 921 761 974 καὶ
805 920 1102 991 είλικρινές
1135 917 1276 993 αἷμα
1299 939 1314 952 ·
1346 922 1442 976 καὶ
1463 923 1498 993 ἡ
1528 923 1656 994 θερ-

54 1012 246 1083 μότης
285 1013 381 1066 ἐπὶ
407 1012 468 1065 τὸ
497 1013 608 1066 πᾶν
641 1011 804 1083 σῶμα
825 1012 918 1066 διὰ
955 1013 1067 1066 τῶν
1098 1013 1382 1084 ἀρτηριῶν
1417 1017 1658 1082 ἐγκατα-

52 1103 388 1172 σπείρεται.
435 1103 502 1156 Ἦ
540 1103 651 1174 γὰρ
679 1103 1020 1175 δημιουργὸς
1047 1103 1216 1174 φύσις
1250 1103 1455 1176 πολλὴν
1482 1103 1578 1158 τοῦ
1601 1105 1659 1158 ἐν

57 1195 211 1263 ἡμῖν
231 1193 441 1266 θερμοῦ
466 1195 816 1265 ποιησαμένη
841 1196 1120 1266 πρόνοιαν.
1141 1195 1265 1249 δυσὶ
1295 1196 1509 1268 μορίοις
1528 1196 1660 1251 αὐτὸ

59 1285 374 1356 ἐχαρίσατο
398 1287 515 1348 τοῖς
543 1285 847 1356 ἐξαιρέτοις
876 1287 947 1350 ει,
984 1286 1183 1358 καρδίᾳ
1217 1289 1312 1340 καὶ
1347 1287 1540 1358 ἥπατι,
1565 1289 1662 1341 καὶ

63 1379 323 1448 μάλιστα
354 1378 577 1450 καρδίᾳ.
642 1379 738 1430 Ἐκ
770 1377 979 1431 τούτων
1005 1376 1100 1432 οὖν
1129 1379 1225 1432 καὶ
1253 1379 1322 1432 τά
1354 1377 1522 1432 λοιπά
1564 1380 1664 1449 μό-

63 1487 170 1539 ρια
200 1468 614 1538 μεταλαμϐάνει
643 1469 739 1521 καὶ
766 1467 1109 1522 ἐπαπολαὺει
1141 1472 1242 1539 τῆς
1286 1468 1531 1539 ἐμφύτου
1559 1469 1663 1522 αὑ-

58 1561 188 1613 τῶν
218 1559 525 1631 θερμασίας
546 1560 593 1592 ”
612 1577 627 1591 ο
661 1560 923 1622 ἑκάστου,
954 1560 1093 1631 πρὸς
1119 1559 1183 1613 τὺ
1203 1559 1250 1593 ⁸⁸
1299 1560 1532 1630 μέγεθος
1563 1560 1664 1614 καὶ

60 1652 132 1705 τὸ
181 1651 402 1722 ἀξίωμα
432 1654 531 1723 τῆς
575 1651 882 1721 ἐνεργείας.
913 1654 1012 1721 τῆς
1036 1651 1298 1722 χορηγίας
1335 1652 1544 1724 ταύτης
1577 1653 1666 1707 ἀεὶ

1832 837 1916 892 Ah
1961 837 2080 907 ipso
2108 877 2123 902 ,
2208 834 2430 906 inquam
2460 875 2475 898 ,
2545 832 2710 888 corde
2743 870 2760 898 ,
2807 839 2866 886 ut
2938 830 3143 886 dictum
3211 839 3337 893 est,

1760 929 1945 984 vitalis
1992 927 2220 998 spiritus
2247 966 2261 990 ,
2333 942 2542 981 necnon
2587 925 2937 996 purissimus,
2977 939 3042 978 ac
3088 923 3349 979 sinceris-

1759 1022 1935 1076 simus
1960 1021 2186 1092 sanguis
2211 1029 2264 1074 et
2281 1021 2434 1074 calor
2463 1035 2560 1090 per
2586 1030 2761 1074 totum
2786 1033 2988 1087 corpus
3015 1017 3344 1072 arteriarum

1761 1113 2068 1167 ministerio
2107 1112 2451 1167 diﬂ‘unditur.
2485 1113 2796 1177 Enimvero,
2826 1127 2951 1166 eum
2984 1126 3236 1165 summus
3260 1125 3349 1164 re-

1761 1219 1882 1258 rum
1923 1203 2136 1274 Opil‘ex,
2178 1203 2246 1258 de
2295 1218 2362 1258 eo
2413 1203 2507 1273 qui
2544 1203 2601 1257 in
2654 1203 2815 1258 nobis
2847 1203 3029 1257 calore
3070 1211 3173 1264 est,
3231 1215 3349 1255 ma-

1763 1295 1970 1349 ximam
2034 1311 2224 1349 curam
2287 1305 2490 1365 ageret,
2536 1295 2684 1350 illius
2727 1293 3086 1349 conservandi
3133 1292 3350 1347 duabus

1762 1386 2010 1456 corporis
2059 1385 2232 1440 nostri
2285 1385 2553 1456 partibus,
2587 1385 2742 1438 cordi
2802 1384 3055 1438 videlicet
3131 1381 3348 1450 jecino-

1763 1479 1941 1548 rique,
1983 1478 2077 1533 sed
2124 1479 2274 1533 cordi
2322 1479 2646 1548 praesertim,
2678 1477 2918 1532 ofﬁcium
2974 1474 3349 1530 demandavit.

1763 1563 1848 1618 Ab
1890 1564 1976 1619 his
2009 1579 2250 1634 namque
2297 1573 2352 1620 et
2383 1565 2606 1634 reliqua:
2644 1564 2890 1635 corporis
2917 1562 3090 1619 nostri
3142 1571 3348 1632 partes,

1767 1664 1827 1709 ut
1865 1669 2096 1724 quasque
2124 1663 2228 1718 est,
2267 1670 2366 1724 pro
2399 1655 2485 1710 sui
2515 1665 2707 1726 captus
2734 1656 2964 1718 ratione,
2993 1654 3217 1708 insitum
3253 1653 3351 1724 qui

64 1743 624 1814 μεταλαμϐάνοντος.
674 1743 1080 1812 ’Δναμέμικται
1122 1742 1178 1796 δέ
1210 1744 1269 1796 ἐν
1324 1745 1446 1807 ταῖς
1493 1745 1663 1815 ἀρτη-

1781 1761 1823 1798 :n
1863 1745 2001 1815 ipsis
2048 1752 2133 1800 est
2179 1745 2441 1811 calorem,
2477 1761 2588 1815 quo
2627 1745 2920 1800 emnmissa
2969 1745 3072 1800 sibi
3122 1745 3353 1814 exsequi

67 1834 229 1905 ρίαις
283 1835 529 1898 ἀπάσαις
577 1833 668 1886 διὰ
699 1832 915 1886 πολλῶν
958 1832 1109 1886 ὀπῶν
1159 1833 1546 1888 ἁναπνεουσῶν
1585 1834 1666 1906 τῷ

63 1923 278 1992 αἵματι
300 1924 335 1994 ἡ
356 1921 603 1995 ἀερὼδης
622 1921 803 1986 οὑσία,
825 1921 920 1975 καὶ
944 1923 1066 1975 κατ’
1091 1922 1261 1992 αὑτὴν
1279 1923 1381 1995 τὴν
1401 1911 1661 1996 καρδίαν·

63 2015 141 2067 δι’
175 2008 247 2086 ἧς
276 2013 577 2068 οἰκειοῦται
613 2014 714 2085 μὲν
742 2014 805 2067 τὸ
847 2013 1166 2085 είλικρινές,
1209 2014 1494 2080 ἐξωθεῖται
1527 2017 1668 2071 suo

65 2106 422 2170 αἶθαλῶδες⁶
454 2106 515 2159 οὑ
549 2105 713 2176 μόνον
757 2105 850 2160 διὰ
880 2107 1154 2176 στόματος
1181 2108 1274 2159 καὶ
1308 2107 1480 2179 ῥινὸς,
1531 2109 1669 2164 ἀλλὰ

68 2198 178 2252 καὶ
207 2196 299 2250 διὰ
334 2195 444 2250 τῶν
475 2196 690 2268 ἀδήλων
715 2195 922 2267 πόρων.
966 2195 1222 2264 ’Δδήλους
1245 2196 1304 2251 δέ
1334 2197 1539 2266 πόρους
1569 2200 1670 2271 τὴν

65 2287 345 2359 διαπνοὴν
381 2289 426 2320 ⁸⁷
471 2288 674 2352 παντὸς
719 2287 814 2342 τοῦ
850 2287 1107 2358 σώματος
1135 2287 1372 2359 λέγομεν
1393 2305 1408 2321 ⁸
1442 2290 1566 2343 καθ’
1603 2291 1670 2361 ἢν

69 2384 145 2435 ἑκ
201 2381 299 2433 τοῦ
346 2379 568 2451 βάθους,
617 2379 714 2435 καὶ
751 2380 850 2450 τῆς
902 2379 1171 2450 συστολῆς
1217 2379 1326 2434 τῶν
1363 2381 1670 2452 ἀρτηριῶν,

71 2473 256 2544 ἀτμοὶ
300 2471 546 2526 πλεῖστοι
597 2471 686 2527 διά
723 2473 826 2544 τῆς
888 2470 1194 2544 μανότητος
1241 2469 1334 2526 τοῦ
1400 2472 1673 2546 δέρματος

69 2564 482 2637 διεξέρχονται.

153 2831 322 2889 Μετὰ
354 2829 492 2901 γοῦν
519 2829 614 2884 τὸν
644 2827 896 2901 θώρακα,
924 2829 990 2883 ἐκ
1041 2829 1138 2883 τοῦ
1177 2828 1479 2899 ξιφοειδοῦς
1521 2830 1677 2900 λεγο-

79 2928 261 2998 μένου
291 2925 539 2996 χόνδρου,
575 2922 636 2986 ὃς
662 2922 726 2976 τὸ
749 2920 929 2991 πέρας
955 2922 1072 2975 ἐστὶ
1099 2919 1195 2976 τοῦ
1225 2922 1319 2976 ἐπὶ
1350 2922 1418 2976 τὰ
1443 2923 1676 2993 ὑποχόνο

74 3019 216 3088 ὅρια
243 3016 464 3088 μέρους,
513 3013 624 3068 ἀπὸ
654 3010 750 3066 τοῦ
787 3012 1017 3080 στέρνου
1051 3012 1221 3083 μέχρι
1269 3008 1370 3082 τῆς
1396 3012 1539 3084 ἥϐης
1579 3011 1678 3066 καὶ

1770 1837 1957 1892 munia
2007 1845 2231 1906 queant,
2269 1851 2660 1906 usquequaque
2689 1835 3009 1908 desumunt,
3045 1844 3209 1906 atque
3233 1835 3354 1904 ipso

1770 1927 2046 1983 fruuntur.
2103 1926 2160 1980 In
2221 1928 2438 1982 cunctis
2493 1936 2674 1981 autem
2726 1927 2968 1991 arteriis,
3020 1942 3114 1981 seu
3175 1927 3353 1992 venis,

1769 2033 1927 2072 aerea
1985 2017 2312 2081 substantia,
2363 2031 2486 2086 qua!
2532 2032 2632 2086 per
2681 2016 2916 2086 plurima
2950 2016 3221 2071 foramina
3259 2031 3356 2071 ex-

1773 2110 1941 2174 halat,
1983 2110 2236 2180 sanguiui
2272 2110 2504 2178 admista
2557 2119 2662 2173 est,
2717 2108 2876 2178 cujus
2925 2109 3209 2179 sanguinis
3251 2124 3355 2179 pu-

1771 2203 1992 2258 rissima
2019 2203 2197 2273 portio
2228 2202 2282 2255 in
2322 2201 2484 2257 corde
2508 2211 2784 2266 moratur;
2810 2200 3004 2255 adusta
3042 2216 3170 2256 vero
3193 2209 3360 2272 atque

1771 2293 2135 2354 comburens,
2191 2306 2300 2346 non
2351 2290 2516 2346 modo
2589 2304 2686 2344 ore
2735 2289 3105 2357 naribusque,
3164 2303 3358 2343 verum

1772 2385 1935 2438 etiam
1967 2382 2022 2436 in
2056 2382 2222 2436 certis
2247 2380 2518 2436 meatibus
2547 2380 2856 2448 expellitur.
2887 2379 2945 2432 In
2967 2387 3148 2434 certos
3176 2388 3356 2434 autem

1775 2482 2010 2538 meatus,
2061 2471 2229 2526 totius
2260 2472 2510 2543 corporis
2544 2471 2963 2541 respirationem
2997 2470 3357 2539 appellamus,

1773 2580 1883 2635 qua
1923 2580 2035 2634 prae
2065 2563 2392 2618 arteriarqu
2428 2561 2822 2624 contractione,
2870 2560 2939 2614 ab
2975 2575 3162 2614 earum
3199 2573 3363 2629 pene-

1777 2659 2068 2728 trabilibus
2113 2656 2364 2727 plurimae
2402 2655 2783 2711 exhalationes
2840 2669 2936 2724 per
2971 2653 3150 2708 laxam
3184 2653 3358 2708 cutim

1774 2751 2152 2822 egrediuntur.

1849 2838 1972 2894 Post
2012 2838 2290 2892 thoracem
2333 2833 2501 2906 igitur
2544 2873 2561 2898 ,
2596 2843 2650 2888 et
2689 2833 3061 2905 cartilaginem
3099 2847 3222 2902 quae
3248 2832 3364 2903 gla—

1775 2932 1938 2988 dialis
1956 2931 2178 2994 dicitur,
2215 2937 2407 3000 utpote
2435 2941 2556 2997 qua:
2589 2928 2759 2996 partis
2779 2928 2846 2981 ad
2888 2926 3362 2996 hypochondrium

1777 3023 2046 3078 terminus
2092 3031 2216 3088 est;
2279 3018 2425 3090 quod
2483 3019 2732 3074 videlicet
2779 3035 2808 3072 a
2863 3027 3079 3089 pectore
3133 3018 3246 3090 96
3295 3019 3366 3074 ad

74 3108 200 3162 τῶν
227 3103 438 3175 ταύτης
463 3120 530 3175 με
542 3101 676 3174 ρῶν,
705 3101 844 3172 ὅπερ
874 3100 969 3152 καὶ
993 3097 1186 3152 κύστιν
1224 3098 1524 3169 καλοῦμεν,
1555 3097 1663 3152 επις

1783 3115 1980 3187 pubem
2029 3127 2207 3182 usque
2251 3111 2480 3182 ejusque
2512 3121 2696 3182 partes
2735 3111 2926 3177 tendit,
2969 3127 3110 3181 quas
3141 3121 3196 3166 et
3234 3127 3367 3166 vcn-

76 3198 387 3270 γὰστριον
419 3194 673 3248 καλεῖται
707 3191 768 3245 τὸ
812 3193 924 3246 πᾶν
950 3207 963 3220 ·
997 3191 1136 3262 ὅπερ
1172 3191 1253 3254 είς
1279 3189 1408 3263 τρία
1449 3191 1675 3265 διαιρεῖ-

76 3305 221 3344 ται’
260 3287 345 3350 εἷς
387 3303 447 3339 τε
477 3283 898 3353 ἐπιγάστριον,
948 3281 1046 3334 καὶ
1101 3281 1535 3352 ὑπογάστριον,
1582 3283 1678 3336 καὶ

74 3379 281 3454 ἦτρον
306 3376 376 3430 ⁸⁸.
414 3376 490 3430 Τὸ
548 3376 648 3447 μέν
697 3369 792 3428 οὖν
841 3374 1214 3445 ὑπογάστριον
1259 3373 1352 3428 τὸν
1401 3373 1680 3444 ὀμφαλὸν

77 3468 405 3540 καλοῦμεν·
452 3467 516 3522 τὸ
545 3467 606 3521 δέ
650 3465 864 3520 ἀνωθεν
917 3465 1084 3521 αὑτοῦ
1124 3466 1188 3520 τὸ
1241 3466 1340 3537 μὲν
1379 3466 1680 3536 μετέωρον

75 3563 487 3632 ἐπιγάστριον
517 3558 786 3624 καλεῖται,
815 3557 1005 3629 ἐπειδὴ
1046 3557 1320 3611 ἐπίκειται
1347 3559 1414 3628 τῇ
1437 3558 1639 3630 γαστρί
1659 3573 1674 3590 ο

76 3657 150 3710 τὸ
179 3656 236 3709 δὲ
257 3655 448 3724 ἕτερον
474 3650 907 3720 ὑπογάστριον,
925 3649 1122 3721 ἐπειδὴ
1150 3648 1496 3719 ὑποϐέϐηκεν
1515 3651 1678 3721 αὐτῇ.

77 3749 166 3802 Τὸ
212 3745 271 3798 δέ
301 3744 398 3798 τοῦ
425 3740 677 3814 ὀμφαλοῦ
721 3741 1022 3812 κατωτέρω
1075 3741 1263 3809 ἦτρον
1309 3739 1356 3771 ⁸⁹
1404 3757 1682 3810 προσαγο-

79 3839 376 3914 ρεύομενο
419 3834 483 3888 τὸ
517 3835 576 3888 δέ
620 3833 884 3889 ὑποκάτω
919 3831 1032 3886 τῶν
1077 3830 1319 3902 διδύμων
1386 3832 1679 3900 περίνιον.

79 3935 240 3986 Ὅσα
267 3929 370 4001 μὲν
399 3923 494 3982 οῦν
520 3927 602 3991 είς
623 3925 986 3997 ἐπιγάστριον
1014 3924 1263 3998 διῃρέθη,
1285 3923 1379 3978 τὸν
1404 3923 1680 3996 στόμαχον

76 4025 420 4098 περιέχουσι
472 4021 570 4076 καὶ¹
613 4019 864 4090 γαστέρα
919 4018 1022 4091 τὴν
1064 4019 1218 4074 ἀνω·
1260 4017 1557 4090 δεξιώτερα
1617 4019 1681 4072 τδ

75 4114 252 4192 ἧπαρ
310 4114 408 4168 καὶ
450 4113 546 4168 τὸν
607 4111 821 4182 σπλῆνα
876 4111 937 4165 ἐν
996 4113 1113 4176 τοῖς
1146 4112 1482 4181 ἀριστεροῖς,
1533 4109 1680 4183 ᾇπερ

78 4208 389 4282 ἀμφότερα
413 4203 757 4274 σπλάγχνα
787 4201 1062 4266 καλεῖται,
1093 4200 1183 4255 διά
1219 4201 1282 4255 τὸ
1313 4200 1551 4273 διασπᾷν
1581 4199 1682 4272 τὴν

78 4301 307 4373 τροφήν
327 4315 342 4331 ’
375 4297 446 4352 τὰ
469 4296 613 4351 αὑτὰ
632 4295 690 4349 δὲ
716 4295 814 4348 καὶ
839 4292 1132 4366 όργανικά.

1781 3217 1919 3264 trem
1975 3220 2404 3276 nuncupamus;
2442 3218 2627 3270 omne,
2658 3203 2907 3273 inquam,
2954 3203 3088 3258 illud
3125 3204 3364 3273 spatium

1781 3296 2134 3356 subventrilis
2188 3311 2316 3366 pars
2362 3295 2603 3356 dicitur,
2642 3295 2788 3364 quod
2844 3303 2900 3348 et
2921 3292 3188 3349 trifariam
3227 3293 3366 3349 divi-

1779 3391 1948 3456 ditur,
1986 3389 2040 3444 in
2084 3388 2422 3458 superiorem
2463 3385 2715 3440 videlicet
2785 3393 2840 3439 et
2880 3383 3190 3440 inferiorem
3225 3400 3363 3440 ven-

1779 3489 1957 3547 trem,
2028 3488 2193 3550 atque
2250 3477 2542 3532 abdomen.
2616 3475 2684 3529 Et
2745 3474 3059 3532 inferiorem
3128 3475 3354 3546 quidem

1784 3581 2067 3634 ventrem.
2114 3568 2435 3625 umbilicum
2493 3565 2851 3637 appellamus.
2907 3565 2992 3620 Ab
3053 3564 3182 3621 inde
3233 3580 3368 3622 vero

1782 3676 2026 3733 superna
2059 3675 2209 3732 pars,
2239 3673 2363 3730 qua:
2413 3658 2701 3714 sublimior
2724 3666 2831 3723 est,
2860 3657 3008 3727 quod
3035 3657 3160 3712 alvo
3191 3657 3369 3713 immi-

1781 3761 1932 3818 neat,
1969 3753 2421 3823 superiorventer
2444 3759 2797 3819 nuncupatur
2827 3763 2990 3819 :pars
3003 3764 3133 3804 vero
3172 3749 3368 3816 altera,

1783 3845 1937 3900 alvus
1993 3843 2234 3910 scilicet,
2294 3843 2441 3914 quod
2491 3841 2592 3918 ipsi
2627 3841 2800 3896 ventri
2857 3841 3068 3905 subsit,
3137 3840 3369 3898 inferior

1784 3944 1978 3991 venter
2027 3935 2348 4006 appellatur.
2406 3933 2511 3988 Sed
2559 3941 2744 4003 partes
2787 3933 2927 3988 imas
2981 3933 3051 3988 ab
3106 3932 3372 3988 umbilim

1783 4019 1952 4098 ἦτρον
1979 4026 2179 4091 dictas,
2231 4023 2541 4082 abdominis
2586 4032 2642 4079 et
2695 4024 2856 4094 pubis
2919 4023 3039 4079 loca
3084 4038 3372 4080 vocamus.

1789 4117 2037 4172 InIlmam
2075 4127 2257 4174 autem
2290 4127 2501 4188 partem
2535 4132 2658 4187 qum
2689 4116 2792 4172 sub
2819 4115 3049 4171 testibus
3073 4124 3179 4179 est.
3213 4117 3376 4188 nept-

1786 4225 1929 4274 νεον,
1979 4211 2085 4264 hoc
2126 4220 2210 4264 est
2238 4210 2412 4264 colem
2447 4219 2788 4280 nuncupant.
2823 4207 3176 4280 Quaecunque
3202 4209 3371 4278 igitur

1788 4299 1844 4354 in
1897 4300 2236 4370 superiorem
2279 4311 2524 4357 ventrem
2573 4300 2750 4356 divisa
2807 4308 2958 4365 sunt,
3003 4299 3373 4366 stomachum,

77 4406 147 4454 et
189 4392 527 4466 superiorem
577 4387 864 4445 ventriculi
915 4395 1124 4458 partem
1167 4384 1449 4441 continent
1485 4408 1499 4442 ς
1535 4395 1590 4441 et
1638 4402 1669 4442 a
1726 4389 1936 4448 dextris
1961 4392 2141 4463 jecur,
2207 4407 2240 4447 a
2313 4393 2554 4450 sinistris
2595 4405 2727 4448 vero
2777 4391 2884 4446 lien
2922 4391 3188 4456 cernitur,
3233 4407 3376 4464 quo-

80 4501 220 4543 rum
282 4489 579 4551 utrumque
635 4478 866 4535 visceris
924 4476 1346 4548 appellationem
1417 4477 1655 4534 desumit

1781 4497 1857 4537 am
1901 4483 1994 4538 illi'
2039 4482 2325 4555 σπλάγχνα
2377 4483 2591 4538 viscera
2639 4481 2831 4536 dicunt
2897 4479 2986 4534 διά
3036 4480 3098 4536 τὸ
3139 4481 3376 4553 διασπᾷν

80 4578 197 4651 τὴν
225 4575 456 4650 τροφήν,
512 4571 660 4645 quod
689 4570 934 4627 alimenti
973 4570 1044 4624 ab
1092 4569 1174 4625 eis
1222 4569 1512 4626 visceratio
1565 4573 1681 4641 ttat;
1722 4574 1997 4633 haecenim
2019 4585 2072 4634 et
2105 4577 2542 4633 instrumentalia
2574 4583 2722 4632 sunt.

415 4686 560 4755 Κεφ.
602 4682 712 4741 lll'.
749 4710 821 4724 —
851 4683 991 4753 Περὶ
1021 4681 1358 4753 στομάχου.

174 4803 333 4856 Ἔστι
359 4799 417 4854 δὲ
444 4800 474 4854 ό
504 4799 781 4870 στόμαχος
809 4797 1109 4870 νευρώδης,
1134 4795 1422 4868 ἐργαλεῖον
1447 4797 1682 4870 ὀρέξεως

85 4895 199 4952 καὶ
219 4892 604 4956 καταπόσεως,
639 4891 898 4962 καὶπρὸς
927 4891 1106 4964 ὑγρὰς
1127 4891 1223 4947 καὶ
1262 4889 1439 4963 ξηρὰς
1475 4893 1687 4964 τροφὰς

88 4986 435 5058 ἐπιτήδειος.
482 4984 726 5054 Λέγεται
767 4983 826 5037 δέ
865 4983 1198 5054 στόμαχος,
1225 4985 1312 5039 ὅτι
1346 4984 1417 5038 τὰ
1449 4985 1560 5040 ἀπὺ
1589 4985 1686 5040 τοῦ

90 5079 380 5151 στόματος
409 5080 492 5142 είς
527 5077 696 5134 αὑτὸν
719 5079 932 5149 χεῖταιο
963 5077 1033 5132 ἀν
1059 5094 1122 5130 τε
1152 5077 1319 5149 ὑγρὰ.
1349 5079 1417 5133 ἂν
1435 5095 1497 5132 τε
1522 5079 1685 5151 ξηρά.

95 5175 181 5227 ἰι
206 5166 322 5227 οἷον
354 5172 672 5243 σιτόμαχος,
699 5172 729 5226 ό
761 5172 876 5234 τοῖς
897 5169 1090 5234 σιτίοις
1118 5169 1436 5242 μαχόμενος
1463 5172 1511 5204 ⁹⁶
1535 5187 1551 5202 ·
1575 5171 1692 5226 θλί-

92 5262 396 5337 ὼυσιγάρ
439 5263 642 5318 αὑτόν·
669 5263 704 5334 ἢ
755 5263 786 5318 δ
832 5261 1034 5318 θλίϐων
1081 5260 1324 5335 ἔμπαλιν
1355 5261 1556 5330 ταῦτα,
1602 5263 1692 5318 ῐνα

189 5400 241 5435 ι’
289 5400 407 5454 haec
446 5399 516 5454 ab
579 5411 750 5467 usque
812 5396 954 5454 ἀλλά
1012 5397 1110 5453 καὶ
1169 5398 1351 5452 ἐνεστ.
1407 5413 1520 5453 om.
1595 5395 1658 5464 Β,

1816 5410 1960 5467 vers.
2019 5396 2116 5467 lat.

95 5475 174 5531 (Σ.
273 5468 324 5502 ⁸⁸
363 5469 489 5524 κατ’
521 5468 878 5540 ἐξαίρετον-Β
907 5469 948 5524 C
991 5467 1065 5540 P1
1152 5467 1200 5500 "
1236 5468 1405 5540 θερμ.
1442 5468 1565 5522 αὑτ.
1603 5468 1663 5525 Β.

94 5547 147 5578 ⁸⁷
180 5540 443 5611 διαπνοὴν
470 5539 564 5594 καὶ
594 5534 868 5611 ἀναπνοὴν
917 5541 984 5605 Ρ,
1035 5534 1193 5664 Ἦσιν
1243 5534 1320 5608 B,~
1343 5534 1498 5612 ἷτρον
1520 5541 1589 5596 Δ.

105 5630 278 5664 στου..
312 5612 398 5664 ὅτι
427 5613 541 5664 τοῖς
581 5610 772 5664 σιτίοις
803 5609 1038 5664 μάνεται
1112 5649 1125 5664 .

105 5630 278 5684 στομ.
312 5609 541 5674 sutor;
581 5610 772 5677 σιτίοις
802 5609 1038 5683 μάχεται
1060 5609 1125 5666 Β.

179 5729 258 5802 (ε)
284 5728 389 5786 0d.
421 5730 490 5798 Υ,
527 5729 614 5786 I8.

1712 5539 1758 5572 ⁸⁸
1791 5534 1960 5611 ἦτρον
1996 5537 2056 5592 Β.

2132 4690 2262 4761 Cap.
2305 4688 2491 4748 XVIII.
2516 4719 2587 4730 —
2621 4689 2698 4744 De
2731 4687 3022 4744 stomacho.

1864 4803 2195 4862 Stomachus
2221 4811 2408 4860 autem
2441 4803 2628 4859 nervis
2651 4803 2887 4859 refertus
2909 4811 3014 4872 est,
3032 4809 3086 4858 et
3105 4801 3245 4859 idem
3263 4800 3381 4857 om.

1793 4899 1916 4954 cina
1939 4904 2056 4954 tum
2085 4897 2398 4968 appetendi,
2426 4905 2542 4952 tum
2573 4895 2900 4953 conﬁciendi
2919 4905 3029 4952 tam
3048 4896 3178 4952 sicci
3211 4911 3376 4967 quam

1795 4987 2003 5043 humidi
2029 4987 2268 5042 alimenti
2286 4987 2578 5058 peridonea
2608 4987 2861 5043 habetur.
2881 4987 2961 5042 Illi
2996 4987 3269 5058 στόμαχον
3295 4987 3382 5044 di-

1795 5089 1928 5138 cunt
1948 5080 2030 5135 ὅτι
2061 5078 2174 5134 ἀπὸ
2199 5078 2294 5133 τοῦ
2319 5079 2586 5150 στόματος
2609 5081 2694 5143 είς
2727 5078 2893 5133 αὑτὸν
2917 5081 3112 5150 χεῖται,
3133 5079 3260 5150 quia
3284 5093 3382 5150 per

1795 5185 1860 5226 os
1875 5170 1992 5226 sive
2011 5169 2298 5225 humidum
2325 5169 2440 5226 sive
2462 5168 2592 5224 illud
2614 5170 2820 5225 siccum
2845 5169 3160 5224 alimentum
3193 5167 3380 5234 fuerit,

1798 5263 1978 5333 ipsum
1995 5261 2322 5318 infunditur.
2343 5259 2608 5333 Velquasi
2626 5260 2918 5333 σιτόμαχος
2933 5260 3082 5331 quod
3103 5275 3229 5318 cum
3256 5259 3383 5316 cibo

2231 5394 2279 5427 ⁸³
2323 5393 2701 5465 καθαρότατον
2761 5393 2826 5465 B_
2861 5393 2956 5465 Ρ,
2993 5391 3385 5465 καθαρώτατον

1771 5469 1819 5539 θξ
1847 5465 1985 5539 πρὸς
1998 5466 2090 5539 ᾲτδ
2117 5465 2218 5539 τῆς
2238 5467 2392 5539 ἐνερ.
2425 5463 2655 5539 μέτρονΔ
2673 5463 2867 5539 μεταλ.
2899 5463 3272 5539 αὐτῇς-ἀναμ.
3313 5465 3381 5539 Ρ.

2183 5529 2204 5601 ῗ
2236 5529 2404 5608 ἦτρον
2425 5529 2500 5590 ’Β
2531 5529 2594 5605 Β,
2633 5529 2782 5610 ίτρον
2830 5537 2896 5590 Δ.
3001 5529 3048 5567 ’δ
3077 5529 3294 5604 λέγεται
3322 5533 3383 5587 δὲ

1878 5721 1956 5794 (α)
1978 5720 2082 5776 ou.
2120 5719 2186 5786 ι’,
2219 5717 2310 5775 es.
