3856 6410
485 309 625 363 mg
1761 297 2046 354 MELETII
2089 297 2396 354 MONACIJI
3636 302 3766 356 tam

483 425 652 492 (ligat,
696 420 811 491 ipse
842 413 1039 472 enim'a
1076 416 1201 471 cibo
1219 414 1504 485 premitur,
1534 422 1588 468 et
1608 413 1792 468 cibum
1827 413 2065 469 vicissim

2172 411 2585 483 καταὸισασθῇ·
2604 411 2828 482 λέγεται
2870 415 2965 468 καὶ
2988 417 3319 485 στόμαχος,
3347 417 3380 469 δ
3404 418 3533 470 ἐστι
3557 422 3772 490 μηχανή

484 517 601 584 ipse
641 511 861 583 premit,
897 509 1027 564 dum
1056 508 1234 576 ipsum
1265 507 1333 561 ad
1367 507 1469 562 sibi
1504 507 1817 576 praseripta
1841 506 1960 561 loca
1976 507 2065 560 de-

2175 503 2288 556 τῶν
2321 504 2510 557 σιτίων
2539 505 2610 558 ’⁸.
2652 505 2843 560 ’Δλλοι
2883 506 2940 560 δὲ
2981 509 3047 560 ὲκ
3096 506 3192 561 τοῦ
3254 507 3446 578 στόμα
3499 509 3774 579 strigam

485 604 703 658 mittere
724 598 940 668 satagit.
967 595 1064 650 Vel
1087 597 1212 651 inde
1240 595 1562 651 stomachus
1578 595 1757 650 dictus
1779 595 1925 658 est,6
1956 594 2065 648 έστῖ

2177 595 2418 664 λέγουσι,
2457 596 2550 650 διὰ
2570 598 2664 652 τδν
2693 598 2798 669 τὴν
2831 599 3094 670 μάστακα
3109 601 3157 633 ’⁸
3180 600 3245 666 ἐξ
3271 599 3454 654 αὐτοῦ
3498 600 3772 671 δέχεσθαι,

486 693 703 766 μηχανὴ
751 691 859 745 τῶν
916 688 1122 754 σιτίων,
1189 689 1348 757 quasi
1397 687 1643 742 ciborum
1702 687 1954 741 machina
1981 687 2065 752 sit,

2177 689 2428 742 τουτέστι
2461 689 2563 761 τὴν
2588 693 2802 762 τροφήν
2824 708 2840 724 ·

482 802 606 858 qua:
628 787 776 854 ipsos
796 783 1074 839 conficiat.
1123 782 1264 836 Sunt
1306 781 1399 852 qui
1451 779 1800 837 stomachum
1857 781 1923 834 ὲκ
1973 779 2065 832 τοῦ

2160 781 2399 852 πόματος,
2424 784 2492 837 ab
2523 799 2619 838 ore
2677 783 2930 841 videlicet
2987 785 3192 840 dictum
3230 787 3430 851 velint,
3461 785 3567 840 διὰ
3596 784 3664 837 τὸ

484 880 739 949 μάστακα
775 875 835 942 ἐξ
883 876 1048 929 αὑτοῦ
1071 873 1343 945 δέχεσθαι,
1377 873 1520 944 quod
1560 873 1630 927 ab
1668 887 1764 928 ore
1797 887 2065 940 mansum,

2160 891 2163 925 ι
2197 885 2282 931 est
2301 876 2624 952 alimentum
2645 877 2932 947 suscipiat,
2967 879 3170 934 utillud
3204 895 3220 931 :

591 992 660 1047 Ut
690 991 920 1046 volucris
953 1007 1200 1044 mansum
1226 989 1388 1059 pullis
1411 987 1760 1058 implumibus
1784 987 1962 1055 affert,

588 1084 743 1151 Quod
779 1085 1018 1152 capiant.

550 1199 800 1266 Quonam
847 1206 1030 1250 autem
1083 1205 1244 1264 pacto
1282 1193 1602 1251 stomachus
1641 1192 1914 1262 appetitus
1951 1191 2073 1246 om-

480 1292 604 1346 cina
640 1290 734 1353 sit,
772 1304 838 1342 ex
880 1289 968 1342 his
998 1287 1285 1356 perspicue
1312 1287 1534 1355 patebit.

545 1469 819 1536 Quoniam
866 1467 1182 1523 stomachus
1239 1468 1376 1537 ipse,
1431 1475 1492 1521 ut
1540 1465 1746 1521 dictum
1793 1477 1898 1532 est,
1939 1483 2064 1522 cum

477 1562 748 1633 appetitus
780 1560 1210 1630 conliciendiqne
1241 1559 1346 1613 cibi
1379 1558 1597 1613 officina
1634 1561 1724 1618 sit,
1743 1559 2064 1614 alimentum

477 1654 548 1708 ab
566 1667 663 1708 ore
691 1652 920 1722 suscipit
950 1669 963 1706 :
1001 1651 1160 1706 habet
1181 1659 1362 1704 autem
1399 1651 1580 1705 sinum
1614 1651 1680 1705 ad
1713 1651 1871 1705 finem
1898 1651 2068 1705 carti-

477 1745 694 1816 laginis,
720 1759 843 1813 qua:
887 1743 1133 1812 gladialis
1163 1743 1390 1808 dicitur,
1418 1743 1499 1811 in?
1529 1757 1690 1813 quem
1724 1742 1833 1812 97
1882 1759 1976 1812 per
2006 1758 2069 1799 os

476 1838 778 1892 demissum
796 1835 980 1891 cibum
997 1837 1261 1890 recondit.
1278 1833 1396 1888 Non
1423 1837 1652 1888 multum
1669 1844 1792 1904 post
1809 1837 2070 1905 temporis

476 1940 687 1994 venter,
735 1945 858 1999 qum
884 1943 1060 1998 nuper
1083 1928 1137 1982 in
1161 1927 1506 1982 stomachum
1547 1928 1785 1983 demissa
1829 1926 2066 1993 fuerant,

476 2039 586 2094 quo
607 2038 670 2078 ea
696 2022 929 2092 jecinori
957 2030 1011 2076 et
1037 2019 1313 2074 intestinis
1337 2019 1699 2086 impertiatur,
1719 2020 1977 2074 desumit.
2006 2018 2067 2074 Et

471 2115 703 2185 jecinori
741 2113 959 2182 quidem
1006 2111 1246 2164 alimenti
1281 2125 1540 2173 succum;
1598 2110 1872 2164 intestinis
1913 2125 2065 2173 vero,

477 2207 736 2263 stercoris
758 2204 1044 2258 materiam
1091 2201 1357 2272 applicat;
1381 2202 1601 2271 quando
1636 2201 1856 2271 quidem
1882 2217 2069 2256 excre-

478 2305 682 2360 menta,
704 2293 1165 2365 quemadmodum
1220 2293 1473 2362 superius
1503 2293 1937 2348 demonstratum
1960 2303 2066 2358 est,

477 2403 603 2443 cum
624 2387 676 2441 in
695 2395 907 2441 stercus
927 2399 1192 2440 conversa
1211 2393 1503 2454 egestaque
1521 2383 1747 2451 fuerint,
1761 2386 2069 2456 etparticu-

479 2480 545 2533 la:
561 2492 753 2532 omnes
775 2490 1078 2545 congruum
1113 2475 1430 2529 alimentum
1450 2476 1875 2546 absumpserint,
1891 2487 2066 2533 totum

479 2582 682 2637 corpus
709 2567 778 2620 al)
801 2565 1094 2620 ambientis
1135 2579 1236 2620 nos
1267 2565 1413 2619 aeris
1443 2565 1493 2619 vi
1522 2566 1812 2622 conficitur
1850 2579 1902 2623 et
1927 2571 2069 2625 hanc

482 2661 861 2713 necessitatem
879 2657 1062 2710 omnia
1083 2670 1205 2725 quae
1221 2655 1323 2712 sub
1335 2656 1744 2725 generationem
1763 2660 2070 2728 corruptio-

479 2763 714 2818 nemque
749 2747 971 2810 cadunt,
1004 2755 1270 2816 perpetuo
1312 2746 1638 2800 sortiuntur.
1691 2745 1970 2817 Siquidem
2014 2757 2068 2802 et

479 2839 686 2909 lapides
733 2837 879 2907 longi
938 2836 1203 2905 temporis
1247 2851 1422 2890 aevum
1481 2836 1759 2900 diminuit,
1819 2837 1898 2891 uti
1950 2837 2065 2902 alii,

480 2944 645 3000 quam
668 2928 946 2998 quondam
977 2925 1104 2981 facti
1147 2925 1365 2980 fuerant
1385 2925 1695 2981 videantur.
1723 2925 1864 2981 Tum
1894 2929 2066 2998 quod-

2188 989 2286 1063 Ὠς
2317 990 2372 1043 δ’
2396 991 2560 1058 ὄρνις
2583 991 2816 1059 ἀπτῆσι
2839 993 3157 1047 νεοσσοῖσι
3182 992 3545 1063 arth

2173 1061 2472 1125 Mdo'tax',
2507 1063 2669 1128 ἐπήν
2694 1079 2766 1116 κε
2791 1064 3059 1132 λάϐῃσιν
3085 1064 3132 1096 ’³
3163 1064 3261 1133 (ὸ).

2247 1175 2478 1247 Εἴρηται
2509 1175 2568 1228 δὲ
2595 1175 2693 1230 καὶ
2715 1177 2811 1229 ἐπὶ
2835 1176 2933 1230 τοῦ
2961 1177 3231 1247 πόματος.

2186 1267 2341 1322 Ἀλλ’
2378 1267 2725 1335 Ὀδυσσεὺς
2749 1270 2849 1323 ἐπί
2886 1269 3171 1338 μάστακα
3199 1269 3380 1340 χερσί
3421 1267 3605 1329 πιεζε
3625 1270 3770 1341 ⁸⁸(ε).

2245 1360 2374 1423 Πῶς
2399 1360 2459 1413 δέ
2488 1363 2640 1413 ἐστιν
2670 1360 2956 1431 ἐργαλεῖον
2985 1361 3242 1432 ὀρέξεως.
3261 1357 3369 1416 ὧδε
3398 1364 3452 1396 ’⁸
3482 1363 3712 1418 σκόπει.

2255 1452 2315 1507 Ὀ
2347 1452 2644 1524 στόμαχος,
2667 1453 2853 1516 καθὼς
2887 1453 3124 1526 εἴρηται,
3164 1454 3405 1526 ὀρέξεως
3451 1457 3563 1507 καὶ
3609 1472 3774 1508 κατα.

2173 1544 2386 1608 πόσεως
2415 1545 2704 1615 ἐργαλεῖον
2736 1545 2999 1616 ὑπάρχων
3031 1547 3099 1608 ³⁸,
3144 1546 3366 1617 δέχεται
3401 1547 3516 1617 τὴν
3569 1549 3774 1619 τροφὴ-ν

2173 1637 2240 1688 ἐκ
2261 1636 2359 1689 τοῦ
2387 1637 2681 1707 στόματος.
2722 1637 2875 1706 Ἔχει
2915 1638 2973 1691 δὲ
2997 1638 3160 1702 κύτος
3193 1640 3364 1702 αὐτὸς
3394 1641 3557 1710 πρὸς
3587 1641 3657 1692 τὸ
3686 1643 3774 1692 πέ-

2101 1706 2143 1761 B
2172 1745 2272 1799 ρας
2294 1728 2389 1781 τοῦ
2418 1706 2724 1797 ξιῴοειδοῦς
2750 1731 2999 1801 χόνδρου,
3022 1731 3104 1795 είς
3120 1731 3149 1784 ὃ
3173 1706 3718 1804 καταδιδαζόμενος
3737 1735 3774 1764 ’⁷

2169 1819 2378 1873 τίθεται
2410 1822 2478 1874 τά
2510 1819 2800 1892 βρώματα.
2829 1824 2986 1909 μετὰ
3006 1819 3100 1878 οὖν
3128 1826 3326 1895 μικρὸν
3351 1827 3593 1897 χρόνον,
3631 1827 3774 1880 ἓλκει

2169 1912 2230 1976 ἐξ
2262 1911 2504 1983 αὐτῶνή
2549 1915 2764 1985 γαστὴρ
2805 1915 2906 1986 ἤδη
2940 1915 3028 1981 τὰ,
3068 1916 3212 1990 άπερ
3250 1913 3367 1988 εἶχε
3401 1920 3702 1989 πρότερον
3717 1922 3773 1983 ⁸³,

2171 2004 2576 2075 μεταπέμψασα
2595 2006 2674 2076 τῷ
2698 2008 2872 2078 ἥπατι
2903 2010 3000 2062 καὶ
3024 2011 3141 2072 τοῖς
3162 2010 3430 2081 ἐντέροις.
3475 2011 3582 2081 τῷ
3607 2013 3774 2079 ἥπατι

2171 2093 2272 2164 μὲν
2297 2095 2390 2149 τὸν
2417 2095 2600 2165 χυλὸν,
2643 2099 2758 2161 τοῖς
2799 2096 3043 2168 ἐντέροις
3079 2099 3136 2152 δὲ
3176 2099 3245 2152 τὰ
3301 2099 3613 2154 σκύϐαλα·
3665 2102 3773 2153 ἐπεὶ

2167 2181 2261 2241 οὖν
2291 2187 2741 2258 άπεσκυδαλίσθη
2777 2191 2874 2244 καί
2904 2191 3182 2262 ἀπεκρίθη
3213 2192 3282 2246 τὰ
3328 2193 3769 2263 περιττώματα,

2167 2277 2357 2342 καθὼς
2401 2282 2620 2350 εἴρηται
2678 2281 2958 2354 ἀνωτέρω,
2989 2283 3200 2354 ἐτράφη
3232 2283 3289 2337 δὲ
3321 2288 3422 2338 καὶ
3459 2287 3667 2340 πάντα
3714 2290 3770 2339 τά

2171 2371 2342 2442 μόρια
2401 2375 2469 2443 τῇ
2517 2373 2843 2446 καταλλήλῳ
2891 2377 3089 2446 τροφῇ,
3145 2375 3454 2448 διεφορήθη
3507 2378 3673 2432 ἅπαν
3724 2381 3770 2430 τὲ

2171 2463 2336 2534 σῶμα
2357 2465 2464 2518 ὑπὸ
2495 2466 2598 2536 τῆς
2626 2465 2721 2520 τοῦ
2772 2467 3133 2539 περιέχοντος
3164 2467 3369 2538 βάρους
3408 2470 3552 2538 βίας
3579 2488 3596 2501 ο
3655 2474 3768 2524 ταὺ-

2166 2575 2270 2628 την
2301 2560 2348 2591 ”
2376 2561 2485 2632 γάρ
2517 2559 2680 2630 ἔλαχε
2707 2560 2808 2630 τὴν
2840 2562 3092 2631 ἀνάγκην
3122 2563 3303 2615 πάντα
3332 2563 3408 2615 τὰ
3451 2565 3526 2615 ἐν
3559 2566 3767 2632 γενέσει
3824 2603 3825 2632 ;

2168 2651 2264 2704 καὶ
2301 2650 2478 2722 φθορᾷ
2497 2653 2838 2723 τυγχάνοντα
2857 2666 2870 2681 ⁶
2903 2655 3098 2724 ὁρᾶται
3117 2655 3226 2725 γὰρ
3254 2654 3332 2724 τῷ
3365 2655 3573 2727 πολλῷ
3595 2659 3768 2728 χρόνῳ

2168 2741 2268 2795 καὶ
2297 2742 2446 2806 λίθος
2477 2743 2655 2813 μείων
2688 2746 2705 2776 ¹
2743 2746 2889 2815 παρὸ
2914 2741 2984 2815 ἦν
3014 2745 3276 2814 γεγονώς.
3308 2749 3656 2819 Διεφορήθη
3684 2745 3765 2802 οὖν

2168 2832 2317 2886 ἅπαν
2347 2834 2408 2887 τὺ
2443 2835 2628 2905 σῶμα,
2659 2837 2758 2891 καὶ
2783 2838 3020 2906 μάλιστα
3053 2839 3113 2891 τὸ
3139 2838 3317 2910 δέρμα
3333 2841 3435 2894 τοῦ
3475 2842 3761 2913 σώματος,

2168 2923 2244 2986 ὡς
2289 2922 2369 2994 τῷ
2395 2924 2555 2995 πέριξ
2585 2926 2712 2998 ἀέρι
2744 2926 3139 2998 πλησιέστερον
3175 2929 3426 3002 όμιλοῦν.
3459 2929 3614 2986 Εἶτα
3647 2952 3762 3004 τρο-

479 3020 614 3075 libet
649 3033 849 3086 corpus
891 3025 948 3071 et
999 3016 1301 3086 praesertim
1340 3017 1461 3086 ejus
1514 3017 1688 3084 cutis,
1737 3032 1846 3088 quo
1889 3019 2065 3090 magis

2171 3018 2280 3088 φῆς
2321 3017 2634 3088 ἁπορῆσαν,
2679 3018 2948 3090 τρέπεται
3003 3021 3146 3075 κατὰ
3199 3020 3308 3074 τῶν
3369 3023 3761 3093 ὑποκειμένοιν

481 3110 642 3164 obvia
693 3109 806 3162 aeri
851 3107 935 3171 fit,
981 3108 1065 3162 vel
1109 3107 1176 3162 ad
1227 3109 1406 3177 ipsum
1443 3110 1670 3179 prapius
1741 3111 1970 3175 accedit,
2000 3127 2065 3166 eo

2170 3107 2318 3179 αὐτῷ
2351 3109 2528 3176 μυῶν,
2564 3110 2660 3161 καὶ
2687 3109 2839 3163 ἕλκει
2869 3111 2930 3164 τὸ
2960 3110 3255 3181 ἀφορισθέν
3273 3112 3468 3177 αὐτοῖς
3489 3119 3580 3177 είς
3609 3118 3760 3184 λόγον

484 3202 640 3256 ocius
683 3199 1010 3255 absumitur.
1070 3196 1267 3254 Postea
1313 3215 1443 3255 vero
1495 3210 1687 3256 venter
1743 3201 2065 3257 alimentum

481 3294 852 3360 desumptum,
907 3291 1284 3344 musculorum
1331 3291 1537 3356 officio,
1599 3293 1665 3347 ad
1719 3302 1902 3363 partes
1946 3311 2068 3365 qua:

480 3401 548 3441 eo
580 3385 824 3456 indigent
846 3383 1150 3438 distribuit.
1185 3384 1256 3437 At
1292 3394 1474 3454 partes
1503 3385 1633 3455 ipsa?
1654 3387 1788 3440 illud
1825 3387 1930 3441 sibi
1963 3403 2063 3458 pro

482 3478 746 3533 alimento
791 3475 1110 3540 vindicant;
1142 3473 1211 3529 ab
1242 3475 1352 3528 illis
1384 3491 1536 3539 vero,
1573 3478 1720 3548 quod
1759 3479 1840 3533 eis
1872 3479 2065 3550 proxi-

483 3584 630 3622 nuum
660 3578 766 3631 est,
800 3567 966 3620 alitur
988 3583 1002 3630 ;
1023 3573 1076 3620 et
1117 3566 1191 3620 ita
1219 3567 1538 3621 continuata
1569 3569 1818 3637 qumdatn
1851 3578 1906 3624 et
1935 3585 2066 3639 per—

483 3659 642 3715 ennis
702 3659 983 3713 successio
1033 3660 1113 3720 tit,
1155 3657 1336 3727 quoad
1385 3657 1519 3712 illud
1581 3660 1649 3712 ad
1687 3659 1844 3728 jecur
1879 3675 2067 3715 acces-

482 3753 636 3808 serit.
683 3749 896 3805 Dehinc
955 3760 1137 3804 autem
1190 3749 1374 3819 jecur,
1420 3749 1567 3818 quod
1623 3749 1887 3805 alimento
1923 3751 2064 3805 indi-

482 3845 663 3914 gebat,
695 3842 826 3896 illud
871 3842 1018 3910 quod
1058 3842 1112 3896 in
1159 3843 1486 3912 venis.quze
1531 3843 1878 3898 mediatrices
1921 3859 2064 3898 nun-

482 3944 752 4004 cupantur
799 3935 1259 4004 comprehensum
1319 3934 1516 3999 fuerat,
1571 3935 1640 3989 ad
1696 3950 1756 3990 se
1793 3936 2060 4002 attrahit,

484 4028 590 4083 illa:
635 4034 819 4081 autem
875 4039 1048 4090 venae,
1107 4025 1310 4094 ipsum,
1356 4025 1426 4079 ab
1460 4033 1668 4090 ventre,
1705 4033 1894 4078 venter
1933 4040 2064 4080 vero

481 4137 584 4192 sibi
620 4150 650 4190 a
687 4131 973 4188 stomacho
1005 4133 1257 4204 suscipit.
1304 4131 1372 4188 Et
1419 4135 1679 4202 quoniam
1727 4133 1850 4187 talis
1884 4141 2064 4189 motus

479 4230 547 4283 ad
576 4227 784 4284 ventris
841 4241 1016 4296 usque
1046 4235 1099 4280 et
1121 4225 1389 4281 stomachi
1419 4227 1680 4280 terminos
1709 4227 2062 4296 praescriptus

478 4329 584 4383 est,
634 4319 817 4374 inedia
868 4333 966 4389 per
1014 4333 1214 4373 nervos
1259 4317 1482 4372 animali
1538 4318 1837 4384 indicitur;
1895 4317 2060 4387 hujus

2166 3201 2410 3271 τροφῆς·
2452 3201 2657 3254 ἐκεῖνοι
2710 3202 2874 3255 πάλιν
2918 3203 3214 3273 τρέπονται
3248 3205 3396 3258 κατὰ
3447 3208 3577 3260 τῶν
3629 3209 3759 3277 πλη-

2171 3293 2300 3346 σίων
2330 3295 2350 3324 ⁹
2373 3309 2387 3324 ·
2419 3295 2516 3347 καὶ
2549 3294 2724 3359 οὕτως
2754 3296 2898 3349 κατὰ
2928 3296 2990 3349 τὸ
3011 3297 3238 3368 συνεχὲς
3272 3298 3499 3365 γίνεται
3526 3303 3563 3370 ἡ
3596 3302 3760 3355 διάδο-

2173 3401 2253 3446 σις
2299 3382 2438 3458 αὕτη
2479 3385 2642 3457 μέχρι
2661 3385 2756 3438 τοῦ
2797 3385 3029 3456 ἥπατος.
3057 3380 3189 3439 Εἶτα
3217 3388 3525 3458 ἀπορῆσαν
3556 3394 3757 3462 τρο-φῆς

2165 3478 2229 3530 τὸ
2256 3474 2433 3552 ἧπαρ,
2463 3478 2616 3532 ἒλκει
2655 3479 2755 3550 τὴν
2791 3482 2852 3533 ἐν
2893 3483 3017 3543 ταῖς
3055 3484 3424 3550 μεσαραῖκαῖς
3455 3483 3638 3552 φλεψὶ
3670 3503 3754 3536 :z-

2172 3573 2496 3643 ριεχομὲνην
2523 3590 2537 3605 ·
2572 3574 2627 3627 al
2672 3573 2730 3627 δὲ
2762 3574 3015 3627 ἕλκουσιν
3047 3575 3157 3628 ἀπὸ
3186 3574 3286 3645 τῆς
3307 3579 3562 3648 γαστρός
3581 3595 3595 3608 ο
3622 3583 3657 3648 ἡ
3708 3580 3754 3631 δὲ

2167 3665 2386 3736 γαστὴρ
2436 3666 2546 3720 ἀπὸ
2599 3667 2696 3719 τοῦ
2759 3668 3057 3738 στομάχου.
3114 3669 3222 3722 Καὶ
3255 3670 3377 3722 ἐπεὶ
3432 3672 3468 3742 ἠ
3531 3674 3753 3741 τοιαύτη

2166 3756 2313 3827 ὁρμὴ
2346 3756 2510 3828 μέχρι
2538 3758 2779 3828 γαστρὸς
2833 3760 2928 3812 καὶ
2979 3761 3253 3830 στομάχου
3291 3761 3632 3830 κατέληξεν,
3672 3767 3753 3829 ἁγ-

2165 3846 2418 3914 γέλλεται
2463 3846 2542 3917 τῷ
2569 3846 2694 3918 ζώῳ
2727 3850 2748 3880 ³
2781 3848 2872 3902 διὰ
2927 3849 3036 3902 τῶν
3075 3849 3283 3921 νεύρων
3311 3852 3343 3918 ἡ
3386 3851 3622 3916 ἔνδεια·
3674 3856 3752 3907 δια

2166 3955 2247 3990 τοι
2279 3937 2440 3991 τοῦτο
2473 3939 2699 3993 πλείονα
2729 3940 2902 4012 νεῦρα
2924 3940 2947 3973 ⁸
2987 3939 3281 4012 αἰσθητικά
3307 3945 3376 4014 τῇ
3403 3946 3625 4014 γαστρὶ
3666 3949 3750 3997 καὶ

2163 4029 2243 4101 τῷ
2277 4031 2536 4102 στομάχῳ
2565 4031 2744 4102 ἐδόθη,
2783 4032 2870 4085 ἵνα
2900 4031 2988 4086 διὰ
3038 4033 3136 4087 τοῦ
3175 4033 3384 4096 πάθους
3435 4037 3750 4090 αίσθὲνωιοο

2164 4138 2256 4174 ται
2287 4125 2310 4155 ⁸
2335 4123 2435 4194 τῆς
2481 4123 2721 4186 ἐνδείας·
2762 4121 2860 4176 καὶ
2893 4123 3286 4196 αἰσθανόμενα,
3320 4128 3614 4199 ἐπεγείρει
3639 4132 3664 4161 ⁸
3697 4132 3747 4182 τί.
3824 4131 3825 4170 ί

2165 4215 2304 4280 ζῶον
2338 4219 2419 4282 είς
2450 4218 2772 4290 προσφορὰν
2805 4219 2981 4271 σιτίου
3001 4219 3096 4272 καὶ
3128 4219 3373 4288 πόματος
3395 4236 3411 4251 ·
3443 4222 3606 4284 ὅπως
3627 4225 3746 4275 άντ-

2164 4308 2392 4380 εισαχθῇ
2437 4309 2605 4380 ἕτερα
2671 4309 2836 4363 πάλιν
2875 4309 2987 4362 τῶν
3037 4309 3505 4382 διαφορηθέντων.
3565 4315 3745 4378 Οὕτως

479 4409 653 4480 gratia
709 4416 905 4462 natura
955 4416 1068 4460 tum
1105 4417 1373 4473 ventrem,
1404 4415 1517 4460 tum
1563 4406 1905 4462 stomachum
1947 4407 2061 4476 plu-

2169 4400 2266 4470 μὲν
2296 4397 2390 4454 οὖν
2430 4403 2463 4472 ή
2502 4400 2684 4473 ὄρεξις
2720 4402 2956 4470 γίνεται,
2981 4401 3048 4480 ἦν
3069 4403 3163 4455 καὶ
3203 4401 3393 4455 πεῖναν
3423 4404 3724 4476 ὠνόμασαν

482 4501 640 4554 rimis
693 4513 859 4554 sensu
896 4498 1141 4568 praeditis
1191 4499 1375 4554 nervis
1435 4497 1736 4566 insignivit,
1783 4512 1893 4568 quo
1937 4497 2062 4568 ipsi,

481 4592 725 4647 alimenti
758 4591 998 4660 inopiam
1027 4592 1342 4657 sentientes,
1391 4591 1595 4646 animal
1649 4592 1827 4660 ipsum
1859 4592 1926 4645 ad
1958 4591 2063 4645 sibi

482 4683 666 4737 cibum
709 4690 1006 4751 potumque
1037 4681 1440 4736 admovendum
1493 4682 1816 4750 excitarent,
1850 4682 2066 4751 aliaque

483 4771 717 4828 subinde
749 4771 816 4826 ad
855 4785 919 4825 ea
959 4787 1081 4842 quae
1121 4769 1234 4840 jam
1280 4770 1570 4841 absumpta
1622 4780 1773 4835 sunt,
1812 4770 1914 4840 ipsi
1943 4768 2064 4826 suf-

485 4863 778 4918 ficerentur
803 4879 817 4917 :
839 4867 943 4918 hoc
967 4863 1112 4918 enim
1144 4871 1302 4932 pacto
1340 4864 1635 4934 appetitus,
1667 4878 1830 4934 quem
1858 4861 2059 4918 famem

485 4969 854 5024 nuncupares,
896 4955 1223 5011 constitutio
1255 4955 1338 5012 fit.
1379 4955 1428 5009 A
1482 4956 1770 5011 stomacho
1825 4969 2066 5025 namque

483 5057 692 5108 venter,
753 5061 784 5101 a
837 5055 1029 5102 ventre
1068 5061 1219 5102 vena
1260 5046 1626 5113 mediatrices,
1669 5047 1740 5103 ab
1789 5047 2067 5118 98ipsis

478 5137 657 5206 jecur,
683 5152 716 5192 a
749 5138 994 5208 jecinore
1025 5136 1194 5194 totius
1219 5139 1467 5208 corporis
1505 5140 1766 5206 venae,ab
1791 5139 1874 5194 eis
1922 5153 2062 5194 vena

2164 4497 2228 4547 ὲκ
2281 4492 2375 4546 τοῦ
2430 4494 2706 4565 στομάχου
2768 4497 2802 4565 ἠ
2852 4495 3091 4565 γαστήρ.
3134 4495 3230 4548 Ἐκ
3280 4495 3382 4566 τῆς
3424 4501 3740 4569 γαστρὸςη

2165 4588 2299 4658 σάρξ
2325 4603 2339 4618 ·
2374 4589 2438 4640 ὲκ
2461 4588 2560 4657 τῆς
2591 4587 2795 4658 σαρκὸς
2821 4589 2877 4640 al
2907 4587 3243 4658 μεσαραϊκαὶ
3273 4587 3471 4656 φλέϐες
3493 4606 3511 4619 ·
3537 4593 3605 4644 ὲκ
3625 4592 3740 4644 τούς

2161 4697 2270 4734 των
2304 4681 2366 4734 τὸ
2391 4677 2549 4754 ἧπαρ
2572 4696 2585 4711 ·
2623 4684 2690 4735 ὲκ
2715 4681 2808 4735 τοῦ
2844 4683 3057 4752 ἥπατος
3114 4683 3287 4735 πᾶσαι
3317 4683 3374 4734 αἱ
3406 4683 3643 4750 φλέϐες·
3687 4689 3739 4737 ὲκ

2162 4771 2430 4843 τούτωνή
2475 4773 2631 4844 κοίλη
2685 4773 2828 4843 φλέψ
2853 4790 2868 4806 ·
2906 4775 2971 4827 ὲκ
3008 4773 3216 4844 ταύτης
3246 4776 3296 4826 oi
3344 4773 3510 4842 μῦες,
3566 4778 3661 4829 καὶ
3693 4777 3740 4828 ai

2169 4865 2580 4936 παρακείμεναι
2623 4865 2828 4937 σάρκες
2861 4865 3069 4920 ἁπλαῖ·
3120 4868 3184 4919 ἐκ
3227 4865 3440 4919 τούτων
3467 4868 3538 4920 τδ
3578 4870 3740 4939 δέρμα

2167 4957 2461 5026 τρέφεται·
2497 4959 2592 5011 καὶ
2636 4957 2814 5019 οὕτως
2843 4958 3144 5029 τραφέντα,
3176 4957 3390 5012 ἵσταται
3427 4963 3534 5030 τῆς
3577 4962 3741 5030 ὁρμῆς

2173 5047 2337 5119 μέχρι
2387 5048 2758 5119 διαπνευσθῇ·
2793 5047 3200 5118 διαφορηθέντα
3231 5046 3310 5113 δὲ,
3359 5047 3424 5100 τὸ
3479 5049 3740 5103 ἀνάπαλιν

2166 5137 2399 5206 γίνεται.

481 5245 606 5301 quae
645 5246 781 5288 cava
838 5231 1165 5302 appellatur,
1220 5231 1291 5287 ab
1331 5231 1421 5286 illa
1471 5233 1705 5289 musculi
1760 5246 2066 5302 carnesque
2103 5231 2296 5286 molles
2334 5247 2456 5302 quae
2495 5230 2606 5287 illis
2675 5231 2941 5302 proxima
3011 5233 3337 5296 consistunt,
3380 5233 3453 5288 ab
3492 5234 3738 5289 carnibus

548 5389 882 5459 "AlllPCVOIll.
913 5389 974 5441 Β.
1049 5390 1094 5422 ⁹¹
1132 5389 1389 5459 μύστακα
1417 5386 1482 5459 Β.
1559 5388 1604 5420 ³³
1643 5387 1740 5442 cit.
1786 5401 1898 5443 om.
1931 5387 1973 5441 Β
2005 5385 2068 5442 C.

481 5462 526 5494 ”
551 5457 698 5514 οὕτω
714 5458 779 5540 δὲ
816 5457 964 5540 ἐστιν
997 5455 1282 5540 ἐργαλεῖον
1306 5458 1562 5540 opsisti);
1595 5460 1677 5540 ὅτι
1706 5459 2049 5540 Ρηὺπάρχον
2084 5455 2144 5540 Β.ἒ

526 5546 686 5585 εταπ.
711 5531 778 5584 Ρ.
879 5531 925 5562 ⁸⁸
961 5529 1134 5584 ταῦτα
1164 5531 1227 5582 Δ.
1306 5531 1320 5560 ¹
1366 5529 1571 5600 μείζων
1616 5529 1675 5582 Β.

532 5600 794 5671 ἐπεγείρη
831 5600 873 5655 C
902 5601 964 5654 P.

547 5760 622 5829 (ο)
662 5759 797 5827 n.1,
830 5756 955 5812 sat.

1779 5531 1800 5560 ’
1846 5527 2068 5601 πλησίον
2115 5527 2156 5578 Β
2189 5528 2254 5580 Ρ.
2329 5527 2350 5559 ⁸
2378 5527 2448 5579 τά
2488 5527 2604 5591 ζῶα
2633 5527 2693 5582 Β.
2762 5528 2785 5558 ⁵
2817 5528 3006 5600 νεῦραι
3036 5527 3097 5582 Β.
3173 5528 3194 5561 ³
3228 5527 3355 5584 αίσθ

3438 5387 3579 5478 “‘55
3606 5393 3734 5479 δὲἈ.

3447 5477 3516 5514 τα
3566 5477 3736 5533 πρωιεν

3463 5549 3591 5586 νται
3609 5517 3656 5588 ’Δ
3682 5517 3734 5586 C.
3824 5597 3825 5600 η

2177 5387 2225 5419 οδ
2259 5387 2373 5440 haec
2420 5387 2584 5442 etiam
2627 5401 2739 5443 om.
2769 5387 2811 5441 Β
2845 5387 2906 5450 C,
2960 5398 3014 5443 et
3046 5403 3192 5442 vers.
3229 5387 3326 5444 lat.

2248 5458 2291 5490 ”
2328 5455 2807 5530 κατασιξαξέμενα
2861 5458 2905 5530 ἓ
2958 5457 3000 5511 C
3038 5459 3109 5530 Ρ·
3175 5459 3256 5530 ,’⁶
3286 5461 3352 5530 ἠδ

2239 5752 2311 5821 (c;
2337 5749 2443 5807 0d.
2475 5753 2537 5819 Δ,
2569 5749 2695 5804 287.
