3856 6394
34 398 53 409 ’
77 422 225 479 rest

1350 398 1439 476 in:
1482 419 1768 478 uarum
1814 416 2130 475 nonms.

3233 423 3372 483 ηερ.

64 550 227 608 cutis
251 548 574 607 alimentum
611 540 884 601 desumit:
925 550 980 600 et
1011 543 1084 599 ita
1115 539 1431 613 hujusmodi
1488 546 1674 593 motus
1716 548 1998 605 nunquam
2060 530 2282 597 desinit,
2313 530 2494 602 quoad
2525 529 2657 587 illud
2717 532 3068 600 conﬁciatur;
3093 548 3206 605 quo
3236 551 3371 592 cou-

69 651 252 716 t‘ecto,
315 658 512 703 rursus
580 641 899 714 retrograda
967 639 1206 711 quadam
1273 632 1675 695 vicissitudine,
1716 629 1954 685 invicem
1997 626 2309 683 excitantur
2336 625 2839 698 instauranturquc.

162 745 267 800 Ἐκ
294 740 389 798 τοῦ
450 740 725 813 δέρματος
760 739 811 791 οἱ
845 735 982 809 μῦες
1014 734 1224 797 ἐνδείας
1257 731 1513 802 αἴσθησιν
1538 731 1558 761 "
1589 727 1647 781 δέ

1862 722 2099 779 Μυεουιὶ
2125 722 2347 794 quidem
2374 736 2405 777 a
2435 732 2563 777 cute
2599 722 2744 793 quod
2768 723 2841 778 ab
2881 722 3015 794 ipsis
3040 724 3370 783 alimentum

65 852 276 909 χονται
300 852 317 868 ο
356 835 567 895 ἐκεῖνος
584 831 607 864 ⁸
634 829 747 902 γάρ
764 827 865 901 τὴν
882 825 1095 899 τροφὴν
1115 824 1300 879 αὐτῶν
1324 823 1635 893 ἀνιμήσατο
1656 833 1672 849 ⁸

64 932 129 983 οἱ
165 928 308 1002 μῦες
334 926 447 981 τῶν
475 925 699 997 σαρκῶν
736 921 834 977 καὶ
869 919 978 975 τῶν
1006 916 1244 990 φλεϐῶν,
1284 915 1384 988 τὴν
1425 914 1675 984 δαπάνην

65 1008 465 1094 ἀφήρπασαν
497 1019 557 1072 αἱ
608 1014 807 1088 φλέϐες
847 1013 945 1068 καὶ
994 1013 1053 1067 αί
1090 1004 1296 1084 σάρκες
1335 1009 1431 1064 τοῦ
1463 1009 1674 1079 ἥπατος

62 1116 332 1185 ἥψαντο·
364 1110 429 1165 τὸ
452 1106 610 1182 ἧπαρ
638 1107 741 1178 τὴν
787 1104 1036 1175 γαστέρα
1079 1102 1391 1173 ὲπηρέασεν
1424 1099 1526 1172 ἠδη
1553 1112 1579 1133 ·⁷
1603 1098 1676 1152 δι’

64 1208 297 1262 ἔνδειαν
324 1205 358 1276 ἡ
390 1201 611 1274 γαστὴρ
657 1199 753 1253 τὸν
803 1197 1113 1269 στόμαχον
1148 1196 1177 1249 δ
1211 1194 1488 1265 στόμαχος
1533 1187 1675 1260 μετὰ

66 1302 185 1374 τῆς
221 1299 486 1370 γαστρὸς.
519 1295 583 1349 τδ
633 1293 775 1359 ζῶον
817 1291 961 1362 ὗπὲρ
994 1291 1095 1361 τῆς
1117 1288 1330 1360 τροφῆς
1373 1285 1678 1353 ἐπανέστη..

69 1411 217 1448 σαν·
243 1392 309 1448 τὸ
337 1391 478 1458 ζῶον
500 1390 590 1443 διά
606 1386 708 1459 τὴν
730 1385 851 1458 βίαν
878 1383 983 1455 τῆς
999 1382 1239 1453 φύσεως,
1265 1380 1474 1453 τροφάς
1497 1375 1675 1448 ἐαυτῷ

66 1487 376 1557 ἐπενόησε.
406 1483 515 1537 Καὶ
540 1479 718 1543 οὕτως
749 1479 848 1550 μὲν
868 1476 1011 1531 κατὰ
1042 1474 1103 1529 τὸ
1127 1474 1382 1527 πλεῖστον
1422 1469 1516 1525 τοῦ
1544 1468 1675 1542 χρό-

68 1600 177 1636 νου
209 1582 246 1652 ή
277 1577 462 1651 δρεξις
484 1575 721 1645 γίνεται.
765 1573 858 1626 Ἐν
883 1571 941 1625 δὲ
971 1569 1050 1641 τῷ
1075 1568 1329 1641 χειμῶνι,
1372 1564 1675 1621 διεισδῦνον

71 1675 227 1747 πρὸς
249 1674 312 1727 τὸ
343 1671 509 1744 βάθος
534 1667 629 1723 τοῦ
669 1666 927 1739 σώματος
954 1665 1016 1718 τὸ
1044 1664 1166 1718 ὅλον
1191 1661 1417 1734 θερμὸν,
1448 1660 1537 1715 διὰ
1574 1660 1675 1730 τὴν

67 1762 180 1816 τοῦ
212 1762 570 1832 περιέχοντος
599 1756 783 1829 ψύξιν,
817 1756 916 1810 καὶ
936 1755 1036 1826 τὴν
1067 1752 1349 1807 πύκνωσιν
1382 1752 1480 1806 καὶ
1519 1751 1676 1804 ἀδια-

72 1854 389 1909 πνευστίαν
416 1851 515 1906 τοῦ
570 1850 848 1921 σώματος,
876 1848 939 1902 τὸ
989 1847 1232 1919 ἔμφυτον
1260 1845 1465 1917 θερμὸν
1501 1845 1674 1914 ὑπερ-

73 1944 388 2018 θερμαῖνόν
412 1960 471 1996 τε
496 1942 594 1996 καὶ
624 1941 947 2006 πλεονάζον,
978 1941 1077 1993 καὶ
1110 1939 1292 1992 πᾶσαν
1318 1939 1340 1970 ⁸
1369 1937 1473 2007 τὴν
1506 1935 1677 2006 ὑγρὸ-

68 2055 228 2111 τητα
252 2036 637 2093 καταδαπανὺν
673 2036 740 2101 ¹⁶,
774 2035 999 2089 πλείονα
1027 2033 1129 2105 τὴν
1155 2032 1337 2105 ὄρεξιν
1366 2032 1469 2085 ἀπε
1480 2033 1676 2103 ργάζεο

1782 820 2090 883 acceperat,
2165 827 2363 869 carnes
2422 816 2554 868 vero
2572 822 2637 867 et
2663 828 2815 869 venae
2842 829 2875 870 a
2899 815 3187 881 musculis,
3226 817 3375 873 unde

1776 905 2081 971 alebantur,
2104 919 2143 965 a
2161 905 2421 962 carnibus
2450 919 2579 961 vero
2601 914 2658 960 et
2681 907 2837 962 venis
2870 906 3042 978 jecur,
3064 922 3097 963 a
3125 908 3373 980 jecinore

1778 1007 1993 1065 venter,
2028 1013 2061 1053 a
2101 1005 2293 1053 ventre
2320 998 2639 1053 stomachus
2666 997 2808 1052 idem
2840 1006 3111 1069 repetunt.
3137 999 3220 1055 Ab
3251 1000 3370 1070 ipso

1780 1089 2051 1161 siquidem
2080 1087 2369 1144 stomacho
2387 1098 2441 1143 et
2472 1092 2660 1142 ventre
2689 1088 2895 1144 animal
2940 1090 3007 1145 ad
3035 1090 3139 1146 sibi
3167 1106 3369 1161 paran-

1779 1182 1908 1238 dum
1941 1180 2124 1236 cibum
2152 1179 2573 1246 exstimulatur;
2597 1179 2777 1249 ipsum
2806 1194 2938 1235 vero
2953 1189 3164 1236 natura;
3189 1182 3245 1236 vi
3262 1183 3367 1237 ali-

1778 1271 1945 1328 menti
1979 1282 2170 1326 curam
2220 1268 2573 1324 dissimulare
2596 1268 2822 1324 minime
2876 1278 3075 1340 potest,
3109 1280 3163 1327 et
3192 1272 3269 1327 ita
3310 1273 3366 1328 in

1778 1362 1938 1419 nobis
1956 1360 2190 1432 plurima
2226 1359 2490 1429 temporis
2535 1358 2942 1430 intercapedine
2973 1362 3247 1431 appetitus
3285 1363 3367 1431 gi.

1778 1451 1982 1523 gnitur.
2021 1450 2086 1505 Et
2146 1451 2367 1521 quidem
2417 1450 2620 1505 hiemis
2691 1458 2955 1521 tempore,
3008 1466 3135 1507 cum
3184 1455 3366 1511 omnis

1777 1542 2028 1615 corporis
2080 1543 2253 1598 nostri
2320 1542 2490 1606 calor,
2536 1542 2609 1597 ob
2661 1542 2954 1599 ambientis
2981 1558 3085 1600 nos
3113 1546 3258 1602 aeris
3288 1548 3367 1601 rio

1777 1653 1960 1709 gorem
1991 1637 2427 1707 densitatemque
2445 1634 2517 1690 ad
2548 1635 2739 1692 intima
2768 1636 3042 1693 declinare
3067 1640 3366 1710 compelli“

1779 1742 1888 1801 tur,
1921 1733 2138 1804 corpori
2177 1731 2484 1803 respirandi
2541 1731 2773 1787 facultas
2806 1747 2915 1788 non
2963 1733 3144 1804 ampla
3176 1735 3362 1803 datur,

1777 1824 1978 1880 insitus
2009 1825 2164 1880 calor
2195 1823 2319 1893 plus
2357 1822 2551 1888 nimio,
2588 1834 2644 1878 et
2682 1838 2781 1879 ceu
2849 1824 3124 1895 geminato
3176 1830 3368 1899 vigore

1777 1921 1997 1977 auctus,
2030 1913 2307 1967 internum
2337 1911 2623 1966 humorem
2676 1920 2851 1968 totum
2886 1913 3250 1982 absumendo,
3296 1917 3366 1973 ad

1776 2006 1960 2061 cibum
2015 2004 2380 2076 appetendum
2442 2006 2770 2075 propensius
2803 2005 3008 2061 animal
3056 2008 3259 2075 reddit;
3297 2008 3366 2064 dc

69 2151 197 2189 ται.
241 2131 417 2187 Τοῦτο
457 2133 557 2187 καὶ
592 2131 966 2203 Ἱπποκράτης
991 2130 1036 2164 ¹¹
1089 2130 1245 2194 εἰδώς
1296 2146 1498 2202 φησιν·
1549 2147 1568 2180 ι
1608 2131 1659 2183 A‘

1778 2112 1889 2170 quo
1917 2096 2286 2167 Hippocrates,
2318 2097 2516 2152 hiemis
2547 2097 2800 2168 verisque
2840 2106 3120 2168 tempore,
3166 2108 3363 2156 natura

18 2238 19 2243 ‘
71 2224 293 2281 κοιλίαι
332 2223 606 2296 χειμῶνος
660 2225 757 2279 καὶ
800 2219 937 2295 ἦρος
985 2222 1324 2296 θερμόταται
1381 2221 1574 2292 φύσειο
1615 2223 1673 2275 ὲν

18 2332 19 2337 ‘
70 2317 319 2384 ταύταις
370 2314 467 2372 οὖν
497 2319 542 2350 ¹²
593 2318 754 2389 τῇσιν
817 2316 995 2389 ὣρῃσι
1051 2315 1247 2371 καὶτὰ
1300 2316 1673 2386 προσάρματα

74 2411 261 2466 πλείω
313 2411 529 2466 δοτέον
570 2428 589 2463 ι
636 2410 1013 2482 προσάρματα
1056 2409 1236 2478 λέγων
1286 2411 1355 2463 τά
1391 2410 1560 2476 σιτία,
1596 2410 1674 2472 ὡς

18 2544 19 2547 η
71 2505 515 2578 προσφερόμενα
547 2502 625 2575 τῷ
650 2502 867 2573 σώματι
891 2518 905 2532 ⁸
941 2500 1002 2567 ἐξ
1028 2497 1089 2558 οὗ
1122 2500 1217 2556 καὶ
1249 2501 1415 2572 ἄρτος
1437 2501 1591 2574 παρὰ
1611 2499 1673 2555 τὸ

72 2597 287 2668 αῐρειν,
313 2595 343 2649 δ
372 2597 490 2649 ἐστι
521 2593 855 2667 προσφέρειν
888 2592 1011 2647 καθ’
1044 2592 1285 2666 ἑκάστην
1305 2610 1319 2623 ·
1365 2593 1525 2663 ἡμῶν
1562 2595 1673 2664 γὰρ

70 2683 244 2751 οὗτος
280 2687 459 2759 τροφὴ
506 2687 603 2741 καὶ
637 2684 927 2758 προσθήκη
974 2684 1072 2739 τοῦ
1104 2683 1379 2757 σώματος.
1426 2683 1570 2738 Ἀλλ’
1623 2685 1672 2738 εί

18 2800 21 2827 ε
79 2781 193 2853 μὲν
215 2780 473 2834 τοσοῦτον
504 2779 862 2852 άντεισήγετο
892 2779 1018 2832 ὅσον
1053 2779 1148 2833 καὶ
1179 2780 1507 2851 διεφορεῖτο,
1542 2796 1671 2834 συν-

18 2896 20 2923 :
73 2872 277 2927 ἐσαινε
297 2871 367 2925 τὰ
387 2853 636 2943 ἡμέτερα
655 2870 889 2939 σώματα
907 2870 1246 2924 ἀναλλοίωτα
1274 2871 1553 2941 διαμένειν
1577 2870 1673 2924 καὶ

18 2968 19 3015 ἓ
78 2965 170 3036 μὴ
191 2964 393 3036 γηρᾷν,
426 2964 564 3035 μηδὲ
605 2964 712 3016 ὑπὸ
742 2962 838 3016 τοῦ
866 2963 1055 3035 γήρως
1083 2966 1316 3035 πάσχειν
1341 2962 1407 3017 ¹³.
1451 2960 1674 3034 Ἐπειδὴ

18 3080 21 3107 ι
72 3058 140 3112 δὲ
188 3054 396 3111 πλείων
428 3057 527 3129 μὲν
556 3056 654 3129 ’δή
684 3056 1029 3128 διαφόρησις,
1062 3056 1158 3111 καὶ
1190 3059 1223 3130 ὴ
1254 3057 1364 3111 τῶν
1406 3074 1675 3130 περιττω-

18 3172 21 3200 ι
79 3152 284 3224 μάτων
310 3151 719 3223 άποκάθαρσις,
765 3150 924 3221 ὀλίγη
959 3149 1017 3203 δὲ
1052 3152 1085 3221 η
1119 3152 1185 3205 ὲκ
1219 3150 1330 3205 τῶν
1362 3146 1673 3223 βρωμάτων

18 3274 19 3293 ι
72 3245 269 3321 τροφὴ
297 3244 373 3318 τῷ
398 3245 615 3319 σώματι
637 3260 651 3276 ·
677 3262 698 3298 ι
726 3246 948 3318 Τροφῆς
969 3245 1078 3319 γάρ
1101 3246 1160 3300 τὸ
1179 3245 1380 3320 τρέφον
1407 3249 1469 3313 ³³,
1505 3266 1523 3297 ι
1551 3246 1673 3301 καθ’

86 3340 507 3412 Ἱπποκράτην·
545 3339 637 3395 διὰ
659 3340 842 3406 τοῦτο,
888 3340 1031 3394 κατὰ
1074 3339 1249 3411 βραχὺ
1288 3342 1388 3411 τῆς
1439 3343 1496 3394 ὲν
1539 3342 1674 3413 ἡμῖν

18 3452 19 3475 ῖ
76 3433 395 3507 ὑγρότητος
432 3433 476 3465 ⁸⁵
511 3432 1083 3503 καταδαπανωμένης,
1125 3435 1222 3487 καὶ⁵
1259 3427 1374 3487 οἷον
1419 3433 1672 3506 ξηραινο-
1701 3450 1744 3507 c

18 3564 21 3573 ι
78 3530 257 3599 μένου
291 3527 387 3581 τοῦ
424 3527 702 3599 σώματος,
727 3528 879 3600 γηρᾷ
898 3526 959 3581 τὸ
989 3526 1131 3591 ζῶον
1161 3526 1669 3600 καὶδιαφθείρεται,

18 3642 21 3669 ι
76 3624 183 3678 καὶ
217 3625 302 3687 εἰς
343 3622 653 3694 ἀδυναμίαν
690 3623 789 3677 καὶ
833 3622 1126 3679 ἀσθένειαν
1175 3624 1443 3693 φέρεται,
1478 3624 1539 3677 ού
1578 3623 1676 3695 μό-

73 3735 177 3771 νον
212 3717 246 3770 ὁ
302 3715 613 3788 ἄνθρωπος,
668 3714 808 3771 ἀλλὰ
865 3717 961 3771 καὶ
1009 3716 1080 3771 τὰ
1125 3714 1293 3770 λοιπά
1340 3715 1451 3770 τῶν
1492 3713 1671 3781 ζώων.

18 3828 21 3833 ’
77 3809 240 3879 Αὕτη
278 3810 377 3880 μὲν
402 3808 498 3864 τοῦ
534 3810 815 3882 στομάχου
840 3809 1003 3883 χρεία
1037 3824 1097 3864 τε
1125 3809 1224 3864 καὶ
1257 3808 1539 3880 ἐνέργεια,
1577 3812 1675 3864 καὶ

18 3942 19 3947 η
77 3901 382 3976 ὀνομασία.

371 4018 515 4086 Κεφ.
556 4013 657 4072 ΙΘ’.
693 4045 766 4058 -—
802 4016 942 4086 Περὶ
984 4016 1094 4072 τοῦ
1135 4017 1390 4087 ἥπατος.

154 4110 238 4165 Τὸ
258 4109 319 4166 δὲ
337 4104 494 4183 ἧπαρ
508 4109 670 4164 οὐσία
689 4110 838 4164 ἐστὶν
855 4110 1061 4182 ἐρυθρά
1075 4111 1384 4183 σαρκώδης,
1404 4106 1614 4184 μύωσιν
1630 4113 1676 4146 ⁸⁷

18 4222 19 4225 ‘
78 4206 293 4276 ἔχουσα
314 4202 623 4275 τεταμένην
649 4204 711 4256 ὲν
734 4205 847 4266 τοῖς
875 4202 1072 4269 δεξιοῖς
1108 4204 1357 4276 μέρεσιν,
1391 4208 1451 4261 ὲν
1476 4200 1521 4274 ᾧ
1552 4192 1676 4275 γεν-

77 4298 251 4350 νᾶται
275 4293 337 4347 τὸ
360 4287 502 4365 αἷμα
521 4310 534 4324 ο
559 4292 622 4358 ἐξ
649 4286 712 4347 οὗ
742 4290 1087 4363 ἐκπεφύκασι
1113 4295 1157 4328 ¹⁸
1184 4296 1403 4366 φλέὸες,
1437 4297 1506 4351 δι’
1529 4292 1605 4352 ὧν
1631 4298 1675 4332 ¹⁹

77 4389 411 4460 χορηγεῖται
439 4386 501 4441 τὸ
527 4380 670 4457 αἷμα
695 4386 834 4460 πρὸς
859 4388 1177 4462 άποτροφὴν
1201 4389 1298 4444 τοῦ
1330 4391 1534 4455 πάντος
1564 4391 1673 4445 σώ-

82 4494 303 4551 ματος’
354 4479 452 4535 καὶ
486 4473 646 4544 οὗτος
704 4481 805 4551 μὲν
858 4480 985 4552 δρος
1011 4482 1244 4553 ἥπατος.
1290 4483 1358 4537 Ἦ
1407 4482 1465 4538 δὲ
1497 4501 1673 4539 κατα-

78 4571 265 4644 σκευὴ
287 4570 454 4627 αὐτοῦ
474 4574 570 4628 καὶ
598 4573 857 4646 ἐνέργεια
879 4573 1097 4646 εἴρηται
1120 4575 1218 4646 μὲν
1242 4577 1337 4630 καὶ
1356 4576 1627 4649 πρῶτον¹⁸
1647 4597 1662 4613 ο

75 4667 369 4739 εἰρήσεται
419 4667 478 4721 δὲ
529 4667 626 4722 καὶ
664 4667 759 4721 νῦν
810 4667 968 4737 ὀλίγα
998 4668 1129 4740 περὶ
1171 4668 1361 4723 αὐτοῦ.
1401 4671 1673 4744 Ὀργανον

74 4762 194 4832 γὰρ
226 4758 287 4813 δν
317 4758 414 4814 τοῦ
457 4759 885 4833 ἐπιθυμητικοῦ,
915 4761 1117 4827 δισσῶς
1154 4762 1366 4834 ταύτην
1390 4769 1629 4820 ποιεῖται
1651 4782 1666 4798 α

75 4850 182 4922 τὴν
209 4848 310 4919 μιν
331 4852 391 4903 ἑν
418 4851 541 4914 ταῖς
571 4854 825 4923 τροφαῖς,
849 4851 951 4923 τὴν
981 4851 1040 4906 δὲ
1068 4854 1128 4906 ὲν
1153 4843 1277 4919 ταῖς
1309 4857 1622 4921 συνουσίαις
1646 4871 1662 4889 ο

78 4943 179 4997 καὶ
213 4939 305 4996 διὰ
346 4941 448 5014 τῆς
478 4944 613 5014 μιᾶς
644 4944 711 5009 ⁸⁸,
764 4946 1085 5015 ἀντεισάγει
1135 4946 1195 5001 τὸ
1233 4946 1422 5002 λεῖπον
1451 4950 1531 5022 τῷ
1562 4951 1668 5005 σώ-

79 5052 243 5107 ματι,
274 5034 363 5090 διὰ
392 5035 450 5090 δὲ
470 5037 568 5110 τῆς
604 5035 795 5109 ἄλλης,
831 5038 1120 5111 ἀποκρίνει
1149 5041 1212 5093 τὸ
1240 5039 1557 5108 πλεονάζον.

152 5216 352 5272 Ἔστιν
383 5211 451 5273 αὖ
483 5219 530 5249 ’³
564 5216 727 5289 φύσει
775 5218 981 5292 Θερμὸν
1036 5220 1199 5277 τοῦτο
1235 5224 1300 5278 τὸ
1330 5226 1663 5298 σπλάγχνον,

74 5310 169 5364 διὰ
200 5308 264 5363 τδ
284 5309 520 5378 αἵματος
566 5307 710 5366 εἶναι
755 5315 1115 5385 γεννητικόνο
1144 5317 1207 5370 οὐ
1244 5319 1354 5391 μὴν
1391 5321 1532 5375 ἀλλά
1570 5323 1669 5376 καὶ

73 5404 191 5457 τῶν
230 5403 406 5459 ἄλλων
457 5404 671 5477 χυμῶν.
711 5406 794 5462 Τά
841 5409 951 5479 γὰρ
1010 5409 1178 5476 σιτία,
1238 5411 1341 5466 κᾶν
1390 5413 1667 5486 διαφόρων

75 5498 305 5566 φύσεων
333 5497 471 5553 ὄντα
499 5498 663 5572 τύχῃ,
694 5503 778 5565 είς
800 5502 901 5573 τὴν
928 5503 1177 5576 γαστέρα
1202 5505 1291 5560 διὰ
1320 5505 1417 5560 τοῦ
1467 5509 1669 5580 στομά-

1774 2187 2341 2244 calidissimiventres
2366 2186 2658 2253 habentur,
2682 2202 2745 2241 ea
2780 2188 2927 2242 enim
2975 2197 3221 2260 tempora
3253 2190 3364 2246 lars

1774 2279 1955 2350 giores
1979 2279 2131 2334 cibos
2151 2286 2433 2348 expetunt.
2448 2277 2612 2334 Cibos
2635 2278 2781 2334 enim
2808 2277 3162 2350 Hippocrates
3196 2298 3365 2355 προσ.

1775 2370 1996 2445 άρματα
2036 2371 2271 2442 appellat
2308 2369 2386 2434 ὡς
2419 2360 2837 2442 προσφερόμενα
2863 2372 2942 2442 τῷ
2962 2372 3193 2443 σώματι,
3216 2377 3363 2446 quod

1773 2464 2029 2520 videlicet
2056 2463 2276 2534 corpori
2329 2462 2639 2518 aﬁ‘erantur
2666 2463 3142 2534 adhibeanturquc
3173 2482 3189 2521 :
3221 2472 3366 2523 unde

1773 2567 1829 2613 et
1855 2556 2011 2625 panis
2047 2556 2116 2612 ab
2162 2556 2297 2626 ipsis
2335 2564 2482 2609 artos
2518 2555 2740 2622 dicitur,
2802 2556 2912 2611 ἀπὸ
2958 2556 3055 2612 τοῦ
3118 2559 3261 2631 αίρω
3302 2561 3364 2613 τὸ

1775 2647 2093 2721 προσφέρω,
2141 2646 2288 2715 quod
2322 2646 2552 2717 singulis
2586 2647 2835 2703 videlicet
2874 2647 3070 2705 diebus
3126 2651 3194 2705 ad
3225 2667 3362 2706 usus

1775 2748 1991 2795 nostros
2016 2738 2294 2794 ati‘eratur.
2322 2737 2460 2794 Nam
2485 2739 2532 2795 si
2560 2739 2717 2795 nobis
2746 2741 3082 2797 tantumdem
3117 2743 3364 2801 alimenti

1774 2831 2019 2888 adhiberi
2055 2831 2278 2886 daretur
2299 2840 2565 2901 quantum
2627 2831 2845 2887 absumi
2870 2841 3074 2903 posset,
3114 2848 3353 2906 corpora

1775 2930 1961 2977 nostra
2013 2920 2482 2991 permutationem
2541 2921 2745 2977 sentire
2812 2923 3079 2993 senioque
3136 2925 3359 2993 conﬁci,

1774 3011 2003 3083 ejusque
2074 3011 2291 3069 damnis
2376 3026 2504 3069 esse
2595 3012 2832 3069 obnoxia
2933 3014 3362 3089 haudquaquam

1775 3107 2039 3161 eveniret.
2093 3103 2340 3174 Verum,
2390 3104 2652 3174 quoniam
2698 3107 2847 3177 quod
2910 3108 3219 3166 absumitur
3295 3127 3364 3168 ac

1776 3212 1872 3268 per
1951 3206 2296 3255 excrementa
2354 3197 2685 3262 secernitur,
2734 3199 2895 3272 longe
2950 3199 3184 3259 immissi
3259 3191 3360 3260 aii.-

1777 3289 1943 3344 menti
2010 3289 2320 3359 portionem
2347 3297 2661 3358 exsuperat,
2708 3289 2809 3346 hac
2854 3291 2923 3346 de
2980 3306 3169 3359 causa,
3211 3298 3361 3350 radi-

1777 3381 1879 3436 cali
1927 3380 2157 3437 humore
2201 3381 2408 3437 sensim
2470 3381 2760 3438 deﬁciente
2808 3391 2865 3438 et
2899 3397 3133 3455 corpore
3182 3386 3255 3442 ob
3301 3388 3357 3443 id

1778 3472 2134 3538 siccescente,
2163 3471 2370 3526 animal
2393 3473 2633 3529 senescit
2659 3475 3161 3547 corrumpiturque,
3193 3490 3359 3549 atque

1776 3566 1846 3618 ad
1893 3563 2272 3633 impotentiam
2305 3563 2847 3637 imbecillitatemque
2892 3571 3203 3626 necessario
3247 3569 3361 3627 fer-
3412 3582 3423 3589 ”

1776 3667 1911 3710 tur:
1969 3670 2092 3726 quae
2137 3653 2280 3710 ratio
2324 3670 2435 3709 non
2487 3654 2555 3711 de
2603 3655 2827 3712 homine
2863 3666 3103 3727 tantum,
3154 3662 3250 3719 sed
3289 3663 3358 3719 de

1775 3746 1991 3803 cunctis
2028 3746 2158 3803 item
2208 3745 2542 3803 animalibus
2594 3747 2841 3806 habenda
2876 3760 2980 3807 est.
3031 3752 3096 3808 Et
3133 3753 3249 3810 hazc
3290 3756 3358 3811 de

1776 3834 2045 3895 stomachi
2118 3855 2245 3905 usu,
2303 3841 2723 3915 actionibusque
2772 3854 2938 3916 atque
2998 3848 3360 3918 appellatione

1774 3932 1889 4005 99
1924 3935 2059 3992 satis
2113 3933 2318 3991 dictum
2361 3934 2450 3990 sit.

2160 4048 2291 4119 Cap.
2330 4046 2469 4104 XIX.
2501 4080 2571 4092 -—
2598 4047 2674 4105 De
2694 4049 2947 4120 jecinore.

1846 4133 2009 4193 Jecur
2035 4148 2238 4204 autem,
2283 4139 2590 4194 substantia
2642 4141 2969 4198 rubescente
3014 4159 3357 4217 carnosaque

1776 4224 2028 4290 habetur,
2075 4237 2129 4282 et
2163 4245 2193 4283 ιι
2225 4229 2448 4284 dextera
2483 4240 2637 4300 parte
2660 4231 2852 4302 ipsius,
2890 4233 2945 4288 in
2977 4250 3085 4306 qua
3133 4241 3356 4309 sangui-

1778 4318 1864 4375 nis
1878 4320 2198 4375 constitutio
2225 4318 2304 4385 tlt,
2326 4336 2475 4377 vente
2505 4323 2779 4388 oriuntur,
2814 4341 2911 4395 per
2932 4343 3069 4398 quas
3091 4330 3158 4384 ad
3187 4342 3356 4386 latum

1781 4418 1986 4478 corpus
2025 4416 2277 4463 nostrum
2325 4409 2643 4465 alimentum
2678 4411 3028 4470 distribuitur
3065 4434 3079 4472 :
3122 4428 3178 4474 et
3232 4421 3357 4477 talis

1781 4497 2002 4568 quidem
2054 4498 2300 4554 deﬁnitio
2351 4500 2612 4569 jecinoris
2662 4511 2765 4559 est.
2815 4502 2974 4573 Nam,
3032 4511 3245 4566 tametsi
3291 4512 3358 4569 de

1776 4589 1896 4659 ejus
1937 4598 2209 4646 structura
2260 4593 2677 4665 actionibusque
2700 4600 2852 4668 prius
2883 4599 3354 4670 explicaverimus,

1777 4681 1950 4737 nihilo
1991 4690 2172 4739 tamen
2220 4685 2402 4741 secius
2437 4686 2504 4742 de
2531 4687 2651 4757 ipso
2682 4689 3052 4761 impraesentia
3093 4697 3355 4753 nonnulla

1775 4774 2099 4833 referemus.
2154 4777 2292 4833 Cum
2331 4779 2477 4835 enim
2514 4779 2693 4851 ipsum
2758 4785 3070 4855 appetihilis
3128 4788 3356 4846 faculta-

1772 4867 1843 4923 tis
1880 4868 2308 4926 instrumentum
2353 4871 2447 4936 sit,
2480 4872 2624 4930 hanc
2665 4874 2880 4932 duobus
2913 4878 3088 4937 modis
3116 4893 3351 4952 exercet,

1770 4959 1939 5016 altero
1991 4962 2045 5018 in
2091 4962 2503 5031 alimentorum,
2554 4977 2609 5023 et
2670 4966 2841 5025 altero
2883 4969 2936 5027 in
2987 4972 3067 5029 rei
3111 4988 3355 5033 venerem

1773 5069 1955 5109 usum.
2006 5053 2169 5121 ltcm,
2204 5057 2376 5115 altero
2395 5059 2611 5129 quidem
2642 5065 2787 5132 quod
2818 5061 2972 5121 deest
2997 5068 3215 5138 corpori
3246 5067 3356 5125 suf-

1775 5145 1907 5213 tlcit,
1932 5148 2107 5206 altero
2139 5166 2270 5205 vero
2300 5163 2718 5223 exsuperantem
2758 5160 3041 5216 materiam
3084 5165 3352 5219 excernit.

1845 5240 1964 5298 Hoc
1991 5253 2177 5299 autem
2204 5254 2389 5300 extum
2424 5256 2618 5302 natura
2643 5250 2881 5306 calidum
2906 5263 3009 5319 est,
3045 5263 3231 5325 utpote
3265 5252 3355 5311 cui

1773 5339 1969 5388 natura
2016 5333 2135 5403 ipsa
2182 5335 2468 5407 sanguinis
2506 5340 2823 5409 generandi,
2872 5343 3218 5415 aliorumque
3254 5344 3359 5399 hu-

1776 5438 1991 5479 morum
2040 5440 2228 5481 curam
2293 5428 2664 5487 demandavit.
2712 5430 2953 5503 Etenim,
2997 5428 3111 5492 wcibi
3156 5437 3357 5508 quibus

1773 5514 2087 5580 vescimur,
2128 5515 2234 5571 etsi
2278 5531 2375 5573 eos
2423 5518 2676 5578 diversos
2730 5537 2856 5580 esse
2886 5527 3197 5597 contigerit,
3229 5543 3354 5583 cum

146 5640 170 5671 '
194 5638 346 5720 αἰσθ.
386 5640 512 5720 ενδ-ι
534 5641 639 5720 Β.Δ
669 5641 933 5720 ’.ἐκεῖνοι
976 5647 1058 5720 Α.
1118 5648 1140 5681 ’
1173 5650 1268 5703 καὶ
1318 5650 1498 5706 πᾶσαν
1532 5652 1592 5707 Β.
1642 5655 1736 5708 καὶ
1762 5671 1873 5713 om.
1900 5659 1967 5711 Δ.
2040 5658 2085 5690 ⁸⁸
2131 5661 2530 5717 κατώαπανῶν
2572 5664 2618 5717 A
2649 5661 2690 5720 C
2730 5665 2794 5718 Ρ.
2874 5666 2916 5698 ¹¹
2948 5666 2977 5719 ὁ
3019 5666 3234 5719 Ἰπποκ.
3291 5665 3354 5720 Β.

80 5710 122 5742 ⁸⁸
158 5705 257 5765 οὖν
308 5726 421 5766 οιιι.
471 5711 535 5767 Β.
594 5712 640 5746 ¹⁸
665 5712 719 5767 τί
760 5716 992 5787 πάσχειν
1035 5719 1096 5774 Β.
1173 5722 1217 5752 ’⁸
1270 5722 1371 5793 μὲν
1398 5705 1507 5778 om.
1541 5705 1603 5779 Β.

1684 5728 1726 5759 ¹⁸
1767 5726 1828 5781 τὸ
1882 5745 2044 5800 τρεφ.
2073 5732 2252 5803 τροφὴ
2293 5735 2359 5786 Α.
2439 5734 2484 5766 ³⁸
2521 5733 2651 5807 ύγρ.
2702 5735 3028 5808 καταδραχὺ
3059 5734 3260 5790 δαπαν.
3292 5735 3355 5790 Β.

79 5850 124 5950 ξ’
170 5796 712 5950 ἐξαξβῖπξξῦξς
746 5854 948 5950 ξζξξλίξ
987 5863 1321 5950 ξεταγμένον
1352 5863 1415 5921 C.
1494 5865 1538 5900 "
1572 5865 1927 5939 ἐμπεφύκασι
1954 5869 2015 5926 Β.
2111 5873 2155 5905 ¹⁹
2188 5868 2250 5927 οὗ
2278 5872 2341 5929 Β.
2419 5875 2465 5908 ’⁸
2520 5874 2758 5950 πρύσθεν
2788 5876 2848 5932 Β.
2942 5877 2983 5910 ²¹
3019 5876 3066 5930 δ.
3123 5876 3222 5948 μὲν
3248 5876 3357 5949 γὰρ

76 5938 129 5977 τ.
168 5940 231 5994 μ.
260 5922 323 5978 Β.
419 5926 466 5959 ’⁸
500 5922 596 5980 οὖν
641 5927 701 5987 Β.
745 5922 861 5983 ἐστι
890 5928 947 5982 δὲ
987 5930 1037 5983 Θ.
1069 5922 1252 6001 φιλία.

324 6066 328 6070 Α
368 6019 640 6085 ΡΑτιιοι..
691 6024 807 6087 Gn.
855 6024 1066 6088 LXIV.

2950 6039 3024 6101 ιιι
