3842 6380
129 386 265 440 ΝΞΟ
1374 377 1460 431 DE
1500 374 1720 430 NATUF

1831 367 2138 426 IIOMINIS.
3255 351 3396 406 {230

124 501 470 571 μεσαραξων,
498 500 570 555 αἴ
589 500 894 571 ἁνιμῶνται
919 498 1087 554 αὑτοῦ
1118 496 1367 568 φυσικῶς
1389 496 1482 548 τδν
1509 493 1670 565 χυλόν
1694 508 1709 524 ⁸

1824 487 2100 544 ἱηῐεῐὶοτε.
2130 499 2261 539 vero
2303 479 2509 536 ventris
2561 483 2712 546 parte
2753 471 3065 528 duodenum
3098 469 3392 543 digitorum

75 606 81 610 ·
121 593 201 653 ὡς
229 592 584 669 εὑρίσκεσθαι
605 592 667 646 τὸ
704 592 948 646 τοιοῦτον
983 591 1206 662 ἔντερον
1231 590 1385 643 del."
1413 588 1595 643 κενόν.
1678 619 1686 626 -

1824 591 2127 651 processus,
2174 589 2336 647 quem
2376 570 2621 626 nonnulli
2667 575 2722 623 et
2764 563 3230 634 ventris'vpartem
3287 560 3392 614 dici

120 689 435 754 voluerunt,
495 667 900 742 excrementum
935 651 1144 755 recipit.
1185 683 1268 738 Ab
1298 684 1401 739 hoc
1437 679 1696 737 intestino
1734 673 1887 738 illud,
1934 671 2084 742 quod
2136 668 2381 738 jeiunum
2425 662 2662 725 dicitur,
2743 659 2910 714 situm
2969 664 3076 720 est,
3121 654 3191 708 ob
3232 652 3284 707 id
3323 651 3393 706 ita

121 779 477 849 appellatum,
519 778 647 849 quia
689 779 845 833 venis
887 793 1008 848 quae
1054 775 1400 831 mediatrices
1483 773 1742 828 dicuntur
1777 765 2089 836 proximum
2167 756 2441 824 consistit,
2465 809 2477 818 ,,
2495 753 2682 823 cujus,
2731 765 2855 806 cum
2910 747 3015 802 illa:
3063 756 3272 802 natura:
3307 759 3396 797 0r-

121 876 253 930 diue
293 888 512 928 omnem
558 873 842 929 humorem
899 877 1246 940 exhauriant,
1277 886 1560 943 nunquam
1595 881 1706 920 non
1743 863 1904 916 inane
1953 851 2310 924 conspicitur.

197 969 354 1023 Μετὰ
387 969 446 1023 δὲ
477 967 640 1022 τοῦτο
663 970 732 1022 τά
752 969 930 1024 λεπτά
963 969 1158 1044 ἔντερα
1187 935 1563 1041 διαδέχονται·
1601 962 1709 1018 εἰσὶ

1890 949 2096 1004 Dehinc
2140 963 2270 1002 vero
2315 943 2535 1016 gracilis
2591 939 2844 995 intestina
2878 935 3214 998 succedunt,
3269 947 3395 987 nam

120 1061 184 1116 δέ
221 1079 369 1125 τινες
403 1061 583 1126 ἕλικες
625 1063 682 1115 ὲν
731 1063 953 1126 αὐτοῖς,
998 1024 1170 1119 διὰιτδ
1317 1024 1534 1117 κεῖσθαι
1567 1057 1711 1113 αὐτὰ

1824 1045 1871 1100 in
1899 1043 2033 1114 ipsis
2062 1039 2340 1094 anfractus
2357 1035 2575 1106 quidam
2595 1030 2872 1089 visuntur,
2908 1043 2974 1082 ex
2999 1042 3064 1080 eo
3088 1025 3231 1096 quod
3258 1024 3398 1080 situs

123 1153 218 1208 ἐπ’
253 1154 476 1219 εὐθείας
497 1170 512 1184 ο
537 1153 635 1208 καὶ
665 1155 878 1225 μεταξὺ
909 1155 1018 1210 τῶν
1039 1157 1239 1211 ἑλίκων
1269 1155 1500 1217 τούτων,
1535 1154 1708 1221 ὑμεν-

1824 1155 2006 1197 eorum
2049 1138 2103 1192 in
2148 1145 2357 1192 rectum
2392 1130 2710 1200 neutiquam
2761 1124 3134 1196 protenditur;
3167 1131 3222 1176 et
3258 1121 3401 1175 inter

122 1244 273 1318 ώδης
317 1245 478 1299 οὐσία
526 1245 621 1298 κοιλ⁸
681 1245 1001 1318 πιμελώδης
1045 1249 1264 1301 κεῖταισ
1298 1247 1364 1318 ἣν
1399 1246 1451 1298 οἱ
1489 1212 1712 1298 tatem

1824 1248 1957 1305 :psos
1983 1231 2176 1292 ﬂexus,
2209 1225 2565 1282 membranea
2596 1221 3071 1291 pinguesceusque
3116 1212 3397 1282 interjecta

123 1337 355 1391 ἔκλυσιν
384 1336 642 1406 λέγουσιν
663 1354 675 1368 ’
713 1338 798 1408 ἐφ’
829 1333 912 1403 οἷς
942 1340 989 1372 ⁷⁵
1023 1340 1350 1409 ὲποχοῦνται
1372 1339 1442 1392 τὰ
1483 1338 1680 1408 ἔντερα
1699 1375 1714 1400 ,

125 1430 227 1483 καὶ
257 1429 327 1482 τὰ
353 1428 462 1482 ἀπὸ
495 1428 590 1482 τοῦ
630 1430 845 1500 ἥπατος
887 1430 1060 1502 μικρὰ
1093 1429 1312 1499 φλεϐία.
1345 1429 1503 1483 Μετὰ
1539 1428 1598 1482 δὲ
1645 1427 1717 1480 τὰ

123 1521 304 1576 λεπτά
333 1522 546 1590 ἔντερα,
571 1521 875 1592 διαδέχεται
898 1522 967 1576 τά
994 1522 1175 1592 παχέα
1197 1522 1247 1554 ⁷⁸
1272 1537 1286 1553 ο
1309 1523 1367 1575 ἐν
1393 1516 1475 1585 οἷς
1499 1519 1715 1590 πρῶτον

129 1616 235 1683 μὲν
269 1618 384 1669 ἐστι
418 1617 479 1669 τὸ
521 1616 750 1687 τυφλὸν,
783 1616 811 1669 ὃ
847 1617 946 1687 τὴν
977 1617 1187 1688 κόπρον
1217 1616 1433 1686 δέχεται
1468 1613 1710 1682 πρῶτον.

127 1707 244 1761 Καὶ
271 1707 460 1779 ἐπειδὴ
487 1707 586 1760 οὐκ
610 1707 723 1779 ἔχει
751 1706 1012 1773 διέξοδον,
1034 1707 1381 1779 ἀναρροιϐδεῖ
1404 1722 1462 1757 τε
1486 1703 1725 1773 ταύτην,

126 1799 228 1853 καὶ
278 1796 388 1853 οἷον
420 1801 631 1870 άπεμεϊ
656 1815 671 1830 ο
704 1799 800 1852 καὶ
841 1798 1152 1868 διαδέχεται
1202 1797 1359 1852 τοῦτο
1388 1797 1450 1849 τὸ
1509 1795 1707 1848 κῶλον.

139 1895 308 1950 Ἀλλὰ
340 1895 400 1950 τδ
451 1897 549 1967 μὲν
579 1895 784 1964 τυφλὸν
826 1895 884 1948 ὲν
918 1896 1032 1957 τοῖς
1077 1893 1273 1958 δεξιοῖς
1307 1890 1502 1962 μέρεσι
1537 1890 1717 1942 κεῖται

124 1988 306 2055 λοξόν.
339 1989 413 2042 Τὸ
452 1988 510 2042 δὲ
552 1988 732 2042 κῶλον
775 1989 840 2041 ὲκ
887 1985 995 2040 τῶν
1031 1983 1338 2056 ἀριστερῶν
1389 1980 1728 2054 ὁρμώμενον

126 2080 230 2135 καὶ
246 2079 612 2152 ὲλιττόμενον,
637 2081 912 2152 ἀνώτερον
934 2079 1029 2133 τοῦ
1046 2077 1250 2147 τυφλοῦ
1271 2075 1494 2148 ὲντέρου
1515 2075 1712 2138 ἄνεισι,

125 2174 227 2227 καὶ
265 2174 463 2244 φθάνει
515 2175 680 2245 μέχρι
732 2174 836 2244 τῆς
886 2172 1068 2238 δεξιᾶς
1105 2170 1371 2240 λαγόνος·
1417 2170 1512 2223 καὶ
1561 2162 1718 2231 αὖθις

128 2269 500 2338 ὑποστρέφον,
545 2269 765 2320 κάτεισι
804 2265 956 2336 παρὰ
989 2265 1083 2318 τὸν
1117 2263 1407 2335 ἀριστερὸν
1441 2259 1710 2332 βουὸὦνα.

127 2359 235 2413 Διὰ
281 2361 441 2414 τοῦτο
485 2359 578 2412 καὶ
610 2361 658 2412 οἱ
700 2359 762 2412 τὸ
788 2357 1025 2410 κωλικόν
1073 2355 1290 2426 ἔχοντες
1344 2354 1595 2424 νόσημα,
1643 2354 1710 2422 τῇ

125 2451 362 2523 τοιαύτῃ
412 2451 620 2520 εἰλήσει
672 2449 1049 2520 ὀδυνώμενοι,
1100 2449 1224 2518 ὅφιν
1280 2444 1718 2517 περιπεπλέχθαι

127 2543 321 2606 αὐτοῖς
379 2543 641 2607 πολλάκις
696 2542 1146 2613 διισχυρίζονται.
1206 2537 1364 2593 Μετὰ
1404 2538 1461 2590 δὲ
1496 2536 1556 2590 τὸ
1610 2537 1719 2590 κῶ-

127 2635 247 2698 λον,
299 2633 360 2686 τὸ
407 2634 576 2704 ἀρχὸν
624 2633 723 2706 τὴν
763 2633 968 2702 κόπρον
1011 2629 1288 2700 λαμϐάνον
1344 2628 1422 2699 τῷ
1476 2627 1718 2681 ἀπευθυ-

133 2726 324 2796 σμένῳ
356 2725 430 2789 ὡς
455 2727 668 2796 ἐσχάτῳ
701 2724 1056 2797 μεταδίδωσιο
1083 2722 1149 2776 δι’
1186 2716 1246 2777 οὗ
1281 2723 1315 2791 ή
1343 2723 1547 2790 κόπρος
1576 2718 1722 2790 ἐξέρ-

132 2835 299 2886 χεται
324 2834 337 2848 ο
373 2819 476 2872 οὐκ
522 2817 604 2870 ἔτι
661 2818 706 2850 ’³⁵
738 2814 1084 2887 ὲπεσχομένη
1115 2813 1206 2868 διὰ
1247 2814 1309 2866 τὸ
1352 2812 1508 2873 εὒθὲς
1555 2811 1599 2842 ⁷⁷
1628 2810 1717 2863 τοῦ

132 2909 394 2980 ἐντέρουο
429 2910 552 2963 ὅθεν
595 2910 685 2963 καὶ
716 2909 890 2972 οὕτως
938 2906 1166 2978 ἐκλήθη.
1215 2904 1401 2968 Ταῦτα
1447 2905 1503 2957 δὲ
1541 2902 1721 2956 πάντα

131 3000 248 3053 ὑπὸ
277 3000 378 3070 τῆς
409 3001 648 3072 γαστρὸς
668 2999 1035 3055 διαϐαστᾶται
1063 2996 1157 3049 καὶ
1177 2993 1582 3064 διακατέχεται.
1611 2992 1722 3045 Καὶ⁴

132 3093 252 3165 γὰρ
277 3094 309 3163 ή
339 3094 710 3165 δημιουργικὴ
741 3091 972 3159 δύναμις
1005 3087 1280 3158 κηδομένη
1307 3085 1406 3155 τῆς
1446 3082 1681 3152 γαστρὸς
1702 3121 1716 3145 .

135 3187 289 3257 μύας
313 3189 450 3258 αὐτῇ
482 3186 711 3249 πολλοὺς
752 3182 1052 3254 περιέθηκε
1077 3199 1090 3211 ·

129 3280 258 3334 ἄνω
282 3279 539 3350 φέρονται
560 3297 575 3310 ·
602 3280 653 3332 οἱ
684 3278 740 3331 δὲ
763 3276 971 3332 ἄνωθεν
991 3315 1006 3339 ,
1027 3275 1180 3328 κάτω
1203 3271 1501 3342 φερόμενοι
1521 3268 1568 3301 ⁷⁸
1591 3286 1606 3299 ο
1630 3269 1723 3320 καὶ

133 3375 192 3425 oi
227 3372 326 3444 μὲν
353 3372 440 3425 ἐπ’
471 3371 690 3435 εὐθείας
725 3374 934 3424 κεῖνται
955 3385 970 3400 ο
1005 3367 1134 3422 ora:
1168 3365 1474 3434 ἐγκάρσιοι.
1510 3361 1632 3413 Εἰσὶ
1663 3359 1722 3414 δὲ

133 3465 299 3520 ἄλλοι
332 3465 512 3530 λοξαὶ,
575 3464 684 3518 ἀπὸ
729 3463 826 3517 τοῦ
868 3454 1090 3532 στέρνου
1143 3458 1474 3529 φερόμενοι·
1517 3455 1566 3508 οἱ
1620 3454 1720 3524 μὲν

134 3559 256 3612 ἀπὸ
286 3558 378 3612 τοῦ
404 3557 580 3623 δεξιοῦ
608 3557 812 3627 μέρους
839 3554 1002 3610 αὐτοῦ
1031 3554 1125 3606 ἐπὶ
1156 3554 1246 3604 τὸν
1277 3546 1566 3621 ἀριστερὸν
1593 3545 1718 3615 βου-

136 3647 294 3701 ϐῶνα
315 3689 330 3710 ,
369 3649 420 3702 οἱ
447 3649 503 3702 δὲ
531 3647 640 3701 ἀπὸ
670 3646 766 3700 τοῦ
818 3643 1111 3717 ἀριστεροῦ
1161 3641 1252 3696 ἐπὶ
1285 3639 1377 3694 τὸν
1407 3636 1578 3701 δεξιόν
1600 3651 1614 3666 ·
1653 3634 1720 3705 ἢν

135 3741 245 3795 καὶ
283 3743 310 3794 ὁ
339 3741 606 3803 ἐπίπλους
638 3741 708 3805 ⁷⁸,
742 3739 838 3792 καὶ
871 3737 931 3790 τὸ
972 3735 1318 3806 περιτόναιον
1347 3732 1722 3792 διασκέπουσι,

137 3835 242 3886 καὶ
280 3833 762 3904 διαθερμαενουσι,
807 3833 902 3884 καὶ
938 3825 1240 3898 δυναμοῦσι
1299 3823 1435 3894 πρὸς
1476 3824 1574 3890 τὴν
1617 3818 1726 3872 τῶν

135 3925 405 3995 ἐντέρων,
442 3927 536 3980 καὶ
564 3925 664 3993 τῆς
698 3924 756 3977 ἐν
799 3923 983 3985 αὐτοῖς
1041 3919 1196 3991 ὕλης,
1235 3911 1601 3977 ἀναδάσταξιν
1634 3909 1726 3964 καὶ

135 4019 444 4091 ὀχύρωσιν.

1129 3180 1225 3233 καὶ
1247 3179 1296 3232 οἱ
1329 3178 1426 3248 μὲν
1453 3173 1720 3239 κάτωθεν,
1751 3178 1792 3236 C

1813 1304 2118 1379 substantia
2141 1329 2247 1381 est,
2264 1333 2426 1387 quam
2452 1315 2612 1386 vulgo
2637 1311 2856 1365 ἔκλυσιν
2881 1313 3221 1376 nuncupant,
3255 1304 3400 1374 quod

1818 1415 2187 1472 occlusionem
2223 1411 2338 1468 sive
2374 1407 2820 1479 impedimentum
2846 1401 3078 1466 diceres,
3101 1412 3223 1468 quae
3259 1397 3401 1451 inte-

1818 1520 1962 1577 stina
2011 1525 2065 1573 et
2104 1514 2316 1570 venula:
2355 1528 2384 1567 a
2426 1488 2669 1582 jecinore
2721 1504 3106 1577 provenientes
3139 1515 3399 1571 superve-

1816 1611 1996 1666 niunt.
2053 1607 2363 1664 Gracilibus
2407 1617 2540 1658 vero
2594 1599 2906 1660 intestinis,
2961 1609 3147 1651 crassa
3213 1607 3399 1648 succe-

1815 1711 1971 1776 dunt,
2010 1708 2154 1764 inter
2186 1721 2308 1777 quae
2332 1704 2590 1776 primum,
2628 1701 2774 1771 quod
2821 1711 3026 1753 caecum
3075 1692 3235 1764 104
3261 1691 3399 1746 dici-

1817 1806 1907 1853 tur
1959 1804 2062 1859 est,
2120 1793 2267 1865 quod
2316 1792 2554 1862 primum
2601 1786 2860 1844 stercoris
2919 1782 3204 1838 materiam
3258 1780 3400 1835 1⁸θοί-

1816 1901 1915 1972 pit.
1973 1899 2040 1954 Et
2069 1898 2330 1970 quoniam
2372 1897 2549 1967 ipsum
2607 1891 2928 1948 intestinum
2980 1899 3260 1956 egressum
3292 1899 3399 1937 non

1815 2001 1998 2065 habet,
2023 1997 2278 2056 stercoris
2303 1994 2585 2050 materiam
2609 1999 2840 2055 eructat,
2866 2005 2931 2044 ac
2964 1987 3201 2058 quodam
3236 1985 3401 2037 modo

1817 2091 2040 2166 evomit,
2089 2103 2322 2158 eamque
2356 2087 2420 2141 ad
2453 2083 2773 2140 intestinum
2803 2080 2948 2150 quod
2985 2079 3140 2135 colon
3177 2076 3399 2136 dicitur.

1817 2180 2184 2252 recipiendam
2212 2176 2468 2234 demittit.
2503 2173 2621 2230 Hoc
2664 2187 2899 2240 namque
2933 2183 3135 2225 caecum
3186 2166 3404 2221 intesti-

1817 2289 1948 2329 num
1983 2286 2013 2325 a
2049 2272 2270 2326 dextera
2310 2276 2461 2338 parte
2495 2266 2550 2320 in
2594 2259 3268 2334 obliquum'protenditur.
3299 2256 3403 2310 Co-

1817 2374 1908 2428 lon
1953 2388 2080 2428 vero
2125 2370 2445 2426 intestinum
2501 2383 2626 2422 cum
2675 2381 2704 2420 a
2757 2366 2889 2419 lmva
2940 2361 3276 2430 porrigatur,
3338 2372 3403 2411 ar.

1819 2479 1938 2519 sese
1963 2478 2127 2532 super
2167 2476 2372 2516 caecum
2417 2457 2736 2513 intestinum
2793 2455 3120 2520 intorqueat,
3171 2448 3237 2503 ad
3273 2447 3399 2502 dex-

1821 2567 1988 2614 teram
2034 2558 2255 2611 iliorum
2301 2560 2463 2607 tenus
2515 2557 2718 2618 partem
2773 2543 3004 2607 accedit,
3049 2540 3175 2594 inde
3225 2538 3405 2592 denuo

1821 2648 2051 2717 repetito
2081 2645 2243 2709 ﬂexu,
2277 2642 2344 2697 ad
2367 2641 2559 2695 laevum
2590 2638 2810 2707 inguem
2838 2647 3014 2701 usque
3034 2627 3401 2700 progreditur.

1822 2739 2191 2810 Quapropter,
2252 2734 2346 2804 qui
2397 2732 2571 2786 colico
2621 2733 2945 2797 premuntur
2998 2722 3234 2785 morbo,
3275 2735 3441 2775 cum,

1822 2832 2036 2887 dolores
2069 2830 2123 2882 iu
2157 2823 2471 2895 huiusmodi
2533 2820 2764 2876 ﬂexibus
2805 2817 3063 2879 sentiant,
3095 2827 3242 2868 nunc
3271 2812 3402 2872 huc.

1824 2936 1968 2978 nunc
2000 2921 2128 2975 illuc
2173 2920 2226 2973 in
2284 2916 2508 2971 modum
2557 2909 2827 2982 serpentis
2859 2907 3175 2962 ﬂectuntur.
3203 2903 3286 2959 Ab
3311 2901 3406 2958 illo
3431 2933 3446 2951 .

1825 3020 2007 3070 autem
2039 3010 2300 3067 intestino
2330 3007 2474 3078 quod
2505 3005 2666 3060 colon
2694 3003 2918 3061 dicitur,
2957 3000 3164 3054 arclton
3196 2997 3407 3051 intesti-

1828 3119 1958 3158 num
1985 3109 2091 3166 est,
2127 3097 2274 3170 quod
2308 3105 2520 3152 stercus
2565 3097 2621 3148 in
2649 3108 2707 3148 se
2760 3099 3037 3160 receptum
3092 3088 3161 3142 ad
3196 3093 3406 3142 rectum

1830 3194 2193 3256 intestinum,
2234 3197 2420 3259 utpote
2449 3186 2596 3257 quod
2625 3198 2872 3240 omnium
2908 3179 3269 3235 novissimum
3301 3186 3406 3241 est,

1831 3284 2197 3349 transmittit;
2246 3281 2332 3336 cui
2354 3279 2602 3350 quidem,
2636 3291 2734 3347 per
2767 3274 2919 3336 illud,
2943 3271 3018 3326 ob
3041 3271 3161 3341 ejus
3189 3270 3415 3324 reetitu-r

1829 3374 2035 3435 dinem,
2063 3379 2216 3426 extra
2244 3367 2554 3439 egrediendi
2578 3365 2723 3420 nulla
2753 3361 3077 3433 interposita
3103 3374 3257 3414 mora
3281 3372 3409 3428 per-

1828 3467 1974 3522 vium
2011 3466 2114 3520 iter
2137 3470 2282 3534 patet
2317 3481 2329 3516 :
2363 3477 2467 3532 qua
2489 3460 2555 3514 de
2575 3473 2742 3514 causa
2772 3456 2906 3511 recti
2934 3469 3129 3508 nomen
3154 3451 3407 3507 sortitum
3439 3489 3443 3496 .

1829 3566 1932 3614 est.
1964 3556 2088 3611 llaec
2120 3555 2303 3623 itaque
2325 3551 2508 3605 omnia
2535 3566 2564 3604 a
2589 3557 2776 3603 ventre
2801 3545 3147 3602 sustinentur
3167 3557 3411 3608 compre-

1830 3647 2269 3712 hendunturque.
2299 3639 2691 3708 Quamobrem,
2729 3653 2854 3692 cum
2905 3621 3409 3691 summiCreatoris

1823 3736 2176 3809 providentiae
2197 3735 2436 3789 maxima
2468 3747 2597 3787 cura
2619 3731 2686 3785 de
2715 3738 2906 3782 ventre
2933 3728 3181 3782 habenda
3209 3725 3408 3791 fuerat,

1823 3827 2087 3883 musculis
2146 3827 2322 3895 ipsum
2373 3821 2678 3878 innumeris
2737 3820 3140 3889 circumsepsit,
3171 3832 3408 3887 quorum

1823 3916 2046 3988 quidam
2071 3931 2291 3972 sursum
2322 3929 2540 3978 versus,
2578 3911 2670 3968 alii
2699 3912 2951 3967 deorsum
2983 3917 3234 3978 vergunt,
3270 3924 3412 3962 non-

1825 4008 1961 4062 nulli
2012 4018 2161 4062 recto
2218 4005 2460 4070 tramite,
2519 4004 2612 4059 alii
2667 4004 2720 4058 in
2764 4002 3045 4072 obliquum
3079 4000 3446 4070 diriguntur..

135 4116 228 4171 Ad
259 4116 375 4178 hos,
408 4112 502 4168 alii
547 4112 673 4167 item
735 4127 765 4164 a
801 4122 1020 4180 pectore
1059 4106 1237 4162 varios
1307 4105 1586 4161 anfractus
1651 4105 1974 4176 ﬂgurantes,
2025 4101 2224 4174 partim
2251 4118 2283 4157 a
2316 4101 2510 4157 dextro
2556 4099 2782 4170 inguine
2847 4099 2903 4152 in
2973 4098 3167 4153 laavum
3197 4097 3447 4161 directi“

137 4209 347 4283 partim
391 4223 422 4262 a
454 4207 586 4262 laevo
635 4205 691 4260 in
750 4205 1002 4260 dextrum
1038 4199 1459 4272 protenduntur.
1488 4199 1713 4269 Insuper
1749 4206 1995 4254 ventrem
2031 4197 2236 4268 ipsum,
2292 4206 2570 4251 omentum
2594 4203 2647 4248 et
2693 4193 2959 4247 abdomen
2985 4191 3184 4254 velant,
3205 4191 3412 4259 ipsum-

137 4321 256 4378 que
281 4302 628 4366 calefaciunt,
674 4309 728 4356 et
757 4301 997 4369 vigorem
1042 4297 1116 4351 illi
1166 4295 1572 4365 impertiuntur,
1607 4308 1717 4364 quo
1753 4293 2036 4350 robustius
2096 4291 2416 4361 fortiusque.
2445 4287 2733 4354 intestina,
2797 4294 2870 4342 et.
2907 4300 3028 4355 qua:
3061 4284 3116 4338 in
3139 4283 3274 4353 ipsis
3296 4298 3414 4338 ma-

140 4397 317 4456 teries
343 4406 445 4459 est,
472 4397 744 4452 sustinere
792 4409 854 4448 ac
889 4393 1028 4446 tueri
1059 4398 1244 4458 queat.

229 4489 290 4542 Ὀ
323 4488 382 4541 δὲ
409 4488 538 4559 περὶ
583 4489 681 4557 τὴν
714 4486 875 4556 ἕδραν
889 4483 935 4514 ⁸ο
971 4480 1098 4552 μῦς,
1140 4481 1199 4532 ὂν
1246 4480 1340 4534 καὶ
1383 4478 1720 4550 σφιγκτῆρα

1901 4475 2180 4532 Musculus
2196 4484 2375 4529 autem
2403 4470 2691 4542 ad‘podicis
2713 4469 2978 4524 oriﬁcium
2999 4469 3196 4540 est,qui
3219 4469 3288 4523 ab
3307 4469 3412 4526 illis

135 4577 530 4648 ὀνομάζουσιν,
571 4577 605 4647 ἢ
642 4575 918 4647 πρωκτὸν,
970 4572 1186 4641 συνέχει
1217 4570 1310 4624 τοῦ
1363 4569 1728 4641 ἀπευθυσμέ-

135 4686 243 4723 νου
274 4668 373 4740 τὴν
408 4668 668 4739 ἐσχατιάν
691 4683 706 4698 ο
747 4660 901 4736 ἑξῆς
928 4667 997 4718 τὰ
1020 4663 1335 4731 πνεύματα,
1361 4661 1459 4716 καὶ
1504 4660 1574 4715 τά
1627 4678 1725 4715 πε-

142 4761 376 4836 ριττὰ⁸¹
428 4761 606 4815 πάντα
639 4759 942 4815 ώθοῦνται’
995 4772 1092 4809 του
1160 4753 1455 4826 εἰρημένου
1506 4753 1726 4824 ὑποχω-

141 4855 376 4930 ροῦντος
404 4853 738 4925 σφιγκτῆρος
756 4868 769 4883 ·
797 4851 890 4905 καὶ
920 4851 1221 4918 σφιγκτὴρ
1256 4846 1354 4918 μὲν
1371 4846 1614 4915 λέγεται,
1642 4846 1727 4899 ὅτι

137 4946 528 5019 ττερισφίγγει,
559 4945 655 5009 καὶ
671 4937 780 4996 οἷον
810 4943 982 5013 σειροῖ
996 4940 1056 4993 τὸ
1083 4939 1299 5008 ἔντερον
1323 4938 1418 4993 καὶ
1442 4939 1634 5010 δεσμοῖ
1651 4939 1722 5003 ⁸³,

140 5044 241 5096 ἵνα
278 5039 353 5110 μὴ
383 5039 610 5100 ἄκοντες
639 5037 943 5107 προΐωμεν,
985 5034 1044 5086 ἐν
1072 5029 1153 5092 οἷς
1183 5032 1242 5085 οὐ
1271 5031 1375 5094 δεῖ,
1417 5033 1513 5086 καὶ⁴
1540 5033 1630 5086 ὅτε
1660 5033 1722 5084 οὐ

139 5137 255 5191 δεῖ.
287 5132 546 5204 Πρωκτὺς
571 5132 648 5196 δὲ,
680 5125 790 5184 οἷον
839 5132 1135 5200 προακτδς,
1167 5127 1316 5198 παρὰ
1352 5126 1413 5178 τὸ
1455 5127 1522 5180 δι’
1561 5124 1727 5180 αὐτοῦ

143 5225 449 5298 προΐεσθαι
475 5224 536 5277 τὺ
567 5223 906 5294 περίττωμα.
945 5219 1165 5290 Ἐπειδὴ
1198 5218 1258 5272 δὲ
1305 5217 1393 5272 διὰ
1436 5217 1546 5271 τῶν
1578 5217 1729 5271 ὲντέ·

149 5333 271 5392 ρων
301 5315 560 5387 φέρονται
593 5313 844 5384 διάφοροί
896 5328 1044 5374 τινες
1079 5309 1174 5364 καὶ
1202 5309 1419 5379 δριμεῖς
1450 5310 1624 5379 χυμοὶ
1657 5311 1722 5362 ἐκ

145 5409 270 5464 τῶν
307 5404 761 5478 περιττωμάτων,
781 5403 1142 5474 ἐπετήδευσεν
1169 5403 1202 5471 ἡ
1236 5399 1398 5469 φύσις
1445 5399 1727 5472 πιμελώδη

147 5501 286 5558 τινὰ
312 5500 406 5554 καὶ
437 5496 820 5569 φλεγματικὴν
857 5496 991 5567 ὕλην
1037 5499 1132 5548 καὶ
1181 5493 1583 5563 περιεγάνωσε,
1635 5493 1734 5548 καὶ

1839 4568 2110 4640 σφιγκτὴρ
2137 4567 2356 4629 dicitur,
2381 4565 2526 4636 quod
2553 4573 2854 4618 extremum
2886 4562 3082 4616 ibidem
3110 4563 3244 4617 recti
3270 4563 3412 4619 inte-

1835 4661 1963 4716 stini
1992 4659 2414 4730 comprehendat
2435 4657 2792 4725 stringatque,
2833 4655 2978 4709 unde
3018 4664 3131 4709 tum
3173 4655 3408 4724 peditus,

1835 4763 1951 4809 tum
1977 4763 2171 4809 cuncta
2202 4751 2343 4808 sicca
2365 4757 2734 4810 excrementa.
2755 4762 2863 4817 prae
2885 4748 3100 4818 angusti
3128 4747 3276 4802 illius
3302 4749 3406 4802 ori-

1834 4845 1944 4901 ﬁcii
1973 4845 2308 4908 dilatatione,
2346 4853 2495 4900 extra
2528 4823 2898 4897 excernuntur
2928 4859 2941 4893 :
2977 4839 3251 4911 σφιγκτὴρ
3289 4838 3412 4895 ideo

1833 4940 2054 5007 dicitur,
2080 4937 2230 5011 παρὰ
2258 4938 2319 4992 τὸ
2349 4936 2582 5008 σφίγγω,
2612 4934 2758 5005 quod
2794 4933 3025 5004 stringat
3067 4933 3409 4994 intestinum.

1834 5042 1890 5090 et
1925 5033 2082 5104 quasi
2133 5033 2356 5096 vinciat,
2408 5046 2474 5086 ne
2526 5029 2756 5092 scilicet,
2811 5035 2925 5080 tum
2979 5025 3220 5096 peditus,
3293 5032 3409 5079 tum

1836 5134 2045 5180 stercus
2135 5122 2548 5194 intempestive,
2627 5128 2682 5174 et
2775 5119 3159 5188 quibus.non
3224 5116 3442 5171 deceat.

1829 5215 1965 5272 locis
2010 5231 2042 5271 a
2105 5216 2266 5272 nobis
2307 5222 2654 5270 excernatur.
2715 5210 2981 5265 Podicem
3046 5223 3214 5274 vero,
3285 5207 3412 5263 inde

1832 5305 2084 5379 πρωκτὸν
2111 5307 2214 5363 dici
2259 5312 2564 5366 autumant,
2586 5300 2696 5356 οἷον
2729 5301 3027 5377 προακτόν.
3069 5301 3218 5372 quod
3251 5297 3408 5369 105
3437 5341 3444 5348 .

1829 5399 2083 5456 videlicet
2161 5414 2255 5468 per
2315 5397 2493 5466 ipsum
2555 5396 2761 5450 siccum
2817 5401 3231 5448 excrementum
3294 5407 3414 5460 pro-

1833 5491 2075 5562 jiciatur.
2133 5488 2403 5556 Quoniam
2488 5503 2618 5543 vero
2683 5501 2778 5557 per
2872 5485 3131 5540 intestina
3208 5483 3415 5538 diversi

233 5685 280 5717 ⁷³
308 5685 396 5738 ἀεὶ
430 5699 540 5739 om.
569 5683 632 5736 Β.
706 5683 753 5713 ⁷⁵
781 5674 922 5751 ἦςγΒ
966 5678 1149 5751 C.M""
1208 5677 1378 5749 πεχέα
1537 5676 1720 5751 Iob):

1837 5675 1908 5751 B.
1972 5674 2302 5751 f:_s_ic_otliu.
2327 5672 2493 5751 Codd.
2573 5674 2618 5751 7‘:
2653 5689 2853 5741 φερομ.
2892 5686 3009 5751 ὀηι.
3049 5670 3088 5720 Β
3114 5671 3173 5720 Ρ,
3206 5670 3248 5699 το
3295 5667 3387 5719 ὀπί

154 5756 329 5816 πλους
355 5757 418 5810 Δ.
494 5755 540 5785 ⁸⁸
578 5754 639 5806 '0
669 5752 726 5805 δὲ
761 5749 890 5821 περὶ
910 5749 1204 5821 τὴν-ἕδραν
1245 5789 1256 5803 .
1281 5788 1293 5802 .
1322 5790 1336 5803 .

156 5841 394 5899 περισφ.
420 5824 478 5879 τὸ
515 5823 624 5880 ἕντ.
663 5822 757 5878 καὶ
787 5818 975 5892 δεσμοί
1013 5818 1075 5874 Β.

1373 5748 1482 5802 τῶν
1533 5746 1770 5816 διδύμων
1803 5746 1932 5817 (col.
1967 5745 2104 5800 1255
2138 5745 2177 5800 C
2205 5743 2255 5814 7)
2288 5762 2396 5798 om.
2436 5743 2494 5797 Ρ.

2599 5744 2637 5774 ⁸¹
2677 5739 3064 5813 περιττώματα
3098 5742 3157 5793 ι’.
3254 5739 3296 5768 ⁸¹
3330 5739 3451 5794 ὅτι,
