  <div class='ocr_page' id='page_1' title='image "/cluster/home/n/w/nwhite01/storage/ocr_20150623/64/hvd.32044019207844/657.png"; bbox 0 0 3856 6398; ppageno 0'>
   <div class='ocr_carea' id='block_1_1' title="bbox 467 361 596 418">
    <p class='ocr_par' dir='ltr' id='par_1_1' title="bbox 467 361 596 418">
     <span class='ocr_line' id='line_1_1' title="bbox 467 361 596 418; baseline -0.008 -1"><span class='ocrx_word' id='word_1_1' title='bbox 467 361 596 418; x_wconf 63' lang='lat' dir='ltr'><strong>HS!</strong></span> 
     </span>
    </p>
   </div>
   <div class='ocr_carea' id='block_1_2' title="bbox 1736 359 2369 420">
    <p class='ocr_par' dir='ltr' id='par_1_2' title="bbox 1736 359 2369 420">
     <span class='ocr_line' id='line_1_2' title="bbox 1736 359 2369 420; baseline 0.002 -4"><span class='ocrx_word' id='word_1_2' title='bbox 1736 359 2016 417; x_wconf 78' lang='lat' dir='ltr'><strong>MELETII</strong></span> <span class='ocrx_word' id='word_1_3' title='bbox 2059 362 2369 420; x_wconf 80' lang='lat' dir='ltr'><strong>MONACHI</strong></span> 
     </span>
    </p>
   </div>
   <div class='ocr_carea' id='block_1_3' title="bbox 3583 358 3712 412">
    <p class='ocr_par' dir='ltr' id='par_1_3' title="bbox 3583 358 3712 412">
     <span class='ocr_line' id='line_1_3' title="bbox 3583 358 3712 412; baseline 0.008 -1"><span class='ocrx_word' id='word_1_4' title='bbox 3583 358 3605 411; x_wconf 70' lang='grc' dir='ltr'><strong>ἰ</strong></span> <span class='ocrx_word' id='word_1_5' title='bbox 3618 359 3712 412; x_wconf 68' lang='grc' dir='ltr'><strong>δὲΞέ</strong></span> 
     </span>
    </p>
   </div>
   <div class='ocr_carea' id='block_1_4' title="bbox 462 473 2030 548">
    <p class='ocr_par' dir='ltr' id='par_1_4' title="bbox 462 473 2030 547">
     <span class='ocr_line' id='line_1_4' title="bbox 462 473 2030 547; baseline 0.003 -16"><span class='ocrx_word' id='word_1_6' title='bbox 462 476 687 547; x_wconf 86' lang='lat' dir='ltr'><strong>quidam</strong></span> <span class='ocrx_word' id='word_1_7' title='bbox 734 473 1026 546; x_wconf 83' lang='lat' dir='ltr'><strong>acerbique</strong></span> <span class='ocrx_word' id='word_1_8' title='bbox 1081 491 1306 546; x_wconf 81' lang='lat' dir='ltr'><strong>sapores</strong></span> <span class='ocrx_word' id='word_1_9' title='bbox 1357 475 1426 531; x_wconf 92' lang='lat' dir='ltr'><strong>ab</strong></span> <span class='ocrx_word' id='word_1_10' title='bbox 1465 479 1878 534; x_wconf 85' lang='lat' dir='ltr'><strong>excrementitia</strong></span> <span class='ocrx_word' id='word_1_11' title='bbox 1922 495 2030 534; x_wconf 88' lang='lat' dir='ltr'><strong>ma-</strong></span> 
     </span>
    </p>
   </div>
   <div class='ocr_carea' id='block_1_5' title="bbox 2136 473 3718 548">
    <p class='ocr_par' dir='ltr' id='par_1_5' title="bbox 2143 473 3718 548">
     <span class='ocr_line' id='line_1_5' title="bbox 2143 473 3718 548; baseline -0.006 -12"><span class='ocrx_word' id='word_1_12' title='bbox 2143 501 2255 538; x_wconf 84' lang='grc' dir='ltr'>οιον</span> <span class='ocrx_word' id='word_1_13' title='bbox 2280 481 2596 537; x_wconf 71' lang='grc' dir='ltr'><strong>ἐπέκλασεν</strong></span> <span class='ocrx_word' id='word_1_14' title='bbox 2628 479 2792 546; x_wconf 78' lang='grc' dir='ltr'>αὐτὰ,</span> <span class='ocrx_word' id='word_1_15' title='bbox 2823 478 2909 532; x_wconf 84' lang='grc' dir='ltr'>ἵνα</span> <span class='ocrx_word' id='word_1_16' title='bbox 2956 475 3223 548; x_wconf 72' lang='grc' dir='ltr'>πρόὸολὸν</span> <span class='ocrx_word' id='word_1_17' title='bbox 3263 492 3388 528; x_wconf 84' lang='grc' dir='ltr'>τινα</span> <span class='ocrx_word' id='word_1_18' title='bbox 3431 473 3604 544; x_wconf 70' lang='grc' dir='ltr'>ἔχωσι</span> <span class='ocrx_word' id='word_1_19' title='bbox 3637 477 3718 526; x_wconf 74' lang='grc' dir='ltr'><strong>καὶ</strong></span> 
     </span>
    </p>
   </div>
   <div class='ocr_carea' id='block_1_6' title="bbox 461 568 2036 641">
    <p class='ocr_par' dir='ltr' id='par_1_6' title="bbox 461 568 2036 641">
     <span class='ocr_line' id='line_1_6' title="bbox 461 568 2036 641; baseline 0.003 -19"><span class='ocrx_word' id='word_1_20' title='bbox 461 569 601 624; x_wconf 90' lang='lat' dir='ltr'><strong>teria</strong></span> <span class='ocrx_word' id='word_1_21' title='bbox 641 568 926 624; x_wconf 74' lang='lat' dir='ltr'><strong>constituti</strong></span> <span class='ocrx_word' id='word_1_22' title='bbox 969 568 1241 633; x_wconf 79' lang='lat' dir='ltr'><strong>feruntur,</strong></span> <span class='ocrx_word' id='word_1_23' title='bbox 1300 575 1494 622; x_wconf 88' lang='lat' dir='ltr'><strong>natura</strong></span> <span class='ocrx_word' id='word_1_24' title='bbox 1549 569 1801 639; x_wconf 81' lang='lat' dir='ltr'><strong>pinguem</strong></span> <span class='ocrx_word' id='word_1_25' title='bbox 1839 587 2036 641; x_wconf 83' lang='lat' dir='ltr'><strong>quam-</strong></span> 
     </span>
    </p>
   </div>
   <div class='ocr_carea' id='block_1_7' title="bbox 455 661 2035 735">
    <p class='ocr_par' dir='ltr' id='par_1_7' title="bbox 455 661 2035 735">
     <span class='ocr_line' id='line_1_7' title="bbox 455 661 2035 735; baseline 0.003 -20"><span class='ocrx_word' id='word_1_26' title='bbox 455 661 586 716; x_wconf 81' lang='lat' dir='ltr'><strong>dam</strong></span> <span class='ocrx_word' id='word_1_27' title='bbox 625 661 1053 732; x_wconf 82' lang='lat' dir='ltr'><strong>pituitosamque</strong></span> <span class='ocrx_word' id='word_1_28' title='bbox 1098 662 1380 717; x_wconf 78' lang='lat' dir='ltr'><strong>materiam</strong></span> <span class='ocrx_word' id='word_1_29' title='bbox 1417 663 1604 716; x_wconf 83' lang='lat' dir='ltr'><strong>molita</strong></span> <span class='ocrx_word' id='word_1_30' title='bbox 1655 673 1771 729; x_wconf 90' lang='lat' dir='ltr'><strong>est,</strong></span> <span class='ocrx_word' id='word_1_31' title='bbox 1800 679 1907 735; x_wconf 88' lang='lat' dir='ltr'><strong>qua</strong></span> <span class='ocrx_word' id='word_1_32' title='bbox 1954 664 2035 720; x_wconf 84' lang='lat' dir='ltr'><strong>eis</strong></span> 
     </span>
    </p>
   </div>
   <div class='ocr_carea' id='block_1_8' title="bbox 459 753 2034 825">
    <p class='ocr_par' dir='ltr' id='par_1_8' title="bbox 459 753 2034 825">
     <span class='ocr_line' id='line_1_8' title="bbox 459 753 2034 825; baseline 0.002 -16"><span class='ocrx_word' id='word_1_33' title='bbox 459 753 921 810; x_wconf 83' lang='lat' dir='ltr'><strong>oblectamentum</strong></span> <span class='ocrx_word' id='word_1_34' title='bbox 939 754 1190 813; x_wconf 84' lang='lat' dir='ltr'><strong>obduxit.</strong></span> <span class='ocrx_word' id='word_1_35' title='bbox 1212 754 1602 825; x_wconf 87' lang='lat' dir='ltr'><strong>applicuitque.</strong></span> <span class='ocrx_word' id='word_1_36' title='bbox 1629 764 1687 810; x_wconf 92' lang='lat' dir='ltr'><strong>ut</strong></span> <span class='ocrx_word' id='word_1_37' title='bbox 1730 757 1834 810; x_wconf 86' lang='lat' dir='ltr'><strong>sibi</strong></span> <span class='ocrx_word' id='word_1_38' title='bbox 1861 756 2034 812; x_wconf 86' lang='lat' dir='ltr'><strong>obicis</strong></span> 
     </span>
    </p>
   </div>
   <div class='ocr_carea' id='block_1_9' title="bbox 459 845 2036 917">
    <p class='ocr_par' dir='ltr' id='par_1_9' title="bbox 459 845 2036 917">
     <span class='ocr_line' id='line_1_9' title="bbox 459 845 2036 917; baseline 0.002 -17"><span class='ocrx_word' id='word_1_39' title='bbox 459 852 514 900; x_wconf 87' lang='lat' dir='ltr'><strong>ct</strong></span> <span class='ocrx_word' id='word_1_40' title='bbox 561 845 954 917; x_wconf 79' lang='lat' dir='ltr'><strong>propugnaculi</strong></span> <span class='ocrx_word' id='word_1_41' title='bbox 1006 847 1126 902; x_wconf 63' lang='lat' dir='ltr'><strong>Vice</strong></span> <span class='ocrx_word' id='word_1_42' title='bbox 1171 845 1330 914; x_wconf 79' lang='lat' dir='ltr'><strong>foret,</strong></span> <span class='ocrx_word' id='word_1_43' title='bbox 1383 848 1676 917; x_wconf 87' lang='lat' dir='ltr'><strong>quominus</strong></span> <span class='ocrx_word' id='word_1_44' title='bbox 1728 850 1844 903; x_wconf 87' lang='lat' dir='ltr'><strong>acri</strong></span> <span class='ocrx_word' id='word_1_45' title='bbox 1892 848 2036 903; x_wconf 90' lang='lat' dir='ltr'><strong>illius</strong></span> 
     </span>
    </p>
   </div>
   <div class='ocr_carea' id='block_1_10' title="bbox 460 936 2037 1008">
    <p class='ocr_par' dir='ltr' id='par_1_10' title="bbox 460 936 2037 1008">
     <span class='ocr_line' id='line_1_10' title="bbox 460 936 2037 1008; baseline 0.001 -17"><span class='ocrx_word' id='word_1_46' title='bbox 460 936 674 1005; x_wconf 86' lang='lat' dir='ltr'><strong>saporis</strong></span> <span class='ocrx_word' id='word_1_47' title='bbox 701 936 933 994; x_wconf 78' lang='lat' dir='ltr'><strong>eiﬂuxus</strong></span> <span class='ocrx_word' id='word_1_48' title='bbox 980 953 1200 993; x_wconf 81' lang='lat' dir='ltr'><strong>morsus</strong></span> <span class='ocrx_word' id='word_1_49' title='bbox 1253 937 1589 1002; x_wconf 87' lang='lat' dir='ltr'><strong>ineutiendo,</strong></span> <span class='ocrx_word' id='word_1_50' title='bbox 1640 939 1854 994; x_wconf 81' lang='lat' dir='ltr'><strong>dolores</strong></span> <span class='ocrx_word' id='word_1_51' title='bbox 1903 937 2037 1008; x_wconf 88' lang='lat' dir='ltr'><strong>ipsis</strong></span> 
     </span>
    </p>
   </div>
   <div class='ocr_carea' id='block_1_11' title="bbox 460 1029 2074 1101">
    <p class='ocr_par' dir='ltr' id='par_1_11' title="bbox 460 1029 2074 1101">
     <span class='ocr_line' id='line_1_11' title="bbox 460 1029 2074 1101; baseline 0 -17"><span class='ocrx_word' id='word_1_52' title='bbox 460 1043 526 1084; x_wconf 75' lang='lat' dir='ltr'><strong>ac</strong></span> <span class='ocrx_word' id='word_1_53' title='bbox 571 1029 796 1083; x_wconf 89' lang='lat' dir='ltr'><strong>animali</strong></span> <span class='ocrx_word' id='word_1_54' title='bbox 840 1029 1006 1084; x_wconf 90' lang='lat' dir='ltr'><strong>simul</strong></span> <span class='ocrx_word' id='word_1_55' title='bbox 1047 1029 1312 1101; x_wconf 80' lang='lat' dir='ltr'><strong>inﬂigant.</strong></span> <span class='ocrx_word' id='word_1_56' title='bbox 1349 1029 1538 1085; x_wconf 89' lang='lat' dir='ltr'><strong>Simile</strong></span> <span class='ocrx_word' id='word_1_57' title='bbox 1586 1030 1861 1101; x_wconf 82' lang='lat' dir='ltr'><strong>quoddam</strong></span> <span class='ocrx_word' id='word_1_58' title='bbox 1891 1037 1945 1084; x_wconf 93' lang='lat' dir='ltr'><strong>et</strong></span> <span class='ocrx_word' id='word_1_59' title='bbox 1977 1029 2034 1084; x_wconf 90' lang='lat' dir='ltr'><strong>in</strong></span> <span class='ocrx_word' id='word_1_60' title='bbox 2059 1063 2074 1072; x_wconf 63' lang='grc' dir='ltr'><strong>ς</strong></span> 
     </span>
    </p>
   </div>
   <div class='ocr_carea' id='block_1_12' title="bbox 457 1120 2031 1191">
    <p class='ocr_par' dir='ltr' id='par_1_12' title="bbox 457 1120 2031 1191">
     <span class='ocr_line' id='line_1_12' title="bbox 457 1120 2031 1191; baseline 0 -18"><span class='ocrx_word' id='word_1_61' title='bbox 457 1128 646 1174; x_wconf 78' lang='lat' dir='ltr'><strong>ventre</strong></span> <span class='ocrx_word' id='word_1_62' title='bbox 677 1135 922 1187; x_wconf 90' lang='lat' dir='ltr'><strong>cernere,</strong></span> <span class='ocrx_word' id='word_1_63' title='bbox 956 1129 1018 1175; x_wconf 92' lang='lat' dir='ltr'><strong>ut</strong></span> <span class='ocrx_word' id='word_1_64' title='bbox 1055 1136 1229 1191; x_wconf 85' lang='lat' dir='ltr'><strong>nuper</strong></span> <span class='ocrx_word' id='word_1_65' title='bbox 1257 1121 1634 1190; x_wconf 78' lang='lat' dir='ltr'><strong>exposuimus,</strong></span> <span class='ocrx_word' id='word_1_66' title='bbox 1663 1120 1818 1175; x_wconf 78' lang='lat' dir='ltr'><strong>facile</strong></span> <span class='ocrx_word' id='word_1_67' title='bbox 1839 1135 2031 1190; x_wconf 85' lang='lat' dir='ltr'><strong>queas,</strong></span> 
     </span>
    </p>
   </div>
   <div class='ocr_carea' id='block_1_13' title="bbox 457 1211 2031 1283">
    <p class='ocr_par' dir='ltr' id='par_1_13' title="bbox 457 1211 2031 1283">
     <span class='ocr_line' id='line_1_13' title="bbox 457 1211 2031 1283; baseline -0.001 -18"><span class='ocrx_word' id='word_1_68' title='bbox 457 1213 604 1281; x_wconf 92' lang='lat' dir='ltr'><strong>quod</strong></span> <span class='ocrx_word' id='word_1_69' title='bbox 666 1211 929 1268; x_wconf 67' lang='lat' dir='ltr'><strong>custodiae</strong></span> <span class='ocrx_word' id='word_1_70' title='bbox 977 1213 1151 1282; x_wconf 71' lang='lat' dir='ltr'><strong>gratia</strong></span> <span class='ocrx_word' id='word_1_71' title='bbox 1193 1214 1295 1282; x_wconf 88' lang='lat' dir='ltr'><strong>ipsi</strong></span> <span class='ocrx_word' id='word_1_72' title='bbox 1349 1213 1628 1278; x_wconf 71' lang='grc' dir='ltr'>ἐπίπλοον,</span> <span class='ocrx_word' id='word_1_73' title='bbox 1697 1227 1762 1268; x_wconf 89' lang='lat' dir='ltr'><strong>ac</strong></span> <span class='ocrx_word' id='word_1_74' title='bbox 1807 1211 2031 1283; x_wconf 81' lang='grc' dir='ltr'>περιτόο</span> 
     </span>
    </p>
   </div>
   <div class='ocr_carea' id='block_1_14' title="bbox 459 1303 2034 1374">
    <p class='ocr_par' dir='ltr' id='par_1_14' title="bbox 459 1303 2034 1374">
     <span class='ocr_line' id='line_1_14' title="bbox 459 1303 2034 1374; baseline 0.002 -21"><span class='ocrx_word' id='word_1_75' title='bbox 459 1319 628 1366; x_wconf 88' lang='grc' dir='ltr'>ναιον,</span> <span class='ocrx_word' id='word_1_76' title='bbox 648 1303 699 1357; x_wconf 92' lang='lat' dir='ltr'><strong>id</strong></span> <span class='ocrx_word' id='word_1_77' title='bbox 717 1313 801 1358; x_wconf 90' lang='lat' dir='ltr'><strong>est</strong></span> <span class='ocrx_word' id='word_1_78' title='bbox 823 1312 1126 1369; x_wconf 90' lang='lat' dir='ltr'><strong>omentum,</strong></span> <span class='ocrx_word' id='word_1_79' title='bbox 1143 1315 1194 1359; x_wconf 88' lang='lat' dir='ltr'><strong>et</strong></span> <span class='ocrx_word' id='word_1_80' title='bbox 1222 1303 1492 1359; x_wconf 57' lang='lat' dir='ltr'><strong>abdomen</strong></span> <span class='ocrx_word' id='word_1_81' title='bbox 1536 1303 1777 1374; x_wconf 89' lang='lat' dir='ltr'><strong>undique</strong></span> <span class='ocrx_word' id='word_1_82' title='bbox 1803 1303 2034 1360; x_wconf 84' lang='lat' dir='ltr'><strong>obduci-</strong></span> 
     </span>
    </p>
   </div>
   <div class='ocr_carea' id='block_1_15' title="bbox 2148 565 3719 645">
    <p class='ocr_par' dir='ltr' id='par_1_15' title="bbox 2148 565 3719 645">
     <span class='ocr_line' id='line_1_15' title="bbox 2148 565 3719 645; baseline -0.011 -14"><span class='ocrx_word' id='word_1_83' title='bbox 2148 576 2474 645; x_wconf 77' lang='grc' dir='ltr'>ἀπαντημα,</span> <span class='ocrx_word' id='word_1_84' title='bbox 2535 573 2674 643; x_wconf 66' lang='grc' dir='ltr'>πρὸς</span> <span class='ocrx_word' id='word_1_85' title='bbox 2725 569 2788 624; x_wconf 82' lang='grc' dir='ltr'>τὸ</span> <span class='ocrx_word' id='word_1_86' title='bbox 2819 569 2897 639; x_wconf 80' lang='grc' dir='ltr'>μὴ</span> <span class='ocrx_word' id='word_1_87' title='bbox 2963 567 3162 640; x_wconf 71' lang='grc' dir='ltr'>ῥᾳδίως</span> <span class='ocrx_word' id='word_1_88' title='bbox 3207 566 3315 619; x_wconf 79' lang='grc' dir='ltr'><strong>ὑπὸ</strong></span> <span class='ocrx_word' id='word_1_89' title='bbox 3359 565 3460 633; x_wconf 82' lang='grc' dir='ltr'>τῆς</span> <span class='ocrx_word' id='word_1_90' title='bbox 3512 565 3719 635; x_wconf 60' lang='grc' dir='ltr'>διερμ-</span> 
     </span>
    </p>
   </div>
   <div class='ocr_carea' id='block_1_16' title="bbox 2151 655 3722 738">
    <p class='ocr_par' dir='ltr' id='par_1_16' title="bbox 2151 655 3722 738">
     <span class='ocr_line' id='line_1_16' title="bbox 2151 655 3722 738; baseline -0.011 -17"><span class='ocrx_word' id='word_1_91' title='bbox 2151 667 2320 738; x_wconf 83' lang='grc' dir='ltr'>μένης</span> <span class='ocrx_word' id='word_1_92' title='bbox 2367 663 2706 736; x_wconf 77' lang='grc' dir='ltr'><strong>δριμύτητος</strong></span> <span class='ocrx_word' id='word_1_93' title='bbox 2765 659 3065 715; x_wconf 81' lang='grc' dir='ltr'>δάκνεσθαι</span> <span class='ocrx_word' id='word_1_94' title='bbox 3122 659 3217 712; x_wconf 81' lang='grc' dir='ltr'><strong>καὶ</strong></span> <span class='ocrx_word' id='word_1_95' title='bbox 3254 655 3580 716; x_wconf 76' lang='grc' dir='ltr'>ὀδυνᾶσθαι,</span> <span class='ocrx_word' id='word_1_96' title='bbox 3639 655 3722 705; x_wconf 66' lang='grc' dir='ltr'><strong>καὶ</strong></span> 
     </span>
    </p>
   </div>
   <div class='ocr_carea' id='block_1_17' title="bbox 2143 744 3746 827">
    <p class='ocr_par' dir='ltr' id='par_1_17' title="bbox 2143 744 3746 827">
     <span class='ocr_line' id='line_1_17' title="bbox 2143 744 3746 827; baseline -0.012 -15"><span class='ocrx_word' id='word_1_97' title='bbox 2143 757 2437 827; x_wconf 81' lang='grc' dir='ltr'>συνοδυνᾷν</span> <span class='ocrx_word' id='word_1_98' title='bbox 2466 753 2560 808; x_wconf 80' lang='grc' dir='ltr'>τὸν</span> <span class='ocrx_word' id='word_1_99' title='bbox 2615 751 2929 823; x_wconf 77' lang='grc' dir='ltr'>ἄνθρωπον.</span> <span class='ocrx_word' id='word_1_100' title='bbox 2969 748 3139 802; x_wconf 77' lang='grc' dir='ltr'>Τοῦτο</span> <span class='ocrx_word' id='word_1_101' title='bbox 3166 746 3297 817; x_wconf 82' lang='grc' dir='ltr'>γοῦν</span> <span class='ocrx_word' id='word_1_102' title='bbox 3347 747 3444 798; x_wconf 72' lang='grc' dir='ltr'><strong>καὶ</strong></span> <span class='ocrx_word' id='word_1_103' title='bbox 3507 745 3604 796; x_wconf 76' lang='grc' dir='ltr'><strong>ἐπὶ</strong></span> <span class='ocrx_word' id='word_1_104' title='bbox 3631 744 3746 812; x_wconf 71' lang='grc' dir='ltr'>τῆςι</span> 
     </span>
    </p>
   </div>
   <div class='ocr_carea' id='block_1_18' title="bbox 2134 837 3723 920">
    <p class='ocr_par' dir='ltr' id='par_1_18' title="bbox 2134 837 3723 920">
     <span class='ocr_line' id='line_1_18' title="bbox 2134 837 3723 920; baseline -0.011 -17"><span class='ocrx_word' id='word_1_105' title='bbox 2134 848 2371 920; x_wconf 75' lang='grc' dir='ltr'>γαστρὸς</span> <span class='ocrx_word' id='word_1_106' title='bbox 2421 845 2568 899; x_wconf 75' lang='grc' dir='ltr'>ἐστιν</span> <span class='ocrx_word' id='word_1_107' title='bbox 2599 845 2747 910; x_wconf 88' lang='grc' dir='ltr'>ἰδεῖν,</span> <span class='ocrx_word' id='word_1_108' title='bbox 2788 841 2973 905; x_wconf 87' lang='grc' dir='ltr'>καθὼς</span> <span class='ocrx_word' id='word_1_109' title='bbox 3007 840 3180 910; x_wconf 61' lang='grc' dir='ltr'>ἔφθην</span> <span class='ocrx_word' id='word_1_110' title='bbox 3217 837 3418 903; x_wconf 80' lang='grc' dir='ltr'>εἰπὼν,</span> <span class='ocrx_word' id='word_1_111' title='bbox 3469 837 3561 889; x_wconf 78' lang='grc' dir='ltr'>ὅτι</span> <span class='ocrx_word' id='word_1_112' title='bbox 3594 852 3723 886; x_wconf 77' lang='grc' dir='ltr'>παν-</span> 
     </span>
    </p>
   </div>
   <div class='ocr_carea' id='block_1_19' title="bbox 2134 922 3722 1009">
    <p class='ocr_par' dir='ltr' id='par_1_19' title="bbox 2134 922 3722 1009">
     <span class='ocr_line' id='line_1_19' title="bbox 2134 922 3722 1009; baseline -0.011 -17"><span class='ocrx_word' id='word_1_113' title='bbox 2134 939 2362 1009; x_wconf 86' lang='grc' dir='ltr'>ταχόθεν</span> <span class='ocrx_word' id='word_1_114' title='bbox 2426 935 2738 1007; x_wconf 87' lang='grc' dir='ltr'>περίκειται</span> <span class='ocrx_word' id='word_1_115' title='bbox 2799 932 2938 1002; x_wconf 81' lang='grc' dir='ltr'>αὐτῇ</span> <span class='ocrx_word' id='word_1_116' title='bbox 2991 930 3051 982; x_wconf 83' lang='grc' dir='ltr'>τὸ</span> <span class='ocrx_word' id='word_1_117' title='bbox 3104 928 3336 981; x_wconf 77' lang='grc' dir='ltr'>ἕπιπλον</span> <span class='ocrx_word' id='word_1_118' title='bbox 3409 927 3514 978; x_wconf 71' lang='grc' dir='ltr'><strong>καὶ</strong></span> <span class='ocrx_word' id='word_1_119' title='bbox 3577 925 3639 976; x_wconf 74' lang='grc' dir='ltr'>τὸ</span> <span class='ocrx_word' id='word_1_120' title='bbox 3679 922 3722 954; x_wconf 73' lang='grc'><strong>⁸³</strong></span> 
     </span>
    </p>
   </div>
   <div class='ocr_carea' id='block_1_20' title="bbox 2146 1017 3722 1100">
    <p class='ocr_par' dir='ltr' id='par_1_20' title="bbox 2146 1017 3722 1100">
     <span class='ocr_line' id='line_1_20' title="bbox 2146 1017 3722 1100; baseline -0.009 -18"><span class='ocrx_word' id='word_1_121' title='bbox 2146 1027 2491 1100; x_wconf 82' lang='grc' dir='ltr'><strong>περιτόναιον</strong></span> <span class='ocrx_word' id='word_1_122' title='bbox 2537 1026 2674 1096; x_wconf 84' lang='grc' dir='ltr'>πρὸς</span> <span class='ocrx_word' id='word_1_123' title='bbox 2721 1022 2993 1092; x_wconf 76' lang='grc' dir='ltr'>φυλακήν.</span> <span class='ocrx_word' id='word_1_124' title='bbox 3034 1021 3144 1074; x_wconf 84' lang='grc' dir='ltr'><strong>Καὶ</strong></span> <span class='ocrx_word' id='word_1_125' title='bbox 3181 1019 3350 1074; x_wconf 81' lang='grc' dir='ltr'>πάλιν</span> <span class='ocrx_word' id='word_1_126' title='bbox 3381 1017 3622 1097; x_wconf 68' lang='grc' dir='ltr'>ἔσωθεν,</span> <span class='ocrx_word' id='word_1_127' title='bbox 3672 1019 3722 1068; x_wconf 76' lang='grc' dir='ltr'>ἐν</span> 
     </span>
    </p>
   </div>
   <div class='ocr_carea' id='block_1_21' title="bbox 2147 1105 3724 1184">
    <p class='ocr_par' dir='ltr' id='par_1_21' title="bbox 2147 1105 3724 1184">
     <span class='ocr_line' id='line_1_21' title="bbox 2147 1105 3724 1184; baseline -0.008 -15"><span class='ocrx_word' id='word_1_128' title='bbox 2147 1108 2277 1184; x_wconf 79' lang='grc' dir='ltr'>ᾧτὰ</span> <span class='ocrx_word' id='word_1_129' title='bbox 2307 1111 2705 1184; x_wconf 83' lang='grc' dir='ltr'>περιττώματα</span> <span class='ocrx_word' id='word_1_130' title='bbox 2734 1113 2930 1176; x_wconf 81' lang='grc' dir='ltr'>κεῖται,</span> <span class='ocrx_word' id='word_1_131' title='bbox 2960 1109 3281 1178; x_wconf 64' lang='grc' dir='ltr'>ἐπεκλάσθη</span> <span class='ocrx_word' id='word_1_132' title='bbox 3309 1108 3407 1160; x_wconf 76' lang='grc' dir='ltr'><strong>καὶ</strong></span> <span class='ocrx_word' id='word_1_133' title='bbox 3441 1105 3614 1176; x_wconf 70' lang='grc' dir='ltr'>αὑτὴ,</span> <span class='ocrx_word' id='word_1_134' title='bbox 3637 1109 3724 1158; x_wconf 74' lang='grc' dir='ltr'><strong>καὶ</strong></span> 
     </span>
    </p>
   </div>
   <div class='ocr_carea' id='block_1_22' title="bbox 2141 1198 3723 1278">
    <p class='ocr_par' dir='ltr' id='par_1_22' title="bbox 2141 1198 3723 1278">
     <span class='ocr_line' id='line_1_22' title="bbox 2141 1198 3723 1278; baseline -0.004 -18"><span class='ocrx_word' id='word_1_135' title='bbox 2141 1205 2521 1278; x_wconf 84' lang='grc' dir='ltr'>περιεγανώθη</span> <span class='ocrx_word' id='word_1_136' title='bbox 2549 1204 2752 1275; x_wconf 76' lang='grc' dir='ltr'>ὁμοίως</span> <span class='ocrx_word' id='word_1_137' title='bbox 2779 1204 2892 1266; x_wconf 87' lang='grc' dir='ltr'>τοῖς</span> <span class='ocrx_word' id='word_1_138' title='bbox 2918 1203 3178 1274; x_wconf 75' lang='grc' dir='ltr'>ἐντέροις,</span> <span class='ocrx_word' id='word_1_139' title='bbox 3219 1200 3306 1254; x_wconf 68' lang='grc' dir='ltr'><strong>διὰ</strong></span> <span class='ocrx_word' id='word_1_140' title='bbox 3350 1200 3456 1269; x_wconf 79' lang='grc' dir='ltr'>τὴν</span> <span class='ocrx_word' id='word_1_141' title='bbox 3495 1198 3723 1268; x_wconf 62' lang='grc' dir='ltr'>εἰρημέ-</span> 
     </span>
    </p>
   </div>
   <div class='ocr_carea' id='block_1_23' title="bbox 2141 1297 2474 1368">
    <p class='ocr_par' dir='ltr' id='par_1_23' title="bbox 2141 1297 2474 1368">
     <span class='ocr_line' id='line_1_23' title="bbox 2141 1297 2474 1368; baseline -0.003 -18"><span class='ocrx_word' id='word_1_142' title='bbox 2141 1314 2238 1368; x_wconf 86' lang='grc' dir='ltr'><strong>νην</strong></span> <span class='ocrx_word' id='word_1_143' title='bbox 2272 1297 2474 1352; x_wconf 83' lang='grc' dir='ltr'>αἰτίαν.</span> 
     </span>
    </p>
   </div>
   <div class='ocr_carea' id='block_1_24' title="bbox 459 1388 3728 1470">
    <p class='ocr_par' dir='ltr' id='par_1_24' title="bbox 459 1388 3728 1470">
     <span class='ocr_line' id='line_1_24' title="bbox 459 1388 3728 1470; baseline -0.005 -18"><span class='ocrx_word' id='word_1_144' title='bbox 459 1409 570 1452; x_wconf 87' lang='lat' dir='ltr'><strong>tur.</strong></span> <span class='ocrx_word' id='word_1_145' title='bbox 602 1399 685 1453; x_wconf 84' lang='lat' dir='ltr'><strong>Ad</strong></span> <span class='ocrx_word' id='word_1_146' title='bbox 717 1400 853 1464; x_wconf 68' lang='lat' dir='ltr'><strong>haec,</strong></span> <span class='ocrx_word' id='word_1_147' title='bbox 913 1411 968 1456; x_wconf 86' lang='lat' dir='ltr'><strong>et</strong></span> <span class='ocrx_word' id='word_1_148' title='bbox 1015 1409 1226 1466; x_wconf 85' lang='lat' dir='ltr'><strong>venter,</strong></span> <span class='ocrx_word' id='word_1_149' title='bbox 1291 1415 1322 1454; x_wconf 85' lang='lat' dir='ltr'><strong>a</strong></span> <span class='ocrx_word' id='word_1_150' title='bbox 1373 1415 1483 1470; x_wconf 91' lang='lat' dir='ltr'><strong>quo</strong></span> <span class='ocrx_word' id='word_1_151' title='bbox 1529 1409 1878 1456; x_wconf 77' lang='lat' dir='ltr'><strong>excrementa</strong></span> <span class='ocrx_word' id='word_1_152' title='bbox 1961 1397 2335 1461; x_wconf 77' lang='lat' dir='ltr'><strong>continentur,</strong></span> <span class='ocrx_word' id='word_1_153' title='bbox 2405 1389 2638 1446; x_wconf 90' lang='lat' dir='ltr'><strong>interius</strong></span> <span class='ocrx_word' id='word_1_154' title='bbox 2672 1388 2987 1459; x_wconf 73' lang='lat' dir='ltr'><strong>huiusmodi</strong></span> <span class='ocrx_word' id='word_1_155' title='bbox 3042 1388 3475 1450; x_wconf 83' lang='lat' dir='ltr'><strong>oblectamenta,</strong></span> <span class='ocrx_word' id='word_1_156' title='bbox 3522 1397 3650 1454; x_wconf 65' lang='lat' dir='ltr'><strong>quae</strong></span> <span class='ocrx_word' id='word_1_157' title='bbox 3683 1390 3728 1436; x_wconf 74' lang='lat' dir='ltr'><strong>et</strong></span> 
     </span>
    </p>
   </div>
   <div class='ocr_carea' id='block_1_25' title="bbox 458 1477 3727 1560">
    <p class='ocr_par' dir='ltr' id='par_1_25' title="bbox 458 1477 3727 1560">
     <span class='ocr_line' id='line_1_25' title="bbox 458 1477 3727 1560; baseline -0.005 -15"><span class='ocrx_word' id='word_1_158' title='bbox 458 1491 740 1553; x_wconf 87' lang='lat' dir='ltr'><strong>intestina,</strong></span> <span class='ocrx_word' id='word_1_159' title='bbox 772 1506 804 1544; x_wconf 91' lang='lat' dir='ltr'><strong>a</strong></span> <span class='ocrx_word' id='word_1_160' title='bbox 838 1489 1005 1544; x_wconf 88' lang='lat' dir='ltr'><strong>simili</strong></span> <span class='ocrx_word' id='word_1_161' title='bbox 1043 1490 1276 1544; x_wconf 84' lang='lat' dir='ltr'><strong>materia</strong></span> <span class='ocrx_word' id='word_1_162' title='bbox 1306 1491 1375 1544; x_wconf 91' lang='lat' dir='ltr'><strong>ob</strong></span> <span class='ocrx_word' id='word_1_163' title='bbox 1408 1505 1528 1545; x_wconf 91' lang='lat' dir='ltr'><strong>eam</strong></span> <span class='ocrx_word' id='word_1_164' title='bbox 1579 1505 1745 1560; x_wconf 90' lang='lat' dir='ltr'><strong>quam</strong></span> <span class='ocrx_word' id='word_1_165' title='bbox 1792 1489 2032 1544; x_wconf 78' lang='lat' dir='ltr'><strong>diximus</strong></span> <span class='ocrx_word' id='word_1_166' title='bbox 2105 1500 2327 1542; x_wconf 84' lang='lat' dir='ltr'><strong>causam</strong></span> <span class='ocrx_word' id='word_1_167' title='bbox 2405 1481 2588 1538; x_wconf 86' lang='lat' dir='ltr'><strong>sentit.</strong></span> <span class='ocrx_word' id='word_1_168' title='bbox 2632 1479 2921 1545; x_wconf 69' lang='lat' dir='ltr'><strong>Praeterea,</strong></span> <span class='ocrx_word' id='word_1_169' title='bbox 2971 1480 3286 1542; x_wconf 87' lang='lat' dir='ltr'><strong>intestinum</strong></span> <span class='ocrx_word' id='word_1_170' title='bbox 3327 1479 3496 1543; x_wconf 90' lang='lat' dir='ltr'><strong>illud,</strong></span> <span class='ocrx_word' id='word_1_171' title='bbox 3544 1477 3602 1530; x_wconf 90' lang='lat' dir='ltr'><strong>in</strong></span> <span class='ocrx_word' id='word_1_172' title='bbox 3632 1491 3727 1545; x_wconf 86' lang='lat' dir='ltr'><strong>quo</strong></span> 
     </span>
    </p>
   </div>
   <div class='ocr_carea' id='block_1_26' title="bbox 455 1577 2866 1654">
    <p class='ocr_par' dir='ltr' id='par_1_26' title="bbox 455 1577 2866 1654">
     <span class='ocr_line' id='line_1_26' title="bbox 455 1577 2866 1654; baseline -0.002 -18"><span class='ocrx_word' id='word_1_173' title='bbox 455 1581 861 1638; x_wconf 87' lang='lat' dir='ltr'><strong>excrementitia</strong></span> <span class='ocrx_word' id='word_1_174' title='bbox 909 1582 1135 1638; x_wconf 86' lang='lat' dir='ltr'><strong>materia</strong></span> <span class='ocrx_word' id='word_1_175' title='bbox 1190 1583 1364 1652; x_wconf 85' lang='lat' dir='ltr'><strong>posita</strong></span> <span class='ocrx_word' id='word_1_176' title='bbox 1451 1591 1580 1650; x_wconf 88' lang='lat' dir='ltr'><strong>est,</strong></span> <span class='ocrx_word' id='word_1_177' title='bbox 1633 1584 1922 1654; x_wconf 87' lang='lat' dir='ltr'><strong>obseptum</strong></span> <span class='ocrx_word' id='word_1_178' title='bbox 2016 1581 2346 1638; x_wconf 89' lang='lat' dir='ltr'><strong>intrinsecus</strong></span> <span class='ocrx_word' id='word_1_179' title='bbox 2427 1577 2866 1646; x_wconf 84' lang='lat' dir='ltr'><strong>obductumque,</strong></span> 
     </span>
    </p>
   </div>
   <div class='ocr_carea' id='block_1_27' title="bbox 454 1673 2030 1746">
    <p class='ocr_par' dir='ltr' id='par_1_27' title="bbox 454 1673 2030 1746">
     <span class='ocr_line' id='line_1_27' title="bbox 454 1673 2030 1746; baseline 0.001 -19"><span class='ocrx_word' id='word_1_180' title='bbox 454 1673 671 1730; x_wconf 88' lang='lat' dir='ltr'><strong>testinis</strong></span> <span class='ocrx_word' id='word_1_181' title='bbox 719 1674 979 1737; x_wconf 90' lang='lat' dir='ltr'><strong>diximus,</strong></span> <span class='ocrx_word' id='word_1_182' title='bbox 1029 1674 1343 1745; x_wconf 86' lang='lat' dir='ltr'><strong>hujusmodi</strong></span> <span class='ocrx_word' id='word_1_183' title='bbox 1394 1675 1725 1746; x_wconf 85' lang='lat' dir='ltr'><strong>pinguedine</strong></span> <span class='ocrx_word' id='word_1_184' title='bbox 1765 1677 2030 1732; x_wconf 88' lang='lat' dir='ltr'><strong>cernitur.</strong></span> 
     </span>
    </p>
   </div>
   <div class='ocr_carea' id='block_1_28' title="bbox 2949 1569 3730 1645">
    <p class='ocr_par' dir='ltr' id='par_1_28' title="bbox 2949 1569 3730 1645">
     <span class='ocr_line' id='line_1_28' title="bbox 2949 1569 3730 1645; baseline -0.008 -16"><span class='ocrx_word' id='word_1_185' title='bbox 2949 1573 3414 1645; x_wconf 84' lang='lat' dir='ltr'><strong>quemadmodum</strong></span> <span class='ocrx_word' id='word_1_186' title='bbox 3488 1569 3568 1626; x_wconf 86' lang='lat' dir='ltr'><strong>de</strong></span> <span class='ocrx_word' id='word_1_187' title='bbox 3620 1569 3730 1623; x_wconf 68' lang='lat' dir='ltr'><strong>.ino</strong></span> 
     </span>
    </p>
   </div>
   <div class='ocr_carea' id='block_1_29' title="bbox 527 1756 2030 1837">
    <p class='ocr_par' dir='ltr' id='par_1_29' title="bbox 527 1767 2030 1837">
     <span class='ocr_line' id='line_1_29' title="bbox 527 1767 2030 1837; baseline 0.002 -17"><span class='ocrx_word' id='word_1_188' title='bbox 527 1768 710 1837; x_wconf 88' lang='lat' dir='ltr'><strong>Itaque</strong></span> <span class='ocrx_word' id='word_1_189' title='bbox 735 1782 950 1822; x_wconf 87' lang='lat' dir='ltr'><strong>summa</strong></span> <span class='ocrx_word' id='word_1_190' title='bbox 967 1768 1244 1823; x_wconf 88' lang='lat' dir='ltr'><strong>Creatoris</strong></span> <span class='ocrx_word' id='word_1_191' title='bbox 1262 1769 1758 1837; x_wconf 88' lang='lat' dir='ltr'><strong>providentia,cum</strong></span> <span class='ocrx_word' id='word_1_192' title='bbox 1787 1767 2030 1824; x_wconf 88' lang='lat' dir='ltr'><strong>animad-</strong></span> 
     </span>
    </p>
   </div>
   <div class='ocr_carea' id='block_1_30' title="bbox 2136 1756 3729 1837">
    <p class='ocr_par' dir='ltr' id='par_1_30' title="bbox 2211 1756 3729 1834">
     <span class='ocr_line' id='line_1_30' title="bbox 2211 1756 3729 1834; baseline -0.005 -17"><span class='ocrx_word' id='word_1_193' title='bbox 2211 1763 2616 1834; x_wconf 81' lang='grc' dir='ltr'>Γινώσκουσαή</span> <span class='ocrx_word' id='word_1_194' title='bbox 2670 1760 3064 1834; x_wconf 81' lang='grc' dir='ltr'>δημιουργικὴ,</span> <span class='ocrx_word' id='word_1_195' title='bbox 3125 1758 3324 1830; x_wconf 75' lang='grc' dir='ltr'>μᾶλλον</span> <span class='ocrx_word' id='word_1_196' title='bbox 3361 1758 3424 1811; x_wconf 84' lang='grc' dir='ltr'>δὲ</span> <span class='ocrx_word' id='word_1_197' title='bbox 3484 1756 3729 1827; x_wconf 70' lang='grc' dir='ltr'>κηδεμο-</span> 
     </span>
    </p>
   </div>
   <div class='ocr_carea' id='block_1_31' title="bbox 456 1859 2038 1929">
    <p class='ocr_par' dir='ltr' id='par_1_31' title="bbox 456 1859 2038 1929">
     <span class='ocr_line' id='line_1_31' title="bbox 456 1859 2038 1929; baseline 0.003 -19"><span class='ocrx_word' id='word_1_198' title='bbox 456 1867 728 1922; x_wconf 84' lang='lat' dir='ltr'><strong>verteret,</strong></span> <span class='ocrx_word' id='word_1_199' title='bbox 778 1867 960 1929; x_wconf 88' lang='lat' dir='ltr'><strong>partes</strong></span> <span class='ocrx_word' id='word_1_200' title='bbox 1013 1859 1192 1914; x_wconf 83' lang='lat' dir='ltr'><strong>nervis</strong></span> <span class='ocrx_word' id='word_1_201' title='bbox 1242 1859 1472 1922; x_wconf 83' lang='lat' dir='ltr'><strong>obsitas,</strong></span> <span class='ocrx_word' id='word_1_202' title='bbox 1507 1875 1574 1916; x_wconf 89' lang='lat' dir='ltr'><strong>ex</strong></span> <span class='ocrx_word' id='word_1_203' title='bbox 1606 1860 1816 1916; x_wconf 86' lang='lat' dir='ltr'><strong>acerbis</strong></span> <span class='ocrx_word' id='word_1_204' title='bbox 1842 1859 2038 1914; x_wconf 90' lang='lat' dir='ltr'><strong>humo-</strong></span> 
     </span>
    </p>
   </div>
   <div class='ocr_carea' id='block_1_32' title="bbox 453 1949 2033 2020">
    <p class='ocr_par' dir='ltr' id='par_1_32' title="bbox 453 1949 2033 2020">
     <span class='ocr_line' id='line_1_32' title="bbox 453 1949 2033 2020; baseline 0.001 -17"><span class='ocrx_word' id='word_1_205' title='bbox 453 1949 610 2004; x_wconf 90' lang='lat' dir='ltr'><strong>ribus</strong></span> <span class='ocrx_word' id='word_1_206' title='bbox 643 1963 927 2005; x_wconf 90' lang='lat' dir='ltr'><strong>remorsus</strong></span> <span class='ocrx_word' id='word_1_207' title='bbox 955 1950 1246 2020; x_wconf 82' lang='lat' dir='ltr'><strong>patientes,</strong></span> <span class='ocrx_word' id='word_1_208' title='bbox 1279 1949 1498 2006; x_wconf 85' lang='lat' dir='ltr'><strong>dolores</strong></span> <span class='ocrx_word' id='word_1_209' title='bbox 1539 1949 1711 2006; x_wconf 81' lang='lat' dir='ltr'><strong>fuisse</strong></span> <span class='ocrx_word' id='word_1_210' title='bbox 1753 1964 2033 2014; x_wconf 89' lang='lat' dir='ltr'><strong>sensuras,</strong></span> 
     </span>
    </p>
   </div>
   <div class='ocr_carea' id='block_1_33' title="bbox 454 2041 2032 2112">
    <p class='ocr_par' dir='ltr' id='par_1_33' title="bbox 454 2041 2032 2112">
     <span class='ocr_line' id='line_1_33' title="bbox 454 2041 2032 2112; baseline 0 -16"><span class='ocrx_word' id='word_1_211' title='bbox 454 2057 521 2096; x_wconf 86' lang='lat' dir='ltr'><strong>ac</strong></span> <span class='ocrx_word' id='word_1_212' title='bbox 570 2041 773 2097; x_wconf 85' lang='lat' dir='ltr'><strong>animal</strong></span> <span class='ocrx_word' id='word_1_213' title='bbox 824 2042 950 2097; x_wconf 87' lang='lat' dir='ltr'><strong>inde</strong></span> <span class='ocrx_word' id='word_1_214' title='bbox 994 2043 1173 2112; x_wconf 82' lang='lat' dir='ltr'><strong>ipsum</strong></span> <span class='ocrx_word' id='word_1_215' title='bbox 1202 2043 1392 2097; x_wconf 84' lang='lat' dir='ltr'><strong>iisdem</strong></span> <span class='ocrx_word' id='word_1_216' title='bbox 1425 2044 1707 2099; x_wconf 84' lang='lat' dir='ltr'><strong>doloribus</strong></span> <span class='ocrx_word' id='word_1_217' title='bbox 1737 2043 2032 2098; x_wconf 87' lang='lat' dir='ltr'><strong>obnoxium</strong></span> 
     </span>
    </p>
   </div>
   <div class='ocr_carea' id='block_1_34' title="bbox 452 2131 2035 2203">
    <p class='ocr_par' dir='ltr' id='par_1_34' title="bbox 452 2131 2035 2203">
     <span class='ocr_line' id='line_1_34' title="bbox 452 2131 2035 2203; baseline 0.002 -17"><span class='ocrx_word' id='word_1_218' title='bbox 452 2131 726 2198; x_wconf 82' lang='lat' dir='ltr'><strong>futurum,</strong></span> <span class='ocrx_word' id='word_1_219' title='bbox 779 2133 888 2189; x_wconf 88' lang='lat' dir='ltr'><strong>illis</strong></span> <span class='ocrx_word' id='word_1_220' title='bbox 914 2149 1038 2203; x_wconf 60' lang='lat' dir='ltr'><strong>quae</strong></span> <span class='ocrx_word' id='word_1_221' title='bbox 1069 2133 1402 2189; x_wconf 81' lang='lat' dir='ltr'><strong>adduximus</strong></span> <span class='ocrx_word' id='word_1_222' title='bbox 1447 2135 1846 2190; x_wconf 76' lang='lat' dir='ltr'><strong>oblectamenta</strong></span> <span class='ocrx_word' id='word_1_223' title='bbox 1880 2133 2035 2190; x_wconf 87' lang='lat' dir='ltr'><strong>adbi-</strong></span> 
     </span>
    </p>
   </div>
   <div class='ocr_carea' id='block_1_35' title="bbox 454 2226 2036 2295">
    <p class='ocr_par' dir='ltr' id='par_1_35' title="bbox 454 2226 2036 2295">
     <span class='ocr_line' id='line_1_35' title="bbox 454 2226 2036 2295; baseline -0.001 -14"><span class='ocrx_word' id='word_1_224' title='bbox 454 2227 591 2282; x_wconf 88' lang='lat' dir='ltr'><strong>buit.</strong></span> <span class='ocrx_word' id='word_1_225' title='bbox 619 2226 909 2292; x_wconf 65' lang='lat' dir='ltr'><strong>Praeterea,</strong></span> <span class='ocrx_word' id='word_1_226' title='bbox 948 2241 1071 2281; x_wconf 91' lang='lat' dir='ltr'><strong>cum</strong></span> <span class='ocrx_word' id='word_1_227' title='bbox 1097 2226 1350 2280; x_wconf 85' lang='lat' dir='ltr'><strong>animalis</strong></span> <span class='ocrx_word' id='word_1_228' title='bbox 1384 2241 1570 2280; x_wconf 88' lang='lat' dir='ltr'><strong>curam</strong></span> <span class='ocrx_word' id='word_1_229' title='bbox 1611 2233 1846 2295; x_wconf 81' lang='lat' dir='ltr'><strong>gereret,</strong></span> <span class='ocrx_word' id='word_1_230' title='bbox 1886 2239 2036 2280; x_wconf 87' lang='lat' dir='ltr'><strong>mea-</strong></span> 
     </span>
    </p>
   </div>
   <div class='ocr_carea' id='block_1_36' title="bbox 456 2315 2030 2387">
    <p class='ocr_par' dir='ltr' id='par_1_36' title="bbox 456 2315 2030 2387">
     <span class='ocr_line' id='line_1_36' title="bbox 456 2315 2030 2387; baseline -0.003 -15"><span class='ocrx_word' id='word_1_231' title='bbox 456 2327 567 2384; x_wconf 91' lang='lat' dir='ltr'><strong>tus,</strong></span> <span class='ocrx_word' id='word_1_232' title='bbox 620 2317 688 2372; x_wconf 90' lang='lat' dir='ltr'><strong>ad</strong></span> <span class='ocrx_word' id='word_1_233' title='bbox 739 2319 1090 2387; x_wconf 83' lang='lat' dir='ltr'><strong>aquaeductus</strong></span> <span class='ocrx_word' id='word_1_234' title='bbox 1123 2315 1558 2377; x_wconf 85' lang='lat' dir='ltr'><strong>similitudinem,</strong></span> <span class='ocrx_word' id='word_1_235' title='bbox 1593 2315 1871 2385; x_wconf 84' lang='lat' dir='ltr'><strong>impertita</strong></span> <span class='ocrx_word' id='word_1_236' title='bbox 1915 2324 2030 2382; x_wconf 92' lang='lat' dir='ltr'><strong>est;</strong></span> 
     </span>
    </p>
   </div>
   <div class='ocr_carea' id='block_1_37' title="bbox 455 2403 2033 2477">
    <p class='ocr_par' dir='ltr' id='par_1_37' title="bbox 455 2403 2033 2477">
     <span class='ocr_line' id='line_1_37' title="bbox 455 2403 2033 2477; baseline -0.002 -15"><span class='ocrx_word' id='word_1_237' title='bbox 455 2406 662 2477; x_wconf 89' lang='lat' dir='ltr'><strong>quibus</strong></span> <span class='ocrx_word' id='word_1_238' title='bbox 708 2407 960 2476; x_wconf 88' lang='lat' dir='ltr'><strong>corporis</strong></span> <span class='ocrx_word' id='word_1_239' title='bbox 1003 2404 1417 2460; x_wconf 87' lang='lat' dir='ltr'><strong>excrementitia</strong></span> <span class='ocrx_word' id='word_1_240' title='bbox 1476 2404 1707 2458; x_wconf 86' lang='lat' dir='ltr'><strong>materia</strong></span> <span class='ocrx_word' id='word_1_241' title='bbox 1767 2403 2033 2475; x_wconf 61' lang='lat' dir='ltr'><strong>fascesque</strong></span> 
     </span>
    </p>
   </div>
   <div class='ocr_carea' id='block_1_38' title="bbox 454 2493 2032 2565">
    <p class='ocr_par' dir='ltr' id='par_1_38' title="bbox 454 2493 2032 2565">
     <span class='ocr_line' id='line_1_38' title="bbox 454 2493 2032 2565; baseline -0.003 -13"><span class='ocrx_word' id='word_1_242' title='bbox 454 2497 896 2553; x_wconf 80' lang='lat' dir='ltr'><strong>exhaurirentur.</strong></span> <span class='ocrx_word' id='word_1_243' title='bbox 919 2494 1000 2550; x_wconf 83' lang='lat' dir='ltr'><strong>Ad</strong></span> <span class='ocrx_word' id='word_1_244' title='bbox 1023 2496 1159 2558; x_wconf 67' lang='lat' dir='ltr'><strong>haec,</strong></span> <span class='ocrx_word' id='word_1_245' title='bbox 1194 2509 1318 2548; x_wconf 91' lang='lat' dir='ltr'><strong>cum</strong></span> <span class='ocrx_word' id='word_1_246' title='bbox 1345 2504 1553 2548; x_wconf 74' lang='lat' dir='ltr'><strong>natura:</strong></span> <span class='ocrx_word' id='word_1_247' title='bbox 1571 2493 1677 2564; x_wconf 86' lang='lat' dir='ltr'><strong>ipsi</strong></span> <span class='ocrx_word' id='word_1_248' title='bbox 1693 2503 2032 2565; x_wconf 88' lang='lat' dir='ltr'><strong>perspectum</strong></span> 
     </span>
    </p>
   </div>
   <div class='ocr_carea' id='block_1_39' title="bbox 456 2585 2036 2659">
    <p class='ocr_par' dir='ltr' id='par_1_39' title="bbox 456 2585 2036 2659">
     <span class='ocr_line' id='line_1_39' title="bbox 456 2585 2036 2659; baseline 0.002 -16"><span class='ocrx_word' id='word_1_249' title='bbox 456 2589 642 2653; x_wconf 81' lang='lat' dir='ltr'><strong>fuerit,</strong></span> <span class='ocrx_word' id='word_1_250' title='bbox 687 2589 1002 2644; x_wconf 81' lang='lat' dir='ltr'><strong>alimentum</strong></span> <span class='ocrx_word' id='word_1_251' title='bbox 1077 2601 1188 2658; x_wconf 88' lang='lat' dir='ltr'><strong>quo</strong></span> <span class='ocrx_word' id='word_1_252' title='bbox 1238 2585 1490 2653; x_wconf 76' lang='lat' dir='ltr'><strong>fruimur,</strong></span> <span class='ocrx_word' id='word_1_253' title='bbox 1559 2595 1616 2641; x_wconf 91' lang='lat' dir='ltr'><strong>et</strong></span> <span class='ocrx_word' id='word_1_254' title='bbox 1664 2603 1775 2658; x_wconf 91' lang='lat' dir='ltr'><strong>quo</strong></span> <span class='ocrx_word' id='word_1_255' title='bbox 1835 2604 2036 2659; x_wconf 88' lang='lat' dir='ltr'><strong>corpus</strong></span> 
     </span>
    </p>
   </div>
   <div class='ocr_carea' id='block_1_40' title="bbox 456 2679 2035 2752">
    <p class='ocr_par' dir='ltr' id='par_1_40' title="bbox 456 2679 2035 2752">
     <span class='ocr_line' id='line_1_40' title="bbox 456 2679 2035 2752; baseline 0 -16"><span class='ocrx_word' id='word_1_256' title='bbox 456 2690 704 2736; x_wconf 88' lang='lat' dir='ltr'><strong>nostrum</strong></span> <span class='ocrx_word' id='word_1_257' title='bbox 768 2680 990 2752; x_wconf 86' lang='lat' dir='ltr'><strong>proprio</strong></span> <span class='ocrx_word' id='word_1_258' title='bbox 1045 2694 1109 2735; x_wconf 90' lang='lat' dir='ltr'><strong>ac</strong></span> <span class='ocrx_word' id='word_1_259' title='bbox 1157 2679 1415 2749; x_wconf 82' lang='lat' dir='ltr'><strong>peculiari</strong></span> <span class='ocrx_word' id='word_1_260' title='bbox 1471 2679 1667 2744; x_wconf 89' lang='lat' dir='ltr'><strong>utitur,</strong></span> <span class='ocrx_word' id='word_1_261' title='bbox 1720 2696 2035 2736; x_wconf 84' lang='lat' dir='ltr'><strong>excremen-</strong></span> 
     </span>
    </p>
   </div>
   <div class='ocr_carea' id='block_1_41' title="bbox 457 2768 2032 2840">
    <p class='ocr_par' dir='ltr' id='par_1_41' title="bbox 457 2768 2032 2840">
     <span class='ocr_line' id='line_1_41' title="bbox 457 2768 2032 2840; baseline -0.001 -14"><span class='ocrx_word' id='word_1_262' title='bbox 457 2772 594 2828; x_wconf 70' lang='lat' dir='ltr'><strong>titia:</strong></span> <span class='ocrx_word' id='word_1_263' title='bbox 649 2771 892 2827; x_wconf 73' lang='lat' dir='ltr'><strong>materia:</strong></span> <span class='ocrx_word' id='word_1_264' title='bbox 941 2769 1190 2825; x_wconf 85' lang='lat' dir='ltr'><strong>nonnihil</strong></span> <span class='ocrx_word' id='word_1_265' title='bbox 1240 2768 1578 2834; x_wconf 89' lang='lat' dir='ltr'><strong>habiturum,</strong></span> <span class='ocrx_word' id='word_1_266' title='bbox 1623 2769 1788 2840; x_wconf 88' lang='lat' dir='ltr'><strong>hujus</strong></span> <span class='ocrx_word' id='word_1_267' title='bbox 1837 2771 2032 2839; x_wconf 79' lang='lat' dir='ltr'><strong>gratia,</strong></span> 
     </span>
    </p>
   </div>
   <div class='ocr_carea' id='block_1_42' title="bbox 457 2859 2036 2933">
    <p class='ocr_par' dir='ltr' id='par_1_42' title="bbox 457 2859 2036 2933">
     <span class='ocr_line' id='line_1_42' title="bbox 457 2859 2036 2933; baseline 0.001 -17"><span class='ocrx_word' id='word_1_268' title='bbox 457 2871 672 2918; x_wconf 88' lang='lat' dir='ltr'><strong>meatus</strong></span> <span class='ocrx_word' id='word_1_269' title='bbox 724 2861 874 2933; x_wconf 84' lang='lat' dir='ltr'><strong>ipsos</strong></span> <span class='ocrx_word' id='word_1_270' title='bbox 919 2861 1107 2916; x_wconf 89' lang='lat' dir='ltr'><strong>molita</strong></span> <span class='ocrx_word' id='word_1_271' title='bbox 1141 2869 1256 2926; x_wconf 89' lang='lat' dir='ltr'><strong>est;</strong></span> <span class='ocrx_word' id='word_1_272' title='bbox 1303 2859 1763 2930; x_wconf 87' lang='lat' dir='ltr'><strong>quemadmodum</strong></span> <span class='ocrx_word' id='word_1_273' title='bbox 1790 2861 2036 2932; x_wconf 88' lang='lat' dir='ltr'><strong>plerique</strong></span> 
     </span>
    </p>
   </div>
   <div class='ocr_carea' id='block_1_43' title="bbox 2146 1848 3732 1927">
    <p class='ocr_par' dir='ltr' id='par_1_43' title="bbox 2146 1848 3732 1927">
     <span class='ocr_line' id='line_1_43' title="bbox 2146 1848 3732 1927; baseline -0.007 -17"><span class='ocrx_word' id='word_1_274' title='bbox 2146 1856 2327 1927; x_wconf 72' lang='grc' dir='ltr'><strong>νικὴ⁸⁸</strong></span> <span class='ocrx_word' id='word_1_275' title='bbox 2365 1856 2548 1926; x_wconf 85' lang='grc' dir='ltr'>φύσις,</span> <span class='ocrx_word' id='word_1_276' title='bbox 2579 1856 2660 1908; x_wconf 80' lang='grc' dir='ltr'>ὅτι</span> <span class='ocrx_word' id='word_1_277' title='bbox 2685 1855 2752 1908; x_wconf 82' lang='grc' dir='ltr'>τὰ</span> <span class='ocrx_word' id='word_1_278' title='bbox 2776 1852 3019 1924; x_wconf 84' lang='grc' dir='ltr'><strong>νευρώδη</strong></span> <span class='ocrx_word' id='word_1_279' title='bbox 3049 1854 3213 1922; x_wconf 86' lang='grc' dir='ltr'>μόρια</span> <span class='ocrx_word' id='word_1_280' title='bbox 3243 1850 3352 1904; x_wconf 75' lang='grc' dir='ltr'>ὑπὸ</span> <span class='ocrx_word' id='word_1_281' title='bbox 3377 1848 3732 1918; x_wconf 82' lang='grc' dir='ltr'>δριμύτητός</span> 
     </span>
    </p>
   </div>
   <div class='ocr_carea' id='block_1_44' title="bbox 2142 1941 3732 2017">
    <p class='ocr_par' dir='ltr' id='par_1_44' title="bbox 2142 1941 3732 2017">
     <span class='ocr_line' id='line_1_44' title="bbox 2142 1941 3732 2017; baseline -0.008 -14"><span class='ocrx_word' id='word_1_282' title='bbox 2142 1966 2285 2012; x_wconf 86' lang='grc' dir='ltr'>τινος</span> <span class='ocrx_word' id='word_1_283' title='bbox 2306 1947 2629 2017; x_wconf 81' lang='grc' dir='ltr'>δακνὼμενα</span> <span class='ocrx_word' id='word_1_284' title='bbox 2649 1947 2696 1978; x_wconf 83' lang='grc'><strong><em>⁸⁵</em></strong></span> <span class='ocrx_word' id='word_1_285' title='bbox 2736 1945 3013 2011; x_wconf 79' lang='grc' dir='ltr'>ὀδυνᾶται,</span> <span class='ocrx_word' id='word_1_286' title='bbox 3050 1944 3148 1997; x_wconf 76' lang='grc' dir='ltr'><strong>καὶ</strong></span> <span class='ocrx_word' id='word_1_287' title='bbox 3218 1941 3502 2012; x_wconf 78' lang='grc' dir='ltr'>συνοδυνᾷ</span> <span class='ocrx_word' id='word_1_288' title='bbox 3547 1943 3621 2011; x_wconf 71' lang='grc' dir='ltr'><strong>τῇ</strong></span> <span class='ocrx_word' id='word_1_289' title='bbox 3657 1943 3732 1992; x_wconf 83' lang='grc' dir='ltr'>αἰ-</span> 
     </span>
    </p>
   </div>
   <div class='ocr_carea' id='block_1_45' title="bbox 2145 2037 3734 2115">
    <p class='ocr_par' dir='ltr' id='par_1_45' title="bbox 2145 2037 3734 2115">
     <span class='ocr_line' id='line_1_45' title="bbox 2145 2037 3734 2115; baseline -0.006 -18"><span class='ocrx_word' id='word_1_290' title='bbox 2145 2044 2357 2114; x_wconf 85' lang='grc' dir='ltr'>σθήσει,</span> <span class='ocrx_word' id='word_1_291' title='bbox 2399 2043 2498 2115; x_wconf 79' lang='grc' dir='ltr'>τὴν</span> <span class='ocrx_word' id='word_1_292' title='bbox 2521 2043 2820 2113; x_wconf 77' lang='grc' dir='ltr'>εἰρημένην</span> <span class='ocrx_word' id='word_1_293' title='bbox 2870 2040 3196 2110; x_wconf 74' lang='grc' dir='ltr'>ἐτεχνάσατο</span> <span class='ocrx_word' id='word_1_294' title='bbox 3244 2039 3529 2105; x_wconf 86' lang='grc' dir='ltr'>γάνωσιν,</span> <span class='ocrx_word' id='word_1_295' title='bbox 3569 2037 3734 2089; x_wconf 69' lang='grc' dir='ltr'>Πάλιν</span> 
     </span>
    </p>
   </div>
   <div class='ocr_carea' id='block_1_46' title="bbox 2141 2126 3732 2204">
    <p class='ocr_par' dir='ltr' id='par_1_46' title="bbox 2141 2126 3732 2204">
     <span class='ocr_line' id='line_1_46' title="bbox 2141 2126 3732 2204; baseline -0.005 -17"><span class='ocrx_word' id='word_1_296' title='bbox 2141 2134 2198 2187; x_wconf 84' lang='grc' dir='ltr'>δὲ</span> <span class='ocrx_word' id='word_1_297' title='bbox 2224 2133 2633 2204; x_wconf 80' lang='grc' dir='ltr'>ὲπιμελουμένη</span> <span class='ocrx_word' id='word_1_298' title='bbox 2650 2133 2697 2163; x_wconf 81' lang='grc'>⁸⁶</span> <span class='ocrx_word' id='word_1_299' title='bbox 2749 2131 2842 2184; x_wconf 79' lang='grc' dir='ltr'>τοῦ</span> <span class='ocrx_word' id='word_1_300' title='bbox 2895 2130 3058 2196; x_wconf 78' lang='grc' dir='ltr'>ζώου,</span> <span class='ocrx_word' id='word_1_301' title='bbox 3113 2129 3315 2201; x_wconf 81' lang='grc' dir='ltr'>πόρους</span> <span class='ocrx_word' id='word_1_302' title='bbox 3351 2126 3732 2198; x_wconf 54' lang='grc' dir='ltr'>ὀχετηγοὺςν</span> 
     </span>
    </p>
   </div>
   <div class='ocr_carea' id='block_1_47' title="bbox 2143 2217 3735 2295">
    <p class='ocr_par' dir='ltr' id='par_1_47' title="bbox 2143 2217 3735 2295">
     <span class='ocr_line' id='line_1_47' title="bbox 2143 2217 3735 2295; baseline -0.006 -15"><span class='ocrx_word' id='word_1_303' title='bbox 2143 2225 2544 2290; x_wconf 80' lang='grc' dir='ltr'><strong>κατεσκεύασε,</strong></span> <span class='ocrx_word' id='word_1_304' title='bbox 2569 2225 2634 2279; x_wconf 82' lang='grc' dir='ltr'>δι’</span> <span class='ocrx_word' id='word_1_305' title='bbox 2669 2217 2744 2279; x_wconf 84' lang='grc' dir='ltr'><strong>ῶν</strong></span> <span class='ocrx_word' id='word_1_306' title='bbox 2773 2223 3099 2295; x_wconf 80' lang='grc' dir='ltr'>καθαίρεται</span> <span class='ocrx_word' id='word_1_307' title='bbox 3138 2222 3206 2276; x_wconf 81' lang='grc' dir='ltr'>τὰ</span> <span class='ocrx_word' id='word_1_308' title='bbox 3262 2221 3521 2290; x_wconf 74' lang='grc' dir='ltr'>περιττὰ</span> <span class='ocrx_word' id='word_1_309' title='bbox 3549 2221 3598 2251; x_wconf 75' lang='grc'><strong>⁸⁸</strong></span> <span class='ocrx_word' id='word_1_310' title='bbox 3651 2221 3735 2273; x_wconf 72' lang='grc' dir='ltr'><strong>καὶ</strong></span> 
     </span>
    </p>
   </div>
   <div class='ocr_carea' id='block_1_48' title="bbox 2140 2309 3733 2387">
    <p class='ocr_par' dir='ltr' id='par_1_48' title="bbox 2140 2309 3733 2387">
     <span class='ocr_line' id='line_1_48' title="bbox 2140 2309 3733 2387; baseline -0.005 -17"><span class='ocrx_word' id='word_1_311' title='bbox 2140 2316 2390 2386; x_wconf 83' lang='grc' dir='ltr'>τρυγώδη</span> <span class='ocrx_word' id='word_1_312' title='bbox 2421 2316 2516 2370; x_wconf 75' lang='grc' dir='ltr'>τοῦ</span> <span class='ocrx_word' id='word_1_313' title='bbox 2544 2314 2798 2387; x_wconf 85' lang='grc' dir='ltr'>σώματος</span> <span class='ocrx_word' id='word_1_314' title='bbox 2821 2332 2835 2347; x_wconf 89' lang='grc'><strong>·</strong></span> <span class='ocrx_word' id='word_1_315' title='bbox 2861 2314 3050 2385; x_wconf 78' lang='grc' dir='ltr'>ἐπειδὴ</span> <span class='ocrx_word' id='word_1_316' title='bbox 3079 2314 3186 2384; x_wconf 82' lang='grc' dir='ltr'><strong>γὰρ</strong></span> <span class='ocrx_word' id='word_1_317' title='bbox 3208 2309 3352 2366; x_wconf 73' lang='grc' dir='ltr'>οἶδεν</span> <span class='ocrx_word' id='word_1_318' title='bbox 3396 2313 3489 2365; x_wconf 82' lang='grc' dir='ltr'>ὃτι</span> <span class='ocrx_word' id='word_1_319' title='bbox 3518 2315 3560 2382; x_wconf 77' lang='grc' dir='ltr'><strong>ἡ</strong></span> <span class='ocrx_word' id='word_1_320' title='bbox 3601 2312 3733 2382; x_wconf 71' lang='grc' dir='ltr'>λαμο</span> 
     </span>
    </p>
   </div>
   <div class='ocr_carea' id='block_1_49' title="bbox 2142 2403 3735 2479">
    <p class='ocr_par' dir='ltr' id='par_1_49' title="bbox 2142 2403 3735 2479">
     <span class='ocr_line' id='line_1_49' title="bbox 2142 2403 3735 2479; baseline -0.006 -17"><span class='ocrx_word' id='word_1_321' title='bbox 2142 2408 2413 2479; x_wconf 79' lang='grc' dir='ltr'>ϐανομένη</span> <span class='ocrx_word' id='word_1_322' title='bbox 2437 2407 2636 2478; x_wconf 78' lang='grc' dir='ltr'>τροφὴ,</span> <span class='ocrx_word' id='word_1_323' title='bbox 2664 2407 2711 2459; x_wconf 87' lang='grc' dir='ltr'>εἰ</span> <span class='ocrx_word' id='word_1_324' title='bbox 2748 2407 2844 2460; x_wconf 76' lang='grc' dir='ltr'><strong>καὶ</strong></span> <span class='ocrx_word' id='word_1_325' title='bbox 2896 2408 3048 2460; x_wconf 80' lang='grc' dir='ltr'>πᾶσα</span> <span class='ocrx_word' id='word_1_326' title='bbox 3077 2403 3155 2475; x_wconf 80' lang='grc' dir='ltr'>τῷ</span> <span class='ocrx_word' id='word_1_327' title='bbox 3198 2403 3468 2474; x_wconf 78' lang='grc' dir='ltr'>ἡμετέρῳ</span> <span class='ocrx_word' id='word_1_328' title='bbox 3520 2403 3735 2472; x_wconf 69' lang='grc' dir='ltr'>σώματι</span> 
     </span>
    </p>
   </div>
   <div class='ocr_carea' id='block_1_50' title="bbox 2137 2493 3732 2567">
    <p class='ocr_par' dir='ltr' id='par_1_50' title="bbox 2137 2493 3732 2567">
     <span class='ocr_line' id='line_1_50' title="bbox 2137 2493 3732 2567; baseline -0.005 -16"><span class='ocrx_word' id='word_1_329' title='bbox 2137 2499 2314 2552; x_wconf 82' lang='grc' dir='ltr'>οἰκεία</span> <span class='ocrx_word' id='word_1_330' title='bbox 2329 2498 2500 2564; x_wconf 76' lang='grc' dir='ltr'>ἐστὶν,</span> <span class='ocrx_word' id='word_1_331' title='bbox 2521 2497 2659 2551; x_wconf 84' lang='grc' dir='ltr'><strong>ἀλλά</strong></span> <span class='ocrx_word' id='word_1_332' title='bbox 2674 2515 2726 2550; x_wconf 88' lang='grc' dir='ltr'><strong>τι</strong></span> <span class='ocrx_word' id='word_1_333' title='bbox 2743 2498 2836 2551; x_wconf 71' lang='grc' dir='ltr'><strong>καὶ</strong></span> <span class='ocrx_word' id='word_1_334' title='bbox 2858 2513 2921 2548; x_wconf 89' lang='grc' dir='ltr'><strong>πε</strong></span> <span class='ocrx_word' id='word_1_335' title='bbox 2933 2494 3328 2567; x_wconf 74' lang='grc' dir='ltr'>ριττωματικὸν</span> <span class='ocrx_word' id='word_1_336' title='bbox 3358 2494 3450 2564; x_wconf 78' lang='grc' dir='ltr'><strong>ἔχε</strong></span> <span class='ocrx_word' id='word_1_337' title='bbox 3462 2514 3510 2558; x_wconf 82' lang='grc' dir='ltr'><strong>ι,</strong></span> <span class='ocrx_word' id='word_1_338' title='bbox 3541 2493 3732 2546; x_wconf 76' lang='grc' dir='ltr'>τούτου</span> 
     </span>
    </p>
   </div>
   <div class='ocr_carea' id='block_1_51' title="bbox 2137 2586 3734 2662">
    <p class='ocr_par' dir='ltr' id='par_1_51' title="bbox 2137 2586 3734 2662">
     <span class='ocr_line' id='line_1_51' title="bbox 2137 2586 3734 2662; baseline -0.004 -18"><span class='ocrx_word' id='word_1_339' title='bbox 2137 2591 2297 2662; x_wconf 78' lang='grc' dir='ltr'>χάριν</span> <span class='ocrx_word' id='word_1_340' title='bbox 2312 2589 2846 2660; x_wconf 58' lang='grc' dir='ltr'>τούτουςλὲπενοήθη.</span> <span class='ocrx_word' id='word_1_341' title='bbox 2867 2588 3134 2658; x_wconf 79' lang='grc' dir='ltr'>Καθάπερ</span> <span class='ocrx_word' id='word_1_342' title='bbox 3149 2589 3242 2640; x_wconf 74' lang='grc' dir='ltr'><strong>καὶ</strong></span> <span class='ocrx_word' id='word_1_343' title='bbox 3261 2587 3311 2639; x_wconf 91' lang='grc' dir='ltr'><strong>οἰ</strong></span> <span class='ocrx_word' id='word_1_344' title='bbox 3327 2586 3564 2639; x_wconf 72' lang='grc' dir='ltr'>πόλεών</span> <span class='ocrx_word' id='word_1_345' title='bbox 3579 2604 3734 2638; x_wconf 72' lang='grc' dir='ltr'>τινων</span> 
     </span>
    </p>
   </div>
   <div class='ocr_carea' id='block_1_52' title="bbox 2141 2677 3734 2752">
    <p class='ocr_par' dir='ltr' id='par_1_52' title="bbox 2141 2677 3734 2752">
     <span class='ocr_line' id='line_1_52' title="bbox 2141 2677 3734 2752; baseline -0.002 -19"><span class='ocrx_word' id='word_1_346' title='bbox 2141 2680 2560 2750; x_wconf 80' lang='grc' dir='ltr'>ἐπιμελούμενοι</span> <span class='ocrx_word' id='word_1_347' title='bbox 2580 2681 2648 2745; x_wconf 71' lang='grc'><strong>⁸³,</strong></span> <span class='ocrx_word' id='word_1_348' title='bbox 2679 2681 2902 2752; x_wconf 83' lang='grc' dir='ltr'>ὀχετοὺς</span> <span class='ocrx_word' id='word_1_349' title='bbox 2929 2681 3024 2732; x_wconf 81' lang='grc' dir='ltr'><strong>καὶ</strong></span> <span class='ocrx_word' id='word_1_350' title='bbox 3059 2679 3316 2751; x_wconf 79' lang='grc' dir='ltr'>ἀμάρῤας</span> <span class='ocrx_word' id='word_1_351' title='bbox 3356 2678 3465 2733; x_wconf 70' lang='grc' dir='ltr'><strong>καὶ</strong></span> <span class='ocrx_word' id='word_1_352' title='bbox 3509 2677 3734 2749; x_wconf 72' lang='grc' dir='ltr'>ῥύακας</span> 
     </span>
    </p>
   </div>
   <div class='ocr_carea' id='block_1_53' title="bbox 2141 2771 3733 2844">
    <p class='ocr_par' dir='ltr' id='par_1_53' title="bbox 2141 2771 3733 2844">
     <span class='ocr_line' id='line_1_53' title="bbox 2141 2771 3733 2844; baseline -0.002 -19"><span class='ocrx_word' id='word_1_353' title='bbox 2141 2774 2681 2844; x_wconf 78' lang='grc' dir='ltr'><strong>παρασκευάζουσιν,</strong></span> <span class='ocrx_word' id='word_1_354' title='bbox 2701 2776 2780 2836; x_wconf 82' lang='grc' dir='ltr'><strong>εἰς</strong></span> <span class='ocrx_word' id='word_1_355' title='bbox 2808 2772 3000 2842; x_wconf 81' lang='grc' dir='ltr'>λίμνας</span> <span class='ocrx_word' id='word_1_356' title='bbox 3023 2773 3093 2835; x_wconf 71' lang='grc' dir='ltr'><strong>⁸ο,</strong></span> <span class='ocrx_word' id='word_1_357' title='bbox 3120 2772 3154 2844; x_wconf 77' lang='grc' dir='ltr'><strong>ἢ</strong></span> <span class='ocrx_word' id='word_1_358' title='bbox 3187 2771 3476 2835; x_wconf 80' lang='grc' dir='ltr'>θαλάσσας</span> <span class='ocrx_word' id='word_1_359' title='bbox 3503 2773 3585 2825; x_wconf 76' lang='grc' dir='ltr'>τὰ</span> <span class='ocrx_word' id='word_1_360' title='bbox 3620 2789 3733 2824; x_wconf 82' lang='grc' dir='ltr'>συν-</span> 
     </span>
    </p>
   </div>
   <div class='ocr_carea' id='block_1_54' title="bbox 2141 2863 3145 2934">
    <p class='ocr_par' dir='ltr' id='par_1_54' title="bbox 2141 2863 3145 2934">
     <span class='ocr_line' id='line_1_54' title="bbox 2141 2863 3145 2934; baseline 0.001 -18"><span class='ocrx_word' id='word_1_361' title='bbox 2141 2863 2384 2934; x_wconf 86' lang='grc' dir='ltr'>αγόμενα</span> <span class='ocrx_word' id='word_1_362' title='bbox 2414 2865 2722 2934; x_wconf 81' lang='grc' dir='ltr'>πέμποντες</span> <span class='ocrx_word' id='word_1_363' title='bbox 2740 2865 2784 2896; x_wconf 79' lang='grc'>⁹¹</span> <span class='ocrx_word' id='word_1_364' title='bbox 2829 2863 3145 2934; x_wconf 82' lang='grc' dir='ltr'>περιττά⁹¹.</span> 
     </span>
    </p>
   </div>
   <div class='ocr_carea' id='block_1_55' title="bbox 454 2953 3730 3028">
    <p class='ocr_par' dir='ltr' id='par_1_55' title="bbox 454 2953 3730 3028">
     <span class='ocr_line' id='line_1_55' title="bbox 454 2953 3730 3028; baseline -0 -21"><span class='ocrx_word' id='word_1_365' title='bbox 454 2966 642 3026; x_wconf 77' lang='lat' dir='ltr'><strong>agunt,</strong></span> <span class='ocrx_word' id='word_1_366' title='bbox 688 2954 888 3026; x_wconf 88' lang='lat' dir='ltr'><strong>quibus</strong></span> <span class='ocrx_word' id='word_1_367' title='bbox 918 2953 1261 3024; x_wconf 89' lang='lat' dir='ltr'><strong>publicorum</strong></span> <span class='ocrx_word' id='word_1_368' title='bbox 1286 2953 1528 3009; x_wconf 85' lang='lat' dir='ltr'><strong>locorum</strong></span> <span class='ocrx_word' id='word_1_369' title='bbox 1556 2954 1608 3007; x_wconf 93' lang='lat' dir='ltr'><strong>in</strong></span> <span class='ocrx_word' id='word_1_370' title='bbox 1649 2953 1875 3009; x_wconf 90' lang='lat' dir='ltr'><strong>urbibus</strong></span> <span class='ocrx_word' id='word_1_371' title='bbox 1905 2969 2036 3009; x_wconf 91' lang='lat' dir='ltr'><strong>cura</strong></span> <span class='ocrx_word' id='word_1_372' title='bbox 2105 2955 2391 3012; x_wconf 87' lang='lat' dir='ltr'><strong>incumbit.</strong></span> <span class='ocrx_word' id='word_1_373' title='bbox 2423 2954 2485 3010; x_wconf 82' lang='lat' dir='ltr'><strong>Hi</strong></span> <span class='ocrx_word' id='word_1_374' title='bbox 2516 2972 2753 3026; x_wconf 87' lang='lat' dir='ltr'><strong>namque</strong></span> <span class='ocrx_word' id='word_1_375' title='bbox 2791 2961 2936 3012; x_wconf 88' lang='lat' dir='ltr'><strong>rivos</strong></span> <span class='ocrx_word' id='word_1_376' title='bbox 2970 2956 3313 3028; x_wconf 90' lang='lat' dir='ltr'><strong>cloacasque,</strong></span> <span class='ocrx_word' id='word_1_377' title='bbox 3380 2955 3449 3010; x_wconf 85' lang='lat' dir='ltr'><strong>ad</strong></span> <span class='ocrx_word' id='word_1_378' title='bbox 3488 2954 3730 3008; x_wconf 71' lang='lat' dir='ltr'><strong>fluvialis</strong></span> 
     </span>
    </p>
   </div>
   <div class='ocr_carea' id='block_1_56' title="bbox 454 3049 3728 3126">
    <p class='ocr_par' dir='ltr' id='par_1_56' title="bbox 454 3049 3728 3126">
     <span class='ocr_line' id='line_1_56' title="bbox 454 3049 3728 3126; baseline -0.002 -21"><span class='ocrx_word' id='word_1_379' title='bbox 454 3052 595 3114; x_wconf 88' lang='lat' dir='ltr'><strong>loca,</strong></span> <span class='ocrx_word' id='word_1_380' title='bbox 626 3051 712 3106; x_wconf 88' lang='lat' dir='ltr'><strong>vel</strong></span> <span class='ocrx_word' id='word_1_381' title='bbox 732 3050 1051 3120; x_wconf 77' lang='lat' dir='ltr'><strong>stagna,vel</strong></span> <span class='ocrx_word' id='word_1_382' title='bbox 1077 3050 1145 3104; x_wconf 90' lang='lat' dir='ltr'><strong>ad</strong></span> <span class='ocrx_word' id='word_1_383' title='bbox 1181 3049 1404 3120; x_wconf 81' lang='lat' dir='ltr'><strong>pelagus</strong></span> <span class='ocrx_word' id='word_1_384' title='bbox 1473 3050 1678 3107; x_wconf 90' lang='lat' dir='ltr'><strong>directa</strong></span> <span class='ocrx_word' id='word_1_385' title='bbox 1737 3059 2084 3117; x_wconf 87' lang='lat' dir='ltr'><strong>construunt,</strong></span> <span class='ocrx_word' id='word_1_386' title='bbox 2123 3053 2323 3125; x_wconf 89' lang='lat' dir='ltr'><strong>quibus</strong></span> <span class='ocrx_word' id='word_1_387' title='bbox 2372 3063 2588 3126; x_wconf 91' lang='lat' dir='ltr'><strong>putrem</strong></span> <span class='ocrx_word' id='word_1_388' title='bbox 2645 3068 2711 3108; x_wconf 90' lang='lat' dir='ltr'><strong>ac</strong></span> <span class='ocrx_word' id='word_1_389' title='bbox 2770 3065 3164 3121; x_wconf 81' lang='lat' dir='ltr'><strong>supervacuam</strong></span> <span class='ocrx_word' id='word_1_390' title='bbox 3252 3063 3379 3119; x_wconf 68' lang='lat' dir='ltr'><strong>quae</strong></span> <span class='ocrx_word' id='word_1_391' title='bbox 3436 3057 3728 3104; x_wconf 70' lang='lat' dir='ltr'><strong>contracta</strong></span> 
     </span>
    </p>
   </div>
   <div class='ocr_carea' id='block_1_57' title="bbox 455 3143 1308 3214">
    <p class='ocr_par' dir='ltr' id='par_1_57' title="bbox 455 3143 1308 3214">
     <span class='ocr_line' id='line_1_57' title="bbox 455 3143 1308 3214; baseline 0.002 -15"><span class='ocrx_word' id='word_1_392' title='bbox 455 3145 620 3199; x_wconf 84' lang='lat' dir='ltr'><strong>fuerit</strong></span> <span class='ocrx_word' id='word_1_393' title='bbox 653 3143 933 3198; x_wconf 84' lang='lat' dir='ltr'><strong>materiam</strong></span> <span class='ocrx_word' id='word_1_394' title='bbox 959 3152 1308 3214; x_wconf 83' lang='lat' dir='ltr'><strong>perpurgent.</strong></span> 
     </span>
    </p>
   </div>
   <div class='ocr_carea' id='block_1_58' title="bbox 524 3233 2030 3306">
    <p class='ocr_par' dir='ltr' id='par_1_58' title="bbox 524 3235 2027 3306">
     <span class='ocr_line' id='line_1_58' title="bbox 524 3235 2027 3306; baseline -0.001 -14"><span class='ocrx_word' id='word_1_395' title='bbox 524 3236 595 3292; x_wconf 80' lang='lat' dir='ltr'><strong>At</strong></span> <span class='ocrx_word' id='word_1_396' title='bbox 632 3252 758 3292; x_wconf 89' lang='lat' dir='ltr'><strong>cum</strong></span> <span class='ocrx_word' id='word_1_397' title='bbox 789 3236 984 3306; x_wconf 79' lang='lat' dir='ltr'><strong>triplex</strong></span> <span class='ocrx_word' id='word_1_398' title='bbox 1012 3236 1318 3303; x_wconf 89' lang='lat' dir='ltr'><strong>concoctio,</strong></span> <span class='ocrx_word' id='word_1_399' title='bbox 1344 3235 1398 3290; x_wconf 91' lang='lat' dir='ltr'><strong>in</strong></span> <span class='ocrx_word' id='word_1_400' title='bbox 1432 3243 1618 3290; x_wconf 85' lang='lat' dir='ltr'><strong>ventre</strong></span> <span class='ocrx_word' id='word_1_401' title='bbox 1647 3235 1916 3301; x_wconf 86' lang='lat' dir='ltr'><strong>videlicet,</strong></span> <span class='ocrx_word' id='word_1_402' title='bbox 1943 3235 2027 3306; x_wconf 85' lang='lat' dir='ltr'><strong>je—</strong></span> 
     </span>
    </p>
   </div>
   <div class='ocr_carea' id='block_1_59' title="bbox 2136 3233 3726 3306">
    <p class='ocr_par' dir='ltr' id='par_1_59' title="bbox 2201 3233 3726 3305">
     <span class='ocr_line' id='line_1_59' title="bbox 2201 3233 3726 3305; baseline -0.003 -18"><span class='ocrx_word' id='word_1_403' title='bbox 2201 3233 2382 3305; x_wconf 89' lang='grc' dir='ltr'>Τριῶν</span> <span class='ocrx_word' id='word_1_404' title='bbox 2412 3234 2469 3290; x_wconf 82' lang='grc' dir='ltr'>δὲ</span> <span class='ocrx_word' id='word_1_405' title='bbox 2494 3235 2668 3289; x_wconf 84' lang='grc' dir='ltr'>οὐσῶν</span> <span class='ocrx_word' id='word_1_406' title='bbox 2713 3234 2949 3305; x_wconf 73' lang='grc' dir='ltr'>πέψεων,</span> <span class='ocrx_word' id='word_1_407' title='bbox 2996 3234 3096 3305; x_wconf 83' lang='grc' dir='ltr'>τῆς</span> <span class='ocrx_word' id='word_1_408' title='bbox 3146 3234 3201 3287; x_wconf 82' lang='grc' dir='ltr'>ὲν</span> <span class='ocrx_word' id='word_1_409' title='bbox 3258 3233 3499 3302; x_wconf 70' lang='grc' dir='ltr'>γαστρὶ,</span> <span class='ocrx_word' id='word_1_410' title='bbox 3546 3233 3654 3302; x_wconf 78' lang='grc' dir='ltr'><strong>τῆς</strong></span> <span class='ocrx_word' id='word_1_411' title='bbox 3679 3234 3726 3284; x_wconf 77' lang='grc' dir='ltr'>ἐν</span> 
     </span>
    </p>
   </div>
   <div class='ocr_carea' id='block_1_60' title="bbox 453 3327 2028 3398">
    <p class='ocr_par' dir='ltr' id='par_1_60' title="bbox 453 3327 2028 3398">
     <span class='ocr_line' id='line_1_60' title="bbox 453 3327 2028 3398; baseline -0.003 -12"><span class='ocrx_word' id='word_1_412' title='bbox 453 3330 643 3386; x_wconf 82' lang='lat' dir='ltr'><strong>ciuore</strong></span> <span class='ocrx_word' id='word_1_413' title='bbox 690 3343 756 3384; x_wconf 86' lang='lat' dir='ltr'><strong>ac</strong></span> <span class='ocrx_word' id='word_1_414' title='bbox 812 3328 1036 3398; x_wconf 86' lang='lat' dir='ltr'><strong>reliquis</strong></span> <span class='ocrx_word' id='word_1_415' title='bbox 1085 3327 1256 3382; x_wconf 89' lang='lat' dir='ltr'><strong>totius</strong></span> <span class='ocrx_word' id='word_1_416' title='bbox 1316 3327 1562 3398; x_wconf 89' lang='lat' dir='ltr'><strong>corporis</strong></span> <span class='ocrx_word' id='word_1_417' title='bbox 1617 3328 1864 3398; x_wconf 87' lang='lat' dir='ltr'><strong>partibus</strong></span> <span class='ocrx_word' id='word_1_418' title='bbox 1916 3327 2028 3394; x_wconf 83' lang='lat' dir='ltr'><strong>ﬁat,</strong></span> 
     </span>
    </p>
   </div>
   <div class='ocr_carea' id='block_1_61' title="bbox 453 3418 2031 3488">
    <p class='ocr_par' dir='ltr' id='par_1_61' title="bbox 453 3418 2031 3488">
     <span class='ocr_line' id='line_1_61' title="bbox 453 3418 2031 3488; baseline -0.002 -11"><span class='ocrx_word' id='word_1_419' title='bbox 453 3421 683 3477; x_wconf 88' lang='lat' dir='ltr'><strong>totidem</strong></span> <span class='ocrx_word' id='word_1_420' title='bbox 729 3420 858 3476; x_wconf 89' lang='lat' dir='ltr'><strong>item</strong></span> <span class='ocrx_word' id='word_1_421' title='bbox 894 3428 1368 3475; x_wconf 75' lang='lat' dir='ltr'><strong>excrementorum</strong></span> <span class='ocrx_word' id='word_1_422' title='bbox 1405 3434 1603 3488; x_wconf 82' lang='lat' dir='ltr'><strong>genera</strong></span> <span class='ocrx_word' id='word_1_423' title='bbox 1642 3418 1903 3475; x_wconf 88' lang='lat' dir='ltr'><strong>constitui</strong></span> <span class='ocrx_word' id='word_1_424' title='bbox 1934 3435 2031 3474; x_wconf 90' lang='lat' dir='ltr'><strong>ne-</strong></span> 
     </span>
    </p>
   </div>
   <div class='ocr_carea' id='block_1_62' title="bbox 453 3509 2032 3580">
    <p class='ocr_par' dir='ltr' id='par_1_62' title="bbox 453 3509 2032 3580">
     <span class='ocr_line' id='line_1_62' title="bbox 453 3509 2032 3580; baseline -0.003 -10"><span class='ocrx_word' id='word_1_425' title='bbox 453 3513 752 3570; x_wconf 80' lang='lat' dir='ltr'><strong>cessarium</strong></span> <span class='ocrx_word' id='word_1_426' title='bbox 800 3511 1032 3567; x_wconf 74' lang='lat' dir='ltr'><strong>exstitit.</strong></span> <span class='ocrx_word' id='word_1_427' title='bbox 1076 3509 1144 3565; x_wconf 90' lang='lat' dir='ltr'><strong>Et</strong></span> <span class='ocrx_word' id='word_1_428' title='bbox 1183 3511 1372 3580; x_wconf 68' lang='lat' dir='ltr'><strong>prima:</strong></span> <span class='ocrx_word' id='word_1_429' title='bbox 1407 3510 1626 3580; x_wconf 81' lang='lat' dir='ltr'><strong>quidem</strong></span> <span class='ocrx_word' id='word_1_430' title='bbox 1658 3511 2032 3567; x_wconf 81' lang='lat' dir='ltr'><strong>concoctionis</strong></span> 
     </span>
    </p>
   </div>
   <div class='ocr_carea' id='block_1_63' title="bbox 451 3602 2031 3674">
    <p class='ocr_par' dir='ltr' id='par_1_63' title="bbox 451 3602 2031 3674">
     <span class='ocr_line' id='line_1_63' title="bbox 451 3602 2031 3674; baseline -0.001 -14"><span class='ocrx_word' id='word_1_431' title='bbox 451 3613 884 3670; x_wconf 70' lang='lat' dir='ltr'><strong>excrementum,</strong></span> <span class='ocrx_word' id='word_1_432' title='bbox 938 3603 1069 3659; x_wconf 88' lang='lat' dir='ltr'><strong>sicci</strong></span> <span class='ocrx_word' id='word_1_433' title='bbox 1120 3602 1404 3667; x_wconf 85' lang='lat' dir='ltr'><strong>alimenti,</strong></span> <span class='ocrx_word' id='word_1_434' title='bbox 1447 3603 1592 3674; x_wconf 88' lang='lat' dir='ltr'><strong>quod</strong></span> <span class='ocrx_word' id='word_1_435' title='bbox 1640 3614 1840 3659; x_wconf 76' lang='lat' dir='ltr'><strong>stercus</strong></span> <span class='ocrx_word' id='word_1_436' title='bbox 1886 3620 2031 3659; x_wconf 82' lang='lat' dir='ltr'><strong>nun-</strong></span> 
     </span>
    </p>
   </div>
   <div class='ocr_carea' id='block_1_64' title="bbox 454 3693 2031 3767">
    <p class='ocr_par' dir='ltr' id='par_1_64' title="bbox 454 3693 2031 3767">
     <span class='ocr_line' id='line_1_64' title="bbox 454 3693 2031 3767; baseline -0.003 -13"><span class='ocrx_word' id='word_1_437' title='bbox 454 3703 708 3767; x_wconf 88' lang='lat' dir='ltr'><strong>cupatur,</strong></span> <span class='ocrx_word' id='word_1_438' title='bbox 743 3703 849 3762; x_wconf 86' lang='lat' dir='ltr'><strong>est,</strong></span> <span class='ocrx_word' id='word_1_439' title='bbox 884 3694 1030 3764; x_wconf 89' lang='lat' dir='ltr'><strong>quod</strong></span> <span class='ocrx_word' id='word_1_440' title='bbox 1089 3707 1186 3764; x_wconf 90' lang='lat' dir='ltr'><strong>per</strong></span> <span class='ocrx_word' id='word_1_441' title='bbox 1251 3693 1510 3749; x_wconf 87' lang='lat' dir='ltr'><strong>intestina</strong></span> <span class='ocrx_word' id='word_1_442' title='bbox 1573 3694 1733 3766; x_wconf 78' lang='lat'><strong>106</strong></span> <span class='ocrx_word' id='word_1_443' title='bbox 1789 3711 1912 3765; x_wconf 72' lang='lat' dir='ltr'><strong>quae</strong></span> <span class='ocrx_word' id='word_1_444' title='bbox 1963 3695 2031 3749; x_wconf 89' lang='lat' dir='ltr'><strong>ad</strong></span> 
     </span>
    </p>
   </div>
   <div class='ocr_carea' id='block_1_65' title="bbox 454 3785 2032 3858">
    <p class='ocr_par' dir='ltr' id='par_1_65' title="bbox 454 3785 2032 3858">
     <span class='ocr_line' id='line_1_65' title="bbox 454 3785 2032 3858; baseline -0.002 -15"><span class='ocrx_word' id='word_1_445' title='bbox 454 3789 704 3858; x_wconf 89' lang='lat' dir='ltr'><strong>podicem</strong></span> <span class='ocrx_word' id='word_1_446' title='bbox 757 3785 968 3841; x_wconf 89' lang='lat' dir='ltr'><strong>ducunt</strong></span> <span class='ocrx_word' id='word_1_447' title='bbox 1009 3785 1341 3840; x_wconf 89' lang='lat' dir='ltr'><strong>excernitur.</strong></span> <span class='ocrx_word' id='word_1_448' title='bbox 1384 3785 1623 3840; x_wconf 87' lang='lat' dir='ltr'><strong>Alterius</strong></span> <span class='ocrx_word' id='word_1_449' title='bbox 1665 3800 1794 3840; x_wconf 89' lang='lat' dir='ltr'><strong>vero</strong></span> <span class='ocrx_word' id='word_1_450' title='bbox 1836 3799 2032 3840; x_wconf 85' lang='lat' dir='ltr'><strong>conco-</strong></span> 
     </span>
    </p>
   </div>
   <div class='ocr_carea' id='block_1_66' title="bbox 455 3875 2030 3941">
    <p class='ocr_par' dir='ltr' id='par_1_66' title="bbox 455 3875 2030 3941">
     <span class='ocr_line' id='line_1_66' title="bbox 455 3875 2030 3941; baseline -0.001 -8"><span class='ocrx_word' id='word_1_451' title='bbox 455 3879 655 3934; x_wconf 81' lang='lat' dir='ltr'><strong>etionis</strong></span> <span class='ocrx_word' id='word_1_452' title='bbox 680 3883 1091 3933; x_wconf 87' lang='lat' dir='ltr'><strong>excrementum</strong></span> <span class='ocrx_word' id='word_1_453' title='bbox 1124 3876 1412 3931; x_wconf 88' lang='lat' dir='ltr'><strong>humidum</strong></span> <span class='ocrx_word' id='word_1_454' title='bbox 1445 3876 1699 3941; x_wconf 87' lang='lat' dir='ltr'><strong>habetur,</strong></span> <span class='ocrx_word' id='word_1_455' title='bbox 1734 3877 1840 3932; x_wconf 92' lang='lat' dir='ltr'><strong>hoc</strong></span> <span class='ocrx_word' id='word_1_456' title='bbox 1883 3875 2030 3931; x_wconf 90' lang='lat' dir='ltr'><strong>enim</strong></span> 
     </span>
    </p>
   </div>
   <div class='ocr_carea' id='block_1_67' title="bbox 456 3965 2029 4036">
    <p class='ocr_par' dir='ltr' id='par_1_67' title="bbox 456 3965 2029 4036">
     <span class='ocr_line' id='line_1_67' title="bbox 456 3965 2029 4036; baseline -0.002 -13"><span class='ocrx_word' id='word_1_457' title='bbox 456 3969 676 4023; x_wconf 84' lang='lat' dir='ltr'><strong>renibus</strong></span> <span class='ocrx_word' id='word_1_458' title='bbox 701 3983 765 4022; x_wconf 85' lang='lat' dir='ltr'><strong>ac</strong></span> <span class='ocrx_word' id='word_1_459' title='bbox 790 3966 1032 4036; x_wconf 83' lang='lat' dir='ltr'><strong>partibus</strong></span> <span class='ocrx_word' id='word_1_460' title='bbox 1053 3981 1175 4036; x_wconf 83' lang='lat' dir='ltr'><strong>quae</strong></span> <span class='ocrx_word' id='word_1_461' title='bbox 1196 3967 1472 4036; x_wconf 76' lang='lat' dir='ltr'><strong>mingendi</strong></span> <span class='ocrx_word' id='word_1_462' title='bbox 1498 3965 1676 4022; x_wconf 80' lang='lat' dir='ltr'><strong>oﬂicio</strong></span> <span class='ocrx_word' id='word_1_463' title='bbox 1705 3965 2029 4032; x_wconf 88' lang='lat' dir='ltr'><strong>inserviunt,</strong></span> 
     </span>
    </p>
   </div>
   <div class='ocr_carea' id='block_1_68' title="bbox 452 4053 2032 4130">
    <p class='ocr_par' dir='ltr' id='par_1_68' title="bbox 452 4053 2032 4130">
     <span class='ocr_line' id='line_1_68' title="bbox 452 4053 2032 4130; baseline -0.003 -16"><span class='ocrx_word' id='word_1_464' title='bbox 452 4068 830 4130; x_wconf 73' lang='lat' dir='ltr'><strong>perpurgatur,</strong></span> <span class='ocrx_word' id='word_1_465' title='bbox 862 4056 1009 4126; x_wconf 89' lang='lat' dir='ltr'><strong>quod</strong></span> <span class='ocrx_word' id='word_1_466' title='bbox 1053 4057 1272 4126; x_wconf 91' lang='lat' dir='ltr'><strong>quidem</strong></span> <span class='ocrx_word' id='word_1_467' title='bbox 1303 4058 1512 4110; x_wconf 81' lang='lat' dir='ltr'><strong>urinam</strong></span> <span class='ocrx_word' id='word_1_468' title='bbox 1553 4056 1872 4126; x_wconf 88' lang='lat' dir='ltr'><strong>appellares.</strong></span> <span class='ocrx_word' id='word_1_469' title='bbox 1897 4053 2032 4110; x_wconf 87' lang='lat' dir='ltr'><strong>Ter-</strong></span> 
     </span>
    </p>
   </div>
   <div class='ocr_carea' id='block_1_69' title="bbox 452 4148 2031 4219">
    <p class='ocr_par' dir='ltr' id='par_1_69' title="bbox 452 4148 2031 4219">
     <span class='ocr_line' id='line_1_69' title="bbox 452 4148 2031 4219; baseline -0.002 -12"><span class='ocrx_word' id='word_1_470' title='bbox 452 4155 539 4207; x_wconf 72' lang='lat' dir='ltr'><strong>tia:</strong></span> <span class='ocrx_word' id='word_1_471' title='bbox 590 4165 720 4206; x_wconf 91' lang='lat' dir='ltr'><strong>vero</strong></span> <span class='ocrx_word' id='word_1_472' title='bbox 761 4148 1134 4204; x_wconf 87' lang='lat' dir='ltr'><strong>concoctionis</strong></span> <span class='ocrx_word' id='word_1_473' title='bbox 1193 4160 1550 4219; x_wconf 80' lang='lat' dir='ltr'><strong>purgamenta</strong></span> <span class='ocrx_word' id='word_1_474' title='bbox 1589 4149 1757 4204; x_wconf 89' lang='lat' dir='ltr'><strong>totius</strong></span> <span class='ocrx_word' id='word_1_475' title='bbox 1783 4150 2031 4218; x_wconf 88' lang='lat' dir='ltr'><strong>corporis</strong></span> 
     </span>
    </p>
   </div>
   <div class='ocr_carea' id='block_1_70' title="bbox 451 4240 2029 4311">
    <p class='ocr_par' dir='ltr' id='par_1_70' title="bbox 451 4240 2029 4311">
     <span class='ocr_line' id='line_1_70' title="bbox 451 4240 2029 4311; baseline -0.002 -14"><span class='ocrx_word' id='word_1_476' title='bbox 451 4241 672 4297; x_wconf 74' lang='lat' dir='ltr'><strong>sudores</strong></span> <span class='ocrx_word' id='word_1_477' title='bbox 705 4250 861 4306; x_wconf 84' lang='lat' dir='ltr'><strong>sunt,</strong></span> <span class='ocrx_word' id='word_1_478' title='bbox 893 4243 992 4311; x_wconf 85' lang='lat' dir='ltr'><strong>qui</strong></span> <span class='ocrx_word' id='word_1_479' title='bbox 1021 4241 1076 4295; x_wconf 90' lang='lat' dir='ltr'><strong>in</strong></span> <span class='ocrx_word' id='word_1_480' title='bbox 1100 4241 1265 4296; x_wconf 88' lang='lat' dir='ltr'><strong>certis</strong></span> <span class='ocrx_word' id='word_1_481' title='bbox 1318 4240 1591 4296; x_wconf 88' lang='lat' dir='ltr'><strong>meatibus</strong></span> <span class='ocrx_word' id='word_1_482' title='bbox 1649 4240 1716 4293; x_wconf 91' lang='lat' dir='ltr'><strong>ad</strong></span> <span class='ocrx_word' id='word_1_483' title='bbox 1755 4241 2029 4294; x_wconf 84' lang='lat' dir='ltr'><strong>exteriora</strong></span> 
     </span>
    </p>
   </div>
   <div class='ocr_carea' id='block_1_71' title="bbox 449 4332 2031 4408">
    <p class='ocr_par' dir='ltr' id='par_1_71' title="bbox 449 4332 2031 4408">
     <span class='ocr_line' id='line_1_71' title="bbox 449 4332 2031 4408; baseline -0.001 -18"><span class='ocrx_word' id='word_1_484' title='bbox 449 4342 755 4408; x_wconf 84' lang='lat' dir='ltr'><strong>penetrant.</strong></span> <span class='ocrx_word' id='word_1_485' title='bbox 797 4333 926 4390; x_wconf 66' lang='lat' dir='ltr'><strong>Haec</strong></span> <span class='ocrx_word' id='word_1_486' title='bbox 951 4334 1171 4404; x_wconf 90' lang='lat' dir='ltr'><strong>quidem</strong></span> <span class='ocrx_word' id='word_1_487' title='bbox 1215 4333 1319 4388; x_wconf 88' lang='lat' dir='ltr'><strong>hac</strong></span> <span class='ocrx_word' id='word_1_488' title='bbox 1354 4332 1422 4387; x_wconf 91' lang='lat' dir='ltr'><strong>de</strong></span> <span class='ocrx_word' id='word_1_489' title='bbox 1440 4348 1607 4388; x_wconf 88' lang='lat' dir='ltr'><strong>causa</strong></span> <span class='ocrx_word' id='word_1_490' title='bbox 1629 4347 1659 4386; x_wconf 88' lang='lat' dir='ltr'><strong>a</strong></span> <span class='ocrx_word' id='word_1_491' title='bbox 1689 4339 1885 4387; x_wconf 89' lang='lat' dir='ltr'><strong>natura</strong></span> <span class='ocrx_word' id='word_1_492' title='bbox 1914 4333 2031 4402; x_wconf 89' lang='lat' dir='ltr'><strong>ipsa</strong></span> 
     </span>
    </p>
   </div>
   <div class='ocr_carea' id='block_1_72' title="bbox 449 4423 2028 4488">
    <p class='ocr_par' dir='ltr' id='par_1_72' title="bbox 449 4423 2028 4488">
     <span class='ocr_line' id='line_1_72' title="bbox 449 4423 2028 4488; baseline -0.001 -6"><span class='ocrx_word' id='word_1_493' title='bbox 449 4427 742 4484; x_wconf 75' lang='lat' dir='ltr'><strong>constituta</strong></span> <span class='ocrx_word' id='word_1_494' title='bbox 767 4441 890 4483; x_wconf 87' lang='lat' dir='ltr'><strong>esse</strong></span> <span class='ocrx_word' id='word_1_495' title='bbox 943 4423 1292 4481; x_wconf 79' lang='lat' dir='ltr'><strong>manifestum</strong></span> <span class='ocrx_word' id='word_1_496' title='bbox 1347 4423 1598 4488; x_wconf 85' lang='lat' dir='ltr'><strong>habetur,</strong></span> <span class='ocrx_word' id='word_1_497' title='bbox 1646 4440 1716 4481; x_wconf 90' lang='lat' dir='ltr'><strong>ne</strong></span> <span class='ocrx_word' id='word_1_498' title='bbox 1736 4424 1942 4480; x_wconf 79' lang='lat' dir='ltr'><strong>scilicet</strong></span> <span class='ocrx_word' id='word_1_499' title='bbox 1975 4425 2028 4480; x_wconf 92' lang='lat' dir='ltr'><strong>in</strong></span> 
     </span>
    </p>
   </div>
   <div class='ocr_carea' id='block_1_73' title="bbox 450 4516 2029 4588">
    <p class='ocr_par' dir='ltr' id='par_1_73' title="bbox 450 4516 2029 4588">
     <span class='ocr_line' id='line_1_73' title="bbox 450 4516 2029 4588; baseline -0.001 -14"><span class='ocrx_word' id='word_1_500' title='bbox 450 4521 725 4576; x_wconf 87' lang='lat' dir='ltr'><strong>intestinis</strong></span> <span class='ocrx_word' id='word_1_501' title='bbox 754 4535 966 4575; x_wconf 86' lang='lat' dir='ltr'><strong>moram</strong></span> <span class='ocrx_word' id='word_1_502' title='bbox 1003 4517 1214 4588; x_wconf 79' lang='lat' dir='ltr'><strong>agendo</strong></span> <span class='ocrx_word' id='word_1_503' title='bbox 1284 4516 1339 4570; x_wconf 91' lang='lat' dir='ltr'><strong>in</strong></span> <span class='ocrx_word' id='word_1_504' title='bbox 1427 4516 1777 4586; x_wconf 88' lang='lat' dir='ltr'><strong>putredinem</strong></span> <span class='ocrx_word' id='word_1_505' title='bbox 1849 4529 2029 4573; x_wconf 88' lang='lat' dir='ltr'><strong>verte-</strong></span> 
     </span>
    </p>
   </div>
   <div class='ocr_carea' id='block_1_74' title="bbox 2132 3325 3725 3397">
    <p class='ocr_par' dir='ltr' id='par_1_74' title="bbox 2132 3325 3725 3397">
     <span class='ocr_line' id='line_1_74' title="bbox 2132 3325 3725 3397; baseline 0 -20"><span class='ocrx_word' id='word_1_506' title='bbox 2132 3327 2322 3397; x_wconf 77' lang='grc' dir='ltr'>ἧπατι,</span> <span class='ocrx_word' id='word_1_507' title='bbox 2363 3329 2457 3379; x_wconf 75' lang='grc' dir='ltr'><strong>καὶ</strong></span> <span class='ocrx_word' id='word_1_508' title='bbox 2487 3327 2584 3395; x_wconf 80' lang='grc' dir='ltr'>τῆς</span> <span class='ocrx_word' id='word_1_509' title='bbox 2606 3327 2668 3379; x_wconf 83' lang='grc' dir='ltr'>ὲν</span> <span class='ocrx_word' id='word_1_510' title='bbox 2715 3327 2879 3380; x_wconf 73' lang='grc' dir='ltr'>παντὶ</span> <span class='ocrx_word' id='word_1_511' title='bbox 2920 3326 3158 3397; x_wconf 85' lang='grc' dir='ltr'>σώματι,</span> <span class='ocrx_word' id='word_1_512' title='bbox 3209 3325 3441 3396; x_wconf 81' lang='grc' dir='ltr'>τριττὸν</span> <span class='ocrx_word' id='word_1_513' title='bbox 3500 3327 3725 3392; x_wconf 64' lang='grc' dir='ltr'><strong>ἀνάγκη</strong></span> 
     </span>
    </p>
   </div>
   <div class='ocr_carea' id='block_1_75' title="bbox 2133 3413 3726 3491">
    <p class='ocr_par' dir='ltr' id='par_1_75' title="bbox 2133 3413 3726 3491">
     <span class='ocr_line' id='line_1_75' title="bbox 2133 3413 3726 3491; baseline -0.003 -19"><span class='ocrx_word' id='word_1_514' title='bbox 2133 3418 2227 3472; x_wconf 73' lang='grc' dir='ltr'><strong>καὶ</strong></span> <span class='ocrx_word' id='word_1_515' title='bbox 2261 3418 2323 3471; x_wconf 73' lang='grc' dir='ltr'><strong>τὺ</strong></span> <span class='ocrx_word' id='word_1_516' title='bbox 2381 3419 2537 3486; x_wconf 80' lang='grc' dir='ltr'>γένος</span> <span class='ocrx_word' id='word_1_517' title='bbox 2568 3413 2707 3472; x_wconf 75' lang='grc' dir='ltr'>εἶναι</span> <span class='ocrx_word' id='word_1_518' title='bbox 2756 3418 2866 3472; x_wconf 88' lang='grc' dir='ltr'><strong>τῶν</strong></span> <span class='ocrx_word' id='word_1_519' title='bbox 2915 3420 3377 3491; x_wconf 84' lang='grc' dir='ltr'>περιττωμάτων.</span> <span class='ocrx_word' id='word_1_520' title='bbox 3444 3417 3726 3471; x_wconf 76' lang='grc' dir='ltr'>Καλείται</span> 
     </span>
    </p>
   </div>
   <div class='ocr_carea' id='block_1_76' title="bbox 2132 3506 3727 3581">
    <p class='ocr_par' dir='ltr' id='par_1_76' title="bbox 2132 3506 3727 3581">
     <span class='ocr_line' id='line_1_76' title="bbox 2132 3506 3727 3581; baseline -0.001 -19"><span class='ocrx_word' id='word_1_521' title='bbox 2132 3508 2263 3577; x_wconf 80' lang='grc' dir='ltr'>γοῦν</span> <span class='ocrx_word' id='word_1_522' title='bbox 2292 3509 2354 3562; x_wconf 85' lang='grc' dir='ltr'>τὸ</span> <span class='ocrx_word' id='word_1_523' title='bbox 2385 3510 2486 3580; x_wconf 82' lang='grc' dir='ltr'>μὲν</span> <span class='ocrx_word' id='word_1_524' title='bbox 2518 3508 2735 3580; x_wconf 87' lang='grc' dir='ltr'>πρῶτον</span> <span class='ocrx_word' id='word_1_525' title='bbox 2765 3509 3092 3581; x_wconf 81' lang='grc' dir='ltr'>περίττωμα</span> <span class='ocrx_word' id='word_1_526' title='bbox 3120 3509 3221 3580; x_wconf 79' lang='grc' dir='ltr'>τῆς</span> <span class='ocrx_word' id='word_1_527' title='bbox 3249 3506 3499 3578; x_wconf 80' lang='grc' dir='ltr'>τροφῆς,</span> <span class='ocrx_word' id='word_1_528' title='bbox 3554 3507 3727 3574; x_wconf 62' lang='grc' dir='ltr'>στερ-</span> 
     </span>
    </p>
   </div>
   <div class='ocr_carea' id='block_1_77' title="bbox 2123 3599 3727 3673">
    <p class='ocr_par' dir='ltr' id='par_1_77' title="bbox 2123 3599 3727 3673">
     <span class='ocr_line' id='line_1_77' title="bbox 2123 3599 3727 3673; baseline -0.002 -19"><span class='ocrx_word' id='word_1_529' title='bbox 2123 3603 2241 3672; x_wconf 78' lang='grc' dir='ltr'>ρόν</span> <span class='ocrx_word' id='word_1_530' title='bbox 2263 3619 2276 3632; x_wconf 73' lang='grc'><strong><em>⁸</em></strong></span> <span class='ocrx_word' id='word_1_531' title='bbox 2309 3603 2402 3656; x_wconf 69' lang='grc' dir='ltr'><strong>καὶ</strong></span> <span class='ocrx_word' id='word_1_532' title='bbox 2429 3601 2577 3655; x_wconf 78' lang='grc' dir='ltr'>ἐστιν</span> <span class='ocrx_word' id='word_1_533' title='bbox 2622 3601 2828 3673; x_wconf 84' lang='grc' dir='ltr'>κόπρος</span> <span class='ocrx_word' id='word_1_534' title='bbox 2857 3618 2872 3633; x_wconf 79' lang='lat'><strong><em>°</em></strong></span> <span class='ocrx_word' id='word_1_535' title='bbox 2905 3600 3298 3671; x_wconf 77' lang='grc' dir='ltr'>ἐκκαθαίρεται</span> <span class='ocrx_word' id='word_1_536' title='bbox 3334 3599 3398 3652; x_wconf 82' lang='grc' dir='ltr'>δὲ</span> <span class='ocrx_word' id='word_1_537' title='bbox 3432 3600 3619 3652; x_wconf 71' lang='grc' dir='ltr'>τοῦτο</span> <span class='ocrx_word' id='word_1_538' title='bbox 3647 3599 3727 3652; x_wconf 69' lang='grc' dir='ltr'><strong>διὰ</strong></span> 
     </span>
    </p>
   </div>
   <div class='ocr_carea' id='block_1_78' title="bbox 2130 3689 3726 3762">
    <p class='ocr_par' dir='ltr' id='par_1_78' title="bbox 2130 3689 3726 3762">
     <span class='ocr_line' id='line_1_78' title="bbox 2130 3689 3726 3762; baseline -0.004 -15"><span class='ocrx_word' id='word_1_539' title='bbox 2130 3692 2240 3748; x_wconf 81' lang='grc' dir='ltr'><strong>τῶν</strong></span> <span class='ocrx_word' id='word_1_540' title='bbox 2261 3692 2517 3762; x_wconf 80' lang='grc' dir='ltr'>ἐντέρων,</span> <span class='ocrx_word' id='word_1_541' title='bbox 2561 3691 2711 3762; x_wconf 82' lang='grc' dir='ltr'>παρὰ</span> <span class='ocrx_word' id='word_1_542' title='bbox 2752 3690 2850 3745; x_wconf 79' lang='grc' dir='ltr'>τὸν</span> <span class='ocrx_word' id='word_1_543' title='bbox 2877 3690 3142 3761; x_wconf 83' lang='grc' dir='ltr'>ὀχετηγὸν</span> <span class='ocrx_word' id='word_1_544' title='bbox 3174 3693 3272 3761; x_wconf 81' lang='grc' dir='ltr'>τῆς</span> <span class='ocrx_word' id='word_1_545' title='bbox 3308 3689 3510 3760; x_wconf 72' lang='grc' dir='ltr'>ἕδρας.</span> <span class='ocrx_word' id='word_1_546' title='bbox 3547 3691 3630 3743; x_wconf 78' lang='grc' dir='ltr'>Τὸ</span> <span class='ocrx_word' id='word_1_547' title='bbox 3677 3689 3726 3740; x_wconf 70' lang='grc' dir='ltr'>δὲ</span> 
     </span>
    </p>
   </div>
   <div class='ocr_carea' id='block_1_79' title="bbox 2129 3782 3725 3858">
    <p class='ocr_par' dir='ltr' id='par_1_79' title="bbox 2129 3782 3725 3858">
     <span class='ocr_line' id='line_1_79' title="bbox 2129 3782 3725 3858; baseline -0.003 -17"><span class='ocrx_word' id='word_1_548' title='bbox 2129 3787 2229 3857; x_wconf 82' lang='grc' dir='ltr'>τῆς</span> <span class='ocrx_word' id='word_1_549' title='bbox 2249 3785 2509 3858; x_wconf 80' lang='grc' dir='ltr'>δευτέρας</span> <span class='ocrx_word' id='word_1_550' title='bbox 2532 3784 2750 3855; x_wconf 75' lang='grc' dir='ltr'>πέψεως</span> <span class='ocrx_word' id='word_1_551' title='bbox 2779 3802 2846 3838; x_wconf 89' lang='grc' dir='ltr'>πε</span> <span class='ocrx_word' id='word_1_552' title='bbox 2861 3783 3130 3856; x_wconf 80' lang='grc' dir='ltr'>ρίττωμα,</span> <span class='ocrx_word' id='word_1_553' title='bbox 3161 3782 3326 3855; x_wconf 77' lang='grc' dir='ltr'>ὑγρόν</span> <span class='ocrx_word' id='word_1_554' title='bbox 3347 3783 3506 3846; x_wconf 77' lang='grc' dir='ltr'>ἐστι,</span> <span class='ocrx_word' id='word_1_555' title='bbox 3528 3784 3725 3837; x_wconf 75' lang='grc' dir='ltr'>καθαι-</span> 
     </span>
    </p>
   </div>
   <div class='ocr_carea' id='block_1_80' title="bbox 2136 3875 3724 3949">
    <p class='ocr_par' dir='ltr' id='par_1_80' title="bbox 2136 3875 3724 3949">
     <span class='ocr_line' id='line_1_80' title="bbox 2136 3875 3724 3949; baseline -0.003 -19"><span class='ocrx_word' id='word_1_556' title='bbox 2136 3879 2360 3949; x_wconf 83' lang='grc' dir='ltr'>ρόμενον</span> <span class='ocrx_word' id='word_1_557' title='bbox 2381 3877 2468 3930; x_wconf 84' lang='grc' dir='ltr'>διὰ</span> <span class='ocrx_word' id='word_1_558' title='bbox 2497 3875 2712 3947; x_wconf 82' lang='grc' dir='ltr'>νεφρῶν</span> <span class='ocrx_word' id='word_1_559' title='bbox 2731 3877 2778 3908; x_wconf 76' lang='lat'>”</span> <span class='ocrx_word' id='word_1_560' title='bbox 2817 3877 2912 3930; x_wconf 78' lang='grc' dir='ltr'><strong>καὶ</strong></span> <span class='ocrx_word' id='word_1_561' title='bbox 2958 3877 3282 3948; x_wconf 82' lang='grc' dir='ltr'>οὐρητήρων</span> <span class='ocrx_word' id='word_1_562' title='bbox 3301 3892 3315 3904; x_wconf 89' lang='grc'><strong>·</strong></span> <span class='ocrx_word' id='word_1_563' title='bbox 3376 3875 3724 3945; x_wconf 73' lang='grc' dir='ltr'>ὀνομάζεται</span> 
     </span>
    </p>
   </div>
   <div class='ocr_carea' id='block_1_81' title="bbox 2131 3963 3723 4037">
    <p class='ocr_par' dir='ltr' id='par_1_81' title="bbox 2131 3963 3723 4037">
     <span class='ocr_line' id='line_1_81' title="bbox 2131 3963 3723 4037; baseline -0.001 -16"><span class='ocrx_word' id='word_1_564' title='bbox 2131 3967 2188 4021; x_wconf 85' lang='grc' dir='ltr'>δὲ</span> <span class='ocrx_word' id='word_1_565' title='bbox 2221 3963 2429 4036; x_wconf 64' lang='grc' dir='ltr'>οὖρον.</span> <span class='ocrx_word' id='word_1_566' title='bbox 2492 3966 2566 4018; x_wconf 84' lang='grc' dir='ltr'>Τὸ</span> <span class='ocrx_word' id='word_1_567' title='bbox 2593 3965 2650 4018; x_wconf 82' lang='grc' dir='ltr'>δὲ</span> <span class='ocrx_word' id='word_1_568' title='bbox 2704 3965 2807 4035; x_wconf 85' lang='grc' dir='ltr'>τῆς</span> <span class='ocrx_word' id='word_1_569' title='bbox 2854 3965 3047 4037; x_wconf 78' lang='grc' dir='ltr'>τρίτης</span> <span class='ocrx_word' id='word_1_570' title='bbox 3093 3965 3312 4035; x_wconf 74' lang='grc' dir='ltr'>πέψεως</span> <span class='ocrx_word' id='word_1_571' title='bbox 3355 3967 3723 4036; x_wconf 73' lang='grc' dir='ltr'>περίττωμα.</span> 
     </span>
    </p>
   </div>
   <div class='ocr_carea' id='block_1_82' title="bbox 2132 4057 3721 4130">
    <p class='ocr_par' dir='ltr' id='par_1_82' title="bbox 2132 4057 3721 4130">
     <span class='ocr_line' id='line_1_82' title="bbox 2132 4057 3721 4130; baseline 0 -18"><span class='ocrx_word' id='word_1_572' title='bbox 2132 4058 2247 4113; x_wconf 81' lang='grc' dir='ltr'>ἔστι</span> <span class='ocrx_word' id='word_1_573' title='bbox 2299 4058 2393 4112; x_wconf 84' lang='grc' dir='ltr'>τοῦ</span> <span class='ocrx_word' id='word_1_574' title='bbox 2467 4059 2672 4122; x_wconf 84' lang='grc' dir='ltr'>παντὸς</span> <span class='ocrx_word' id='word_1_575' title='bbox 2717 4059 2993 4130; x_wconf 85' lang='grc' dir='ltr'>σώματος,</span> <span class='ocrx_word' id='word_1_576' title='bbox 3046 4059 3142 4112; x_wconf 58' lang='grc' dir='ltr'><strong>καὶ⁸</strong></span> <span class='ocrx_word' id='word_1_577' title='bbox 3178 4057 3437 4112; x_wconf 87' lang='grc' dir='ltr'>καλεῖται</span> <span class='ocrx_word' id='word_1_578' title='bbox 3515 4060 3721 4128; x_wconf 69' lang='grc' dir='ltr'>ἱδρώς·</span> 
     </span>
    </p>
   </div>
   <div class='ocr_carea' id='block_1_83' title="bbox 2134 4150 3722 4221">
    <p class='ocr_par' dir='ltr' id='par_1_83' title="bbox 2134 4150 3722 4221">
     <span class='ocr_line' id='line_1_83' title="bbox 2134 4150 3722 4221; baseline -0.001 -17"><span class='ocrx_word' id='word_1_579' title='bbox 2134 4150 2454 4221; x_wconf 88' lang='grc' dir='ltr'>καθαίρεται</span> <span class='ocrx_word' id='word_1_580' title='bbox 2493 4151 2552 4204; x_wconf 83' lang='grc' dir='ltr'>δὲ</span> <span class='ocrx_word' id='word_1_581' title='bbox 2584 4150 2674 4204; x_wconf 79' lang='grc' dir='ltr'><strong>διὰ</strong></span> <span class='ocrx_word' id='word_1_582' title='bbox 2723 4151 2834 4204; x_wconf 89' lang='grc' dir='ltr'><strong>τῶν</strong></span> <span class='ocrx_word' id='word_1_583' title='bbox 2889 4150 3104 4220; x_wconf 83' lang='grc' dir='ltr'>ἀδήλων</span> <span class='ocrx_word' id='word_1_584' title='bbox 3152 4150 3360 4221; x_wconf 86' lang='grc' dir='ltr'>πόρων.</span> <span class='ocrx_word' id='word_1_585' title='bbox 3406 4151 3618 4205; x_wconf 80' lang='grc' dir='ltr'>Ταῦτα</span> <span class='ocrx_word' id='word_1_586' title='bbox 3670 4153 3722 4204; x_wconf 77' lang='grc' dir='ltr'>δὲ</span> 
     </span>
    </p>
   </div>
   <div class='ocr_carea' id='block_1_84' title="bbox 2133 4241 3725 4314">
    <p class='ocr_par' dir='ltr' id='par_1_84' title="bbox 2133 4241 3725 4314">
     <span class='ocr_line' id='line_1_84' title="bbox 2133 4241 3725 4314; baseline 0.001 -17"><span class='ocrx_word' id='word_1_587' title='bbox 2133 4243 2311 4297; x_wconf 80' lang='grc' dir='ltr'>πάντα</span> <span class='ocrx_word' id='word_1_588' title='bbox 2337 4243 2581 4313; x_wconf 83' lang='grc' dir='ltr'>γέγονεν,</span> <span class='ocrx_word' id='word_1_589' title='bbox 2613 4243 2700 4296; x_wconf 78' lang='grc' dir='ltr'><strong>ἵνα</strong></span> <span class='ocrx_word' id='word_1_590' title='bbox 2734 4241 2810 4314; x_wconf 81' lang='grc' dir='ltr'>μὴ</span> <span class='ocrx_word' id='word_1_591' title='bbox 2846 4241 3169 4312; x_wconf 78' lang='grc' dir='ltr'>χρονίζοντα</span> <span class='ocrx_word' id='word_1_592' title='bbox 3209 4242 3463 4312; x_wconf 80' lang='grc' dir='ltr'>σὴπηται</span> <span class='ocrx_word' id='word_1_593' title='bbox 3503 4245 3572 4296; x_wconf 79' lang='grc' dir='ltr'>ὲν</span> <span class='ocrx_word' id='word_1_594' title='bbox 3618 4246 3725 4299; x_wconf 73' lang='grc' dir='ltr'>τοῖς</span> 
     </span>
    </p>
   </div>
   <div class='ocr_carea' id='block_1_85' title="bbox 2132 4331 3726 4404">
    <p class='ocr_par' dir='ltr' id='par_1_85' title="bbox 2132 4331 3726 4404">
     <span class='ocr_line' id='line_1_85' title="bbox 2132 4331 3726 4404; baseline 0.001 -18"><span class='ocrx_word' id='word_1_595' title='bbox 2132 4333 2371 4404; x_wconf 78' lang='grc' dir='ltr'>ἐντέροις</span> <span class='ocrx_word' id='word_1_596' title='bbox 2387 4331 2434 4365; x_wconf 60' lang='grc'><strong>’⁸</strong></span> <span class='ocrx_word' id='word_1_597' title='bbox 2460 4333 2554 4386; x_wconf 79' lang='grc' dir='ltr'><strong>καὶ</strong></span> <span class='ocrx_word' id='word_1_598' title='bbox 2601 4331 2806 4403; x_wconf 80' lang='grc' dir='ltr'>βλάϐην</span> <span class='ocrx_word' id='word_1_599' title='bbox 2835 4333 2898 4385; x_wconf 88' lang='grc' dir='ltr'><strong>ού</strong></span> <span class='ocrx_word' id='word_1_600' title='bbox 2924 4331 3027 4403; x_wconf 83' lang='grc' dir='ltr'>τὴν</span> <span class='ocrx_word' id='word_1_601' title='bbox 3071 4331 3340 4402; x_wconf 81' lang='grc' dir='ltr'>τυχοῦσαν</span> <span class='ocrx_word' id='word_1_602' title='bbox 3390 4334 3726 4403; x_wconf 64' lang='grc' dir='ltr'>ἐπιφέρει⁸⁸</span> 
     </span>
    </p>
   </div>
   <div class='ocr_carea' id='block_1_86' title="bbox 2131 4421 3727 4494">
    <p class='ocr_par' dir='ltr' id='par_1_86' title="bbox 2131 4421 3727 4494">
     <span class='ocr_line' id='line_1_86' title="bbox 2131 4421 3727 4494; baseline 0.001 -19"><span class='ocrx_word' id='word_1_603' title='bbox 2131 4422 2210 4493; x_wconf 82' lang='grc' dir='ltr'>τῷ</span> <span class='ocrx_word' id='word_1_604' title='bbox 2235 4421 2384 4493; x_wconf 57' lang='lat' dir='ltr'><strong>{dtur</strong></span> <span class='ocrx_word' id='word_1_605' title='bbox 2415 4423 2550 4476; x_wconf 72' lang='grc' dir='ltr'>πᾶσι</span> <span class='ocrx_word' id='word_1_606' title='bbox 2579 4421 2638 4474; x_wconf 82' lang='grc' dir='ltr'>δὲ</span> <span class='ocrx_word' id='word_1_607' title='bbox 2667 4423 2780 4485; x_wconf 84' lang='grc' dir='ltr'>τοῖς</span> <span class='ocrx_word' id='word_1_608' title='bbox 2812 4421 3222 4493; x_wconf 74' lang='grc' dir='ltr'>ὲκκρινομένοις</span> <span class='ocrx_word' id='word_1_609' title='bbox 3252 4422 3365 4475; x_wconf 74' lang='grc' dir='ltr'><strong>ἀπὸ</strong></span> <span class='ocrx_word' id='word_1_610' title='bbox 3397 4423 3502 4476; x_wconf 75' lang='grc' dir='ltr'>τοῦ</span> <span class='ocrx_word' id='word_1_611' title='bbox 3537 4424 3727 4494; x_wconf 80' lang='grc' dir='ltr'>σῶμα·</span> 
     </span>
    </p>
   </div>
   <div class='ocr_carea' id='block_1_87' title="bbox 2134 4514 3721 4586">
    <p class='ocr_par' dir='ltr' id='par_1_87' title="bbox 2134 4514 3721 4586">
     <span class='ocr_line' id='line_1_87' title="bbox 2134 4514 3721 4586; baseline 0.001 -20"><span class='ocrx_word' id='word_1_612' title='bbox 2134 4531 2225 4578; x_wconf 87' lang='grc' dir='ltr'><strong>τος</strong></span> <span class='ocrx_word' id='word_1_613' title='bbox 2254 4516 2529 4585; x_wconf 86' lang='grc' dir='ltr'>περιττοῖς</span> <span class='ocrx_word' id='word_1_614' title='bbox 2560 4514 2977 4585; x_wconf 83' lang='grc' dir='ltr'>συνεκκρίνεται</span> <span class='ocrx_word' id='word_1_615' title='bbox 3026 4515 3124 4568; x_wconf 81' lang='grc' dir='ltr'><strong>καὶ</strong></span> <span class='ocrx_word' id='word_1_616' title='bbox 3169 4515 3411 4578; x_wconf 73' lang='grc' dir='ltr'>ζωτικὸν</span> <span class='ocrx_word' id='word_1_617' title='bbox 3470 4517 3721 4586; x_wconf 71' lang='grc' dir='ltr'>πνεῦμα,</span> 
     </span>
    </p>
   </div>
   <div class='ocr_carea' id='block_1_88' title="bbox 450 4593 2030 4678">
    <p class='ocr_par' dir='ltr' id='par_1_88' title="bbox 450 4605 2021 4673">
     <span class='ocr_line' id='line_1_88' title="bbox 450 4605 2021 4673; baseline -0.001 -11"><span class='ocrx_word' id='word_1_618' title='bbox 450 4619 657 4673; x_wconf 89' lang='lat' dir='ltr'><strong>rentur,</strong></span> <span class='ocrx_word' id='word_1_619' title='bbox 699 4609 843 4663; x_wconf 87' lang='lat' dir='ltr'><strong>unde</strong></span> <span class='ocrx_word' id='word_1_620' title='bbox 864 4605 1086 4662; x_wconf 86' lang='lat' dir='ltr'><strong>animali</strong></span> <span class='ocrx_word' id='word_1_621' title='bbox 1111 4605 1400 4660; x_wconf 86' lang='lat' dir='ltr'><strong>innumera</strong></span> <span class='ocrx_word' id='word_1_622' title='bbox 1425 4605 1625 4658; x_wconf 88' lang='lat' dir='ltr'><strong>damna</strong></span> <span class='ocrx_word' id='word_1_623' title='bbox 1660 4605 2021 4673; x_wconf 76' lang='lat' dir='ltr'><strong>ingruerent;</strong></span> 
     </span>
    </p>
   </div>
   <div class='ocr_carea' id='block_1_89' title="bbox 2136 4593 3722 4678">
    <p class='ocr_par' dir='ltr' id='par_1_89' title="bbox 2136 4604 3722 4678">
     <span class='ocr_line' id='line_1_89' title="bbox 2136 4604 3722 4678; baseline 0.001 -20"><span class='ocrx_word' id='word_1_624' title='bbox 2136 4608 2189 4659; x_wconf 79' lang='grc' dir='ltr'>ὲν</span> <span class='ocrx_word' id='word_1_625' title='bbox 2211 4607 2420 4677; x_wconf 84' lang='grc' dir='ltr'>κόπρῳ,</span> <span class='ocrx_word' id='word_1_626' title='bbox 2453 4607 2510 4658; x_wconf 81' lang='grc' dir='ltr'>ἐν</span> <span class='ocrx_word' id='word_1_627' title='bbox 2541 4604 2707 4676; x_wconf 74' lang='grc' dir='ltr'>οὔρῳ,</span> <span class='ocrx_word' id='word_1_628' title='bbox 2757 4607 2814 4659; x_wconf 83' lang='grc' dir='ltr'>ὲν</span> <span class='ocrx_word' id='word_1_629' title='bbox 2861 4605 3213 4676; x_wconf 81' lang='grc' dir='ltr'>πτύσμασι⁹⁶</span> <span class='ocrx_word' id='word_1_630' title='bbox 3257 4605 3354 4658; x_wconf 76' lang='grc' dir='ltr'><strong>καὶ</strong></span> <span class='ocrx_word' id='word_1_631' title='bbox 3405 4607 3468 4659; x_wconf 75' lang='grc' dir='ltr'>ὲν</span> <span class='ocrx_word' id='word_1_632' title='bbox 3506 4609 3722 4678; x_wconf 79' lang='grc' dir='ltr'>ἱδρῶτι.</span> 
     </span>
    </p>
   </div>
   <div class='ocr_carea' id='block_1_90' title="bbox 449 4697 2026 4767">
    <p class='ocr_par' dir='ltr' id='par_1_90' title="bbox 449 4697 2026 4767">
     <span class='ocr_line' id='line_1_90' title="bbox 449 4697 2026 4767; baseline -0.001 -13"><span class='ocrx_word' id='word_1_633' title='bbox 449 4717 574 4755; x_wconf 90' lang='lat' dir='ltr'><strong>nam</strong></span> <span class='ocrx_word' id='word_1_634' title='bbox 626 4701 740 4756; x_wconf 84' lang='lat' dir='ltr'><strong>sive</strong></span> <span class='ocrx_word' id='word_1_635' title='bbox 766 4700 972 4756; x_wconf 90' lang='lat' dir='ltr'><strong>siccum</strong></span> <span class='ocrx_word' id='word_1_636' title='bbox 1009 4713 1040 4752; x_wconf 91' lang='lat' dir='ltr'><strong>e</strong></span> <span class='ocrx_word' id='word_1_637' title='bbox 1086 4711 1334 4767; x_wconf 81' lang='lat' dir='ltr'><strong>corpore,</strong></span> <span class='ocrx_word' id='word_1_638' title='bbox 1370 4697 1486 4752; x_wconf 88' lang='lat' dir='ltr'><strong>sive</strong></span> <span class='ocrx_word' id='word_1_639' title='bbox 1511 4697 1796 4752; x_wconf 89' lang='lat' dir='ltr'><strong>humidum</strong></span> <span class='ocrx_word' id='word_1_640' title='bbox 1836 4713 2026 4752; x_wconf 84' lang='lat' dir='ltr'><strong>excre-</strong></span> 
     </span>
    </p>
   </div>
   <div class='ocr_carea' id='block_1_91' title="bbox 450 4785 2019 4856">
    <p class='ocr_par' dir='ltr' id='par_1_91' title="bbox 450 4785 2019 4856">
     <span class='ocr_line' id='line_1_91' title="bbox 450 4785 2019 4856; baseline -0.004 -11"><span class='ocrx_word' id='word_1_641' title='bbox 450 4799 689 4846; x_wconf 91' lang='lat' dir='ltr'><strong>mentum</strong></span> <span class='ocrx_word' id='word_1_642' title='bbox 729 4789 1047 4853; x_wconf 89' lang='lat' dir='ltr'><strong>sudoresve,</strong></span> <span class='ocrx_word' id='word_1_643' title='bbox 1086 4796 1180 4842; x_wconf 91' lang='lat' dir='ltr'><strong>aut</strong></span> <span class='ocrx_word' id='word_1_644' title='bbox 1211 4796 1369 4856; x_wconf 90' lang='lat' dir='ltr'><strong>sputa</strong></span> <span class='ocrx_word' id='word_1_645' title='bbox 1415 4785 1636 4842; x_wconf 83' lang='lat' dir='ltr'><strong>cxcerni</strong></span> <span class='ocrx_word' id='word_1_646' title='bbox 1690 4786 2019 4856; x_wconf 81' lang='lat' dir='ltr'><strong>contigerit,</strong></span> 
     </span>
    </p>
   </div>
   <div class='ocr_carea' id='block_1_92' title="bbox 449 4875 2024 4949">
    <p class='ocr_par' dir='ltr' id='par_1_92' title="bbox 449 4875 2024 4949">
     <span class='ocr_line' id='line_1_92' title="bbox 449 4875 2024 4949; baseline -0.003 -13"><span class='ocrx_word' id='word_1_647' title='bbox 449 4897 572 4936; x_wconf 91' lang='lat' dir='ltr'><strong>cum</strong></span> <span class='ocrx_word' id='word_1_648' title='bbox 603 4881 754 4935; x_wconf 85' lang='lat' dir='ltr'><strong>vitali</strong></span> <span class='ocrx_word' id='word_1_649' title='bbox 778 4879 974 4949; x_wconf 79' lang='lat' dir='ltr'><strong>Spiritu</strong></span> <span class='ocrx_word' id='word_1_650' title='bbox 1008 4886 1160 4932; x_wconf 90' lang='lat' dir='ltr'><strong>extra</strong></span> <span class='ocrx_word' id='word_1_651' title='bbox 1194 4877 1462 4932; x_wconf 82' lang='lat' dir='ltr'><strong>feruntur.</strong></span> <span class='ocrx_word' id='word_1_652' title='bbox 1505 4875 1767 4931; x_wconf 82' lang='lat' dir='ltr'><strong>Intestina</strong></span> <span class='ocrx_word' id='word_1_653' title='bbox 1790 4892 2024 4947; x_wconf 86' lang='lat' dir='ltr'><strong>namque</strong></span> 
     </span>
    </p>
   </div>
   <div class='ocr_carea' id='block_1_93' title="bbox 449 4964 2019 5042">
    <p class='ocr_par' dir='ltr' id='par_1_93' title="bbox 449 4964 2019 5042">
     <span class='ocr_line' id='line_1_93' title="bbox 449 4964 2019 5042; baseline -0.001 -19"><span class='ocrx_word' id='word_1_654' title='bbox 449 4971 660 5042; x_wconf 75' lang='grc' dir='ltr'>ἔντερα,</span> <span class='ocrx_word' id='word_1_655' title='bbox 687 4964 800 5024; x_wconf 73' lang='grc' dir='ltr'>οἷον</span> <span class='ocrx_word' id='word_1_656' title='bbox 843 4967 1030 5022; x_wconf 84' lang='grc' dir='ltr'>ἔντελα</span> <span class='ocrx_word' id='word_1_657' title='bbox 1062 4967 1168 5020; x_wconf 82' lang='grc' dir='ltr'><strong>ἀπὸ</strong></span> <span class='ocrx_word' id='word_1_658' title='bbox 1198 4967 1292 5020; x_wconf 80' lang='grc' dir='ltr'><strong>τοῦ</strong></span> <span class='ocrx_word' id='word_1_659' title='bbox 1347 4967 1604 5021; x_wconf 85' lang='grc' dir='ltr'>εἰλεῖσθαι</span> <span class='ocrx_word' id='word_1_660' title='bbox 1657 4968 1799 5023; x_wconf 85' lang='lat' dir='ltr'><strong>dicta</strong></span> <span class='ocrx_word' id='word_1_661' title='bbox 1871 4979 2019 5032; x_wconf 90' lang='lat' dir='ltr'><strong>sunt,</strong></span> 
     </span>
    </p>
   </div>
   <div class='ocr_carea' id='block_1_94' title="bbox 449 5059 2023 5132">
    <p class='ocr_par' dir='ltr' id='par_1_94' title="bbox 449 5059 2023 5132">
     <span class='ocr_line' id='line_1_94' title="bbox 449 5059 2023 5132; baseline -0.003 -15"><span class='ocrx_word' id='word_1_662' title='bbox 449 5064 592 5132; x_wconf 89' lang='lat' dir='ltr'><strong>quod</strong></span> <span class='ocrx_word' id='word_1_663' title='bbox 612 5063 859 5118; x_wconf 88' lang='lat' dir='ltr'><strong>videlicet</strong></span> <span class='ocrx_word' id='word_1_664' title='bbox 894 5063 1041 5115; x_wconf 90' lang='lat' dir='ltr'><strong>intus</strong></span> <span class='ocrx_word' id='word_1_665' title='bbox 1089 5059 1330 5114; x_wconf 86' lang='lat' dir='ltr'><strong>involuta</strong></span> <span class='ocrx_word' id='word_1_666' title='bbox 1387 5061 1713 5116; x_wconf 89' lang='lat' dir='ltr'><strong>consistant.</strong></span> <span class='ocrx_word' id='word_1_667' title='bbox 1775 5061 1870 5116; x_wconf 82' lang='lat' dir='ltr'><strong>Vel</strong></span> <span class='ocrx_word' id='word_1_668' title='bbox 1914 5061 2023 5114; x_wconf 85' lang='grc' dir='ltr'><strong>ἀπὸ</strong></span> 
     </span>
    </p>
   </div>
   <div class='ocr_carea' id='block_1_95' title="bbox 447 5151 2020 5227">
    <p class='ocr_par' dir='ltr' id='par_1_95' title="bbox 447 5151 2020 5227">
     <span class='ocr_line' id='line_1_95' title="bbox 447 5151 2020 5227; baseline -0.001 -18"><span class='ocrx_word' id='word_1_669' title='bbox 447 5156 541 5210; x_wconf 81' lang='grc' dir='ltr'>τοῦ</span> <span class='ocrx_word' id='word_1_670' title='bbox 569 5157 699 5227; x_wconf 73' lang='grc' dir='ltr'>ῥεῖν,</span> <span class='ocrx_word' id='word_1_671' title='bbox 728 5154 872 5226; x_wconf 91' lang='lat' dir='ltr'><strong>quod</strong></span> <span class='ocrx_word' id='word_1_672' title='bbox 897 5168 994 5224; x_wconf 87' lang='lat' dir='ltr'><strong>per</strong></span> <span class='ocrx_word' id='word_1_673' title='bbox 1019 5152 1136 5223; x_wconf 89' lang='lat' dir='ltr'><strong>ipsa</strong></span> <span class='ocrx_word' id='word_1_674' title='bbox 1190 5151 1432 5207; x_wconf 84' lang='lat' dir='ltr'><strong>alimenti</strong></span> <span class='ocrx_word' id='word_1_675' title='bbox 1455 5153 1761 5208; x_wconf 81' lang='lat' dir='ltr'><strong>exuberans</strong></span> <span class='ocrx_word' id='word_1_676' title='bbox 1793 5154 2020 5208; x_wconf 86' lang='lat' dir='ltr'><strong>materia</strong></span> 
     </span>
    </p>
   </div>
   <div class='ocr_carea' id='block_1_96' title="bbox 519 5311 1352 5381">
    <p class='ocr_par' dir='ltr' id='par_1_96' title="bbox 519 5311 1352 5381">
     <span class='ocr_line' id='line_1_96' title="bbox 519 5311 1352 5381; baseline -0.002 -15"><span class='ocrx_word' id='word_1_677' title='bbox 519 5314 566 5347; x_wconf 78' lang='grc'><strong>⁸³</strong></span> <span class='ocrx_word' id='word_1_678' title='bbox 596 5313 657 5366; x_wconf 74' lang='grc' dir='ltr'><strong>τὸ</strong></span> <span class='ocrx_word' id='word_1_679' title='bbox 688 5329 799 5370; x_wconf 92' lang='lat' dir='ltr'><strong>om.</strong></span> <span class='ocrx_word' id='word_1_680' title='bbox 837 5311 898 5366; x_wconf 87' lang='grc' dir='ltr'><strong>Β.</strong></span> <span class='ocrx_word' id='word_1_681' title='bbox 931 5312 978 5345; x_wconf 71' lang='grc'><strong>⁸⁵</strong></span> <span class='ocrx_word' id='word_1_682' title='bbox 1013 5328 1244 5381; x_wconf 84' lang='grc' dir='ltr'>γινωσκ.</span> <span class='ocrx_word' id='word_1_683' title='bbox 1280 5311 1352 5380; x_wconf 84' lang='grc' dir='ltr'>γὰ</span> 
     </span>
    </p>
   </div>
   <div class='ocr_carea' id='block_1_97' title="bbox 449 5381 1788 5454">
    <p class='ocr_par' dir='ltr' id='par_1_97' title="bbox 449 5381 1788 5454">
     <span class='ocr_line' id='line_1_97' title="bbox 449 5381 1788 5454; baseline 0.004 -22"><span class='ocrx_word' id='word_1_684' title='bbox 449 5386 579 5452; x_wconf 74' lang='grc' dir='ltr'>γοὺς</span> <span class='ocrx_word' id='word_1_685' title='bbox 605 5385 670 5437; x_wconf 86' lang='grc' dir='ltr'><strong>Α.</strong></span> <span class='ocrx_word' id='word_1_686' title='bbox 745 5383 792 5415; x_wconf 80' lang='grc'><strong>⁸⁸</strong></span> <span class='ocrx_word' id='word_1_687' title='bbox 823 5382 1184 5454; x_wconf 81' lang='grc' dir='ltr'>καθαίρεσθαι</span> <span class='ocrx_word' id='word_1_688' title='bbox 1209 5384 1290 5436; x_wconf 88' lang='grc' dir='ltr'><strong>δεῖ</strong></span> <span class='ocrx_word' id='word_1_689' title='bbox 1305 5381 1385 5454; x_wconf 14' lang='grc' dir='ltr'><strong>κτὰ</strong></span> <span class='ocrx_word' id='word_1_690' title='bbox 1420 5381 1548 5452; x_wconf 79' lang='grc' dir='ltr'>περ.</span> <span class='ocrx_word' id='word_1_691' title='bbox 1583 5383 1624 5454; x_wconf 86' lang='grc' dir='ltr'>Β</span> <span class='ocrx_word' id='word_1_692' title='bbox 1653 5381 1694 5436; x_wconf 90' lang='lat' dir='ltr'><strong>C</strong></span> <span class='ocrx_word' id='word_1_693' title='bbox 1727 5384 1788 5435; x_wconf 84' lang='lat' dir='ltr'><strong>P.</strong></span> 
     </span>
    </p>
   </div>
   <div class='ocr_carea' id='block_1_98' title="bbox 1428 5311 2652 5384">
    <p class='ocr_par' dir='ltr' id='par_1_98' title="bbox 1428 5311 2652 5384">
     <span class='ocr_line' id='line_1_98' title="bbox 1428 5311 2652 5384; baseline 0.003 -20"><span class='ocrx_word' id='word_1_694' title='bbox 1428 5314 1462 5382; x_wconf 79' lang='grc' dir='ltr'><strong>ἡ</strong></span> <span class='ocrx_word' id='word_1_695' title='bbox 1511 5312 1776 5384; x_wconf 33' lang='grc' dir='ltr'>δημκκαὶ</span> <span class='ocrx_word' id='word_1_696' title='bbox 1807 5312 1933 5384; x_wconf 77' lang='grc' dir='ltr'>κηδ.</span> <span class='ocrx_word' id='word_1_697' title='bbox 2001 5311 2042 5365; x_wconf 87' lang='grc' dir='ltr'><strong>Β</strong></span> <span class='ocrx_word' id='word_1_698' title='bbox 2075 5313 2120 5346; x_wconf 80' lang='grc'>⁸⁸</span> <span class='ocrx_word' id='word_1_699' title='bbox 2158 5314 2466 5384; x_wconf 79' lang='grc' dir='ltr'>δακνόμενα</span> <span class='ocrx_word' id='word_1_700' title='bbox 2514 5313 2551 5367; x_wconf 85' lang='grc' dir='ltr'><strong>Β</strong></span> <span class='ocrx_word' id='word_1_701' title='bbox 2590 5317 2652 5368; x_wconf 87' lang='grc' dir='ltr'><strong>Ρ.</strong></span> 
     </span>
    </p>
   </div>
   <div class='ocr_carea' id='block_1_99' title="bbox 1896 5383 2959 5452">
    <p class='ocr_par' dir='ltr' id='par_1_99' title="bbox 1896 5383 2959 5452">
     <span class='ocr_line' id='line_1_99' title="bbox 1896 5383 2959 5452; baseline 0.005 -17"><span class='ocrx_word' id='word_1_702' title='bbox 1896 5383 1941 5414; x_wconf 75' lang='grc'><strong>⁸⁸</strong></span> <span class='ocrx_word' id='word_1_703' title='bbox 1985 5383 2465 5452; x_wconf 79' lang='grc' dir='ltr'>ὲπιμελόμενοιΑ.</span> <span class='ocrx_word' id='word_1_704' title='bbox 2532 5386 2580 5416; x_wconf 84' lang='lat'><strong>’°</strong></span> <span class='ocrx_word' id='word_1_705' title='bbox 2650 5387 2716 5439; x_wconf 80' lang='grc' dir='ltr'><strong>ἐκ</strong></span> <span class='ocrx_word' id='word_1_706' title='bbox 2780 5385 2829 5440; x_wconf 83' lang='grc' dir='ltr'><strong>λ.</strong></span> <span class='ocrx_word' id='word_1_707' title='bbox 2899 5383 2959 5440; x_wconf 68' lang='grc' dir='ltr'><strong>Βζ</strong></span> 
     </span>
    </p>
   </div>
   <div class='ocr_carea' id='block_1_100' title="bbox 2137 4695 3721 4764">
    <p class='ocr_par' dir='ltr' id='par_1_100' title="bbox 2137 4695 3721 4764">
     <span class='ocr_line' id='line_1_100' title="bbox 2137 4695 3721 4764; baseline 0.003 -15"><span class='ocrx_word' id='word_1_708' title='bbox 2137 4697 2386 4764; x_wconf 76' lang='grc' dir='ltr'>Ἕντερα</span> <span class='ocrx_word' id='word_1_709' title='bbox 2440 4696 2496 4749; x_wconf 86' lang='grc' dir='ltr'>δὲ</span> <span class='ocrx_word' id='word_1_710' title='bbox 2548 4695 2768 4764; x_wconf 83' lang='grc' dir='ltr'>λέγεται</span> <span class='ocrx_word' id='word_1_711' title='bbox 2806 4696 2914 4750; x_wconf 83' lang='grc' dir='ltr'><strong>ἀπὸ</strong></span> <span class='ocrx_word' id='word_1_712' title='bbox 2945 4697 2991 4728; x_wconf 82' lang='grc'><strong>⁹⁷</strong></span> <span class='ocrx_word' id='word_1_713' title='bbox 3048 4696 3144 4748; x_wconf 80' lang='grc' dir='ltr'><strong>τοῦ</strong></span> <span class='ocrx_word' id='word_1_714' title='bbox 3193 4696 3345 4760; x_wconf 75' lang='grc' dir='ltr'>ἐντὸς</span> <span class='ocrx_word' id='word_1_715' title='bbox 3405 4699 3721 4753; x_wconf 72' lang='grc' dir='ltr'>εἰλεῖσθαι’</span> 
     </span>
    </p>
   </div>
   <div class='ocr_carea' id='block_1_101' title="bbox 2129 4783 3722 4860">
    <p class='ocr_par' dir='ltr' id='par_1_101' title="bbox 2129 4783 3722 4860">
     <span class='ocr_line' id='line_1_101' title="bbox 2129 4783 3722 4860; baseline 0.003 -20"><span class='ocrx_word' id='word_1_716' title='bbox 2129 4783 2243 4840; x_wconf 70' lang='grc' dir='ltr'>οἷον</span> <span class='ocrx_word' id='word_1_717' title='bbox 2267 4787 2478 4852; x_wconf 78' lang='grc' dir='ltr'>ἔντελα,</span> <span class='ocrx_word' id='word_1_718' title='bbox 2503 4788 2571 4842; x_wconf 80' lang='grc' dir='ltr'>τὰ</span> <span class='ocrx_word' id='word_1_719' title='bbox 2595 4788 2747 4852; x_wconf 77' lang='grc' dir='ltr'>ἐντὸς</span> <span class='ocrx_word' id='word_1_720' title='bbox 2773 4788 3062 4859; x_wconf 84' lang='grc' dir='ltr'>εἱλούμενα</span> <span class='ocrx_word' id='word_1_721' title='bbox 3080 4806 3093 4820; x_wconf 92' lang='grc'><strong>·</strong></span> <span class='ocrx_word' id='word_1_722' title='bbox 3116 4789 3148 4860; x_wconf 80' lang='grc' dir='ltr'>ἢ</span> <span class='ocrx_word' id='word_1_723' title='bbox 3170 4788 3278 4842; x_wconf 75' lang='grc' dir='ltr'><strong>ἀπὸ</strong></span> <span class='ocrx_word' id='word_1_724' title='bbox 3303 4789 3407 4842; x_wconf 80' lang='grc' dir='ltr'><strong>τοῦ</strong></span> <span class='ocrx_word' id='word_1_725' title='bbox 3436 4791 3514 4844; x_wconf 77' lang='grc' dir='ltr'>δι’</span> <span class='ocrx_word' id='word_1_726' title='bbox 3544 4794 3722 4846; x_wconf 72' lang='grc' dir='ltr'>αὐτῶν</span> 
     </span>
    </p>
   </div>
   <div class='ocr_carea' id='block_1_102' title="bbox 2131 4879 3720 4952">
    <p class='ocr_par' dir='ltr' id='par_1_102' title="bbox 2131 4879 3720 4952">
     <span class='ocr_line' id='line_1_102' title="bbox 2131 4879 3720 4952; baseline 0.001 -20"><span class='ocrx_word' id='word_1_727' title='bbox 2131 4883 2245 4950; x_wconf 76' lang='grc' dir='ltr'>ῥεῖν</span> <span class='ocrx_word' id='word_1_728' title='bbox 2266 4880 2315 4912; x_wconf 72' lang='grc'><strong>⁸⁸</strong></span> <span class='ocrx_word' id='word_1_729' title='bbox 2345 4879 2441 4949; x_wconf 86' lang='grc' dir='ltr'>τὴν</span> <span class='ocrx_word' id='word_1_730' title='bbox 2471 4879 2583 4933; x_wconf 83' lang='grc' dir='ltr'><strong>ἀπὸ</strong></span> <span class='ocrx_word' id='word_1_731' title='bbox 2621 4879 2725 4949; x_wconf 84' lang='grc' dir='ltr'>τῆς</span> <span class='ocrx_word' id='word_1_732' title='bbox 2757 4879 2969 4952; x_wconf 85' lang='grc' dir='ltr'>τροφῆς</span> <span class='ocrx_word' id='word_1_733' title='bbox 3019 4880 3303 4949; x_wconf 87' lang='grc' dir='ltr'>περίσειαν</span> <span class='ocrx_word' id='word_1_734' title='bbox 3329 4895 3342 4909; x_wconf 86' lang='lat'><strong><em>°</em></strong></span> <span class='ocrx_word' id='word_1_735' title='bbox 3390 4880 3720 4949; x_wconf 77' lang='grc' dir='ltr'>λέγονται¹¹</span> 
     </span>
    </p>
   </div>
   <div class='ocr_carea' id='block_1_103' title="bbox 2128 4970 3721 5043">
    <p class='ocr_par' dir='ltr' id='par_1_103' title="bbox 2128 4970 3721 5043">
     <span class='ocr_line' id='line_1_103' title="bbox 2128 4970 3721 5043; baseline -0.001 -19"><span class='ocrx_word' id='word_1_736' title='bbox 2128 4971 2184 5024; x_wconf 80' lang='grc' dir='ltr'>δὲ</span> <span class='ocrx_word' id='word_1_737' title='bbox 2245 4970 2510 5036; x_wconf 75' lang='grc' dir='ltr'>ἐνόιναί,</span> <span class='ocrx_word' id='word_1_738' title='bbox 2545 4971 2622 5035; x_wconf 85' lang='grc' dir='ltr'><strong>ῶς</strong></span> <span class='ocrx_word' id='word_1_739' title='bbox 2669 4972 2988 5041; x_wconf 78' lang='grc' dir='ltr'>Ὅμηρος²ο</span> <span class='ocrx_word' id='word_1_740' title='bbox 3039 4971 3272 5039; x_wconf 75' lang='grc' dir='ltr'>ψαῦσαι</span> <span class='ocrx_word' id='word_1_741' title='bbox 3325 4971 3607 5027; x_wconf 75' lang='grc' dir='ltr'>ἐνδίνων</span> <span class='ocrx_word' id='word_1_742' title='bbox 3626 4974 3721 5043; x_wconf 81' lang='lat' dir='ltr'><strong>(d),</strong></span> 
     </span>
    </p>
   </div>
   <div class='ocr_carea' id='block_1_104' title="bbox 2132 5061 3718 5136">
    <p class='ocr_par' dir='ltr' id='par_1_104' title="bbox 2132 5061 3718 5136">
     <span class='ocr_line' id='line_1_104' title="bbox 2132 5061 3718 5136; baseline 0.001 -22"><span class='ocrx_word' id='word_1_743' title='bbox 2132 5063 2314 5115; x_wconf 76' lang='grc' dir='ltr'>ἔνδινὰ</span> <span class='ocrx_word' id='word_1_744' title='bbox 2346 5079 2465 5116; x_wconf 86' lang='grc' dir='ltr'>τινα</span> <span class='ocrx_word' id='word_1_745' title='bbox 2488 5061 2640 5129; x_wconf 72' lang='grc' dir='ltr'>ὄντα,</span> <span class='ocrx_word' id='word_1_746' title='bbox 2674 5063 2744 5115; x_wconf 83' lang='grc' dir='ltr'>τὰ</span> <span class='ocrx_word' id='word_1_747' title='bbox 2770 5062 2923 5125; x_wconf 79' lang='grc' dir='ltr'>ἐντὸς</span> <span class='ocrx_word' id='word_1_748' title='bbox 2955 5061 3066 5115; x_wconf 82' lang='grc' dir='ltr'><strong>τῶν</strong></span> <span class='ocrx_word' id='word_1_749' title='bbox 3107 5063 3230 5116; x_wconf 89' lang='grc' dir='ltr'>ἰνῶν</span> <span class='ocrx_word' id='word_1_750' title='bbox 3259 5062 3331 5132; x_wconf 78' lang='grc' dir='ltr'><strong>ἦ³</strong></span> <span class='ocrx_word' id='word_1_751' title='bbox 3358 5065 3475 5117; x_wconf 80' lang='grc' dir='ltr'><strong>τῶν</strong></span> <span class='ocrx_word' id='word_1_752' title='bbox 3519 5065 3718 5136; x_wconf 69' lang='grc' dir='ltr'>μελῶν.</span> 
     </span>
    </p>
   </div>
   <div class='ocr_carea' id='block_1_105' title="bbox 2133 5154 3722 5228">
    <p class='ocr_par' dir='ltr' id='par_1_105' title="bbox 2133 5154 3722 5228">
     <span class='ocr_line' id='line_1_105' title="bbox 2133 5154 3722 5228; baseline 0.003 -21"><span class='ocrx_word' id='word_1_753' title='bbox 2133 5154 2244 5208; x_wconf 71' lang='grc' dir='ltr'>Καὶ</span> <span class='ocrx_word' id='word_1_754' title='bbox 2283 5154 2389 5224; x_wconf 77' lang='grc' dir='ltr'>μὴν</span> <span class='ocrx_word' id='word_1_755' title='bbox 2420 5155 2514 5208; x_wconf 77' lang='grc' dir='ltr'><strong>καὶ</strong></span> <span class='ocrx_word' id='word_1_756' title='bbox 2538 5154 2799 5223; x_wconf 73' lang='grc' dir='ltr'>χολάδες</span> <span class='ocrx_word' id='word_1_757' title='bbox 2825 5157 3073 5225; x_wconf 79' lang='grc' dir='ltr'>λέγονται</span> <span class='ocrx_word' id='word_1_758' title='bbox 3090 5156 3111 5187; x_wconf 71' lang='grc'><strong>⁴</strong></span> <span class='ocrx_word' id='word_1_759' title='bbox 3129 5172 3143 5187; x_wconf 93' lang='grc'><strong>·</strong></span> <span class='ocrx_word' id='word_1_760' title='bbox 3163 5156 3237 5218; x_wconf 87' lang='grc' dir='ltr'>ὼς</span> <span class='ocrx_word' id='word_1_761' title='bbox 3265 5155 3350 5220; x_wconf 83' lang='grc' dir='ltr'>τὸ,</span> <span class='ocrx_word' id='word_1_762' title='bbox 3380 5156 3596 5211; x_wconf 68' lang='grc' dir='ltr'>Χῦιτο</span> <span class='ocrx_word' id='word_1_763' title='bbox 3618 5175 3722 5228; x_wconf 69' lang='lat' dir='ltr'><strong>za-</strong></span> 
     </span>
    </p>
   </div>
   <div class='ocr_carea' id='block_1_106' title="bbox 2755 5315 3719 5386">
    <p class='ocr_par' dir='ltr' id='par_1_106' title="bbox 2755 5315 3719 5386">
     <span class='ocr_line' id='line_1_106' title="bbox 2755 5315 3719 5386; baseline -0.009 -17"><span class='ocrx_word' id='word_1_764' title='bbox 2755 5316 2802 5348; x_wconf 78' lang='grc'><strong>⁸⁸</strong></span> <span class='ocrx_word' id='word_1_765' title='bbox 2851 5315 3220 5386; x_wconf 82' lang='grc' dir='ltr'>ὲπιμελομένη</span> <span class='ocrx_word' id='word_1_766' title='bbox 3281 5316 3355 5386; x_wconf 66' lang='grc' dir='ltr'>Δ,</span> <span class='ocrx_word' id='word_1_767' title='bbox 3427 5317 3475 5348; x_wconf 78' lang='grc'>⁸⁷</span> <span class='ocrx_word' id='word_1_768' title='bbox 3519 5320 3719 5385; x_wconf 69' lang='grc' dir='ltr'>ὸγετη-</span> 
     </span>
    </p>
   </div>
   <div class='ocr_carea' id='block_1_107' title="bbox 3050 5385 3718 5472">
    <p class='ocr_par' dir='ltr' id='par_1_107' title="bbox 3050 5385 3718 5472">
     <span class='ocr_line' id='line_1_107' title="bbox 3050 5385 3718 5472; baseline 0.004 -35"><span class='ocrx_word' id='word_1_769' title='bbox 3050 5390 3093 5419; x_wconf 76' lang='grc'><strong>⁸⁸</strong></span> <span class='ocrx_word' id='word_1_770' title='bbox 3128 5385 3628 5472; x_wconf 45' lang='grc' dir='ltr'>,παραπέμποντες</span> <span class='ocrx_word' id='word_1_771' title='bbox 3662 5391 3718 5442; x_wconf 73' lang='grc' dir='ltr'><strong>Β.</strong></span> 
     </span>
    </p>
   </div>
   <div class='ocr_carea' id='block_1_108' title="bbox 449 5452 3718 5538">
    <p class='ocr_par' dir='ltr' id='par_1_108' title="bbox 449 5452 3718 5538">
     <span class='ocr_line' id='line_1_108' title="bbox 449 5452 3718 5538; baseline 0.001 -32"><span class='ocrx_word' id='word_1_772' title='bbox 449 5452 957 5538; x_wconf 35' lang='grc' dir='ltr'>θξνπεριττὰιοῦτῳ</span> <span class='ocrx_word' id='word_1_773' title='bbox 996 5452 1114 5538; x_wconf 54' lang='grc' dir='ltr'>οιαὶ</span> <span class='ocrx_word' id='word_1_774' title='bbox 1166 5453 1730 5538; x_wconf 35' lang='grc' dir='ltr'>ή.φύσιςὶέποίησεν</span> <span class='ocrx_word' id='word_1_775' title='bbox 1788 5452 1848 5538; x_wconf 55' lang='grc' dir='ltr'>ὲν</span> <span class='ocrx_word' id='word_1_776' title='bbox 1906 5453 2329 5538; x_wconf 40' lang='grc' dir='ltr'>τῶιήμετὲρῳῇ</span> <span class='ocrx_word' id='word_1_777' title='bbox 2353 5453 2568 5538; x_wconf 47' lang='lat' dir='ltr'><strong>quamvis:</strong></span> <span class='ocrx_word' id='word_1_778' title='bbox 2625 5457 2690 5538; x_wconf 63' lang='grc' dir='ltr'><strong>Ρἶ</strong></span> <span class='ocrx_word' id='word_1_779' title='bbox 2767 5457 2814 5488; x_wconf 79' lang='grc'><em>³³</em></span> <span class='ocrx_word' id='word_1_780' title='bbox 2863 5455 3071 5538; x_wconf 64' lang='grc' dir='ltr'>νεύρων</span> <span class='ocrx_word' id='word_1_781' title='bbox 3114 5457 3159 5508; x_wconf 83' lang='grc' dir='ltr'><strong>Α</strong></span> <span class='ocrx_word' id='word_1_782' title='bbox 3435 5529 3448 5538; x_wconf 78' lang='lat'><strong>_</strong></span> <span class='ocrx_word' id='word_1_783' title='bbox 3505 5460 3555 5538; x_wconf 55' lang='grc' dir='ltr'><strong>ξι</strong></span> <span class='ocrx_word' id='word_1_784' title='bbox 3590 5478 3718 5530; x_wconf 63' lang='grc' dir='ltr'>χρεο-</span> 
     </span>
    </p>
   </div>
   <div class='ocr_carea' id='block_1_109' title="bbox 451 5522 2330 5594">
    <p class='ocr_par' dir='ltr' id='par_1_109' title="bbox 451 5522 2330 5594">
     <span class='ocr_line' id='line_1_109' title="bbox 451 5522 2330 5594; baseline 0 -17"><span class='ocrx_word' id='word_1_785' title='bbox 451 5522 663 5594; x_wconf 76' lang='grc' dir='ltr'>νίζηται</span> <span class='ocrx_word' id='word_1_786' title='bbox 726 5524 797 5577; x_wconf 84' lang='grc' dir='ltr'>τὰ</span> <span class='ocrx_word' id='word_1_787' title='bbox 835 5522 979 5577; x_wconf 81' lang='grc' dir='ltr'>σιτία</span> <span class='ocrx_word' id='word_1_788' title='bbox 1031 5525 1089 5577; x_wconf 82' lang='grc' dir='ltr'>ὲν</span> <span class='ocrx_word' id='word_1_789' title='bbox 1127 5522 1458 5594; x_wconf 38' lang='grc' dir='ltr'>τζὲντςιαί</span> <span class='ocrx_word' id='word_1_790' title='bbox 1491 5525 1724 5594; x_wconf 81' lang='grc' dir='ltr'>σήπεται</span> <span class='ocrx_word' id='word_1_791' title='bbox 1787 5522 1849 5577; x_wconf 86' lang='grc' dir='ltr'><strong>Β.</strong></span> <span class='ocrx_word' id='word_1_792' title='bbox 1925 5522 1971 5556; x_wconf 80' lang='grc'>⁹⁸</span> <span class='ocrx_word' id='word_1_793' title='bbox 1999 5522 2233 5594; x_wconf 78' lang='grc' dir='ltr'>ἐπιφέρη</span> <span class='ocrx_word' id='word_1_794' title='bbox 2267 5522 2330 5577; x_wconf 72' lang='grc' dir='ltr'><strong>’Β</strong></span> 
     </span>
    </p>
   </div>
   <div class='ocr_carea' id='block_1_110' title="bbox 451 5591 2626 5667">
    <p class='ocr_par' dir='ltr' id='par_1_110' title="bbox 451 5591 2626 5667">
     <span class='ocr_line' id='line_1_110' title="bbox 451 5591 2626 5667; baseline 0.002 -21"><span class='ocrx_word' id='word_1_795' title='bbox 451 5591 569 5667; x_wconf 41' lang='lat' dir='ltr'><strong>orti;</strong></span> <span class='ocrx_word' id='word_1_796' title='bbox 739 5596 784 5626; x_wconf 79' lang='lat'><strong>&quot;</strong></span> <span class='ocrx_word' id='word_1_797' title='bbox 815 5595 923 5667; x_wconf 59' lang='lat' dir='ltr'><strong>agn</strong></span> <span class='ocrx_word' id='word_1_798' title='bbox 951 5594 1046 5667; x_wconf 73' lang='grc' dir='ltr'><strong>τού</strong></span> <span class='ocrx_word' id='word_1_799' title='bbox 1070 5591 1408 5667; x_wconf 27' lang='grc' dir='ltr'>διαρρείνΑΒ.</span> <span class='ocrx_word' id='word_1_800' title='bbox 1468 5594 1530 5667; x_wconf 83' lang='lat'><strong>_”</strong></span> <span class='ocrx_word' id='word_1_801' title='bbox 1561 5592 1917 5667; x_wconf 67' lang='grc' dir='ltr'>λέγονται-</span> <span class='ocrx_word' id='word_1_802' title='bbox 1952 5591 2136 5666; x_wconf 80' lang='grc' dir='ltr'>χωμαὶ</span> <span class='ocrx_word' id='word_1_803' title='bbox 2168 5591 2396 5666; x_wconf 66' lang='grc' dir='ltr'>’χολάδες</span> <span class='ocrx_word' id='word_1_804' title='bbox 2427 5613 2536 5653; x_wconf 85' lang='lat' dir='ltr'><strong>om.</strong></span> <span class='ocrx_word' id='word_1_805' title='bbox 2562 5597 2626 5650; x_wconf 86' lang='lat' dir='ltr'><strong>P.</strong></span> 
     </span>
    </p>
   </div>
   <div class='ocr_carea' id='block_1_111' title="bbox 454 5663 1721 5735">
    <p class='ocr_par' dir='ltr' id='par_1_111' title="bbox 454 5663 1721 5735">
     <span class='ocr_line' id='line_1_111' title="bbox 454 5663 1721 5735; baseline 0.002 -18"><span class='ocrx_word' id='word_1_806' title='bbox 454 5664 513 5717; x_wconf 87' lang='grc' dir='ltr'><strong>Β.</strong></span> <span class='ocrx_word' id='word_1_807' title='bbox 593 5664 611 5693; x_wconf 89' lang='grc'>³</span> <span class='ocrx_word' id='word_1_808' title='bbox 646 5665 812 5734; x_wconf 71' lang='grc' dir='ltr'>ἤγουν</span> <span class='ocrx_word' id='word_1_809' title='bbox 843 5663 906 5718; x_wconf 88' lang='grc' dir='ltr'><strong>Β.</strong></span> <span class='ocrx_word' id='word_1_810' title='bbox 981 5667 1002 5696; x_wconf 75' lang='grc'><strong>⁸</strong></span> <span class='ocrx_word' id='word_1_811' title='bbox 1033 5663 1280 5735; x_wconf 80' lang='grc' dir='ltr'>λέγονται</span> <span class='ocrx_word' id='word_1_812' title='bbox 1313 5664 1369 5718; x_wconf 84' lang='grc' dir='ltr'>δὲ</span> <span class='ocrx_word' id='word_1_813' title='bbox 1394 5664 1489 5717; x_wconf 73' lang='grc' dir='ltr'><strong>καὶ</strong></span> <span class='ocrx_word' id='word_1_814' title='bbox 1518 5663 1631 5734; x_wconf 83' lang='grc' dir='ltr'><strong>χολ.</strong></span> <span class='ocrx_word' id='word_1_815' title='bbox 1661 5663 1721 5719; x_wconf 90' lang='grc' dir='ltr'><strong>Β.</strong></span> 
     </span>
    </p>
   </div>
   <div class='ocr_carea' id='block_1_112' title="bbox 416 5764 953 5865">
    <p class='ocr_par' dir='ltr' id='par_1_112' title="bbox 416 5764 953 5865">
     <span class='ocr_line' id='line_1_112' title="bbox 416 5764 953 5865; baseline 0.015 -19"><span class='ocrx_word' id='word_1_816' title='bbox 416 5764 420 5768; x_wconf 28' lang='grc' dir='ltr'>λ</span> <span class='ocrx_word' id='word_1_817' title='bbox 525 5795 602 5865; x_wconf 74' lang='grc' dir='ltr'><strong>(α)</strong></span> <span class='ocrx_word' id='word_1_818' title='bbox 632 5795 691 5849; x_wconf 86' lang='grc' dir='ltr'>ιι.</span> <span class='ocrx_word' id='word_1_819' title='bbox 725 5797 797 5863; x_wconf 73' lang='grc' dir='ltr'>Ψ,</span> <span class='ocrx_word' id='word_1_820' title='bbox 833 5797 953 5854; x_wconf 82' lang='lat'><strong>806.</strong></span> 
     </span>
    </p>
   </div>
   <div class='ocr_carea' id='block_1_113' title="bbox 2363 5525 3717 5596">
    <p class='ocr_par' dir='ltr' id='par_1_113' title="bbox 2363 5525 3717 5596">
     <span class='ocr_line' id='line_1_113' title="bbox 2363 5525 3717 5596; baseline 0.001 -17"><span class='ocrx_word' id='word_1_821' title='bbox 2363 5525 2447 5579; x_wconf 14' lang='lat'><strong>(2.7</strong></span> <span class='ocrx_word' id='word_1_822' title='bbox 2503 5527 2550 5556; x_wconf 78' lang='lat'><strong>’°</strong></span> <span class='ocrx_word' id='word_1_823' title='bbox 2588 5525 2870 5596; x_wconf 83' lang='grc' dir='ltr'>πτύσματι</span> <span class='ocrx_word' id='word_1_824' title='bbox 2922 5525 2980 5593; x_wconf 61' lang='grc' dir='ltr'>Β,</span> <span class='ocrx_word' id='word_1_825' title='bbox 3029 5543 3137 5581; x_wconf 85' lang='lat' dir='ltr'><strong>om.</strong></span> <span class='ocrx_word' id='word_1_826' title='bbox 3200 5527 3242 5580; x_wconf 85' lang='lat' dir='ltr'><strong>C</strong></span> <span class='ocrx_word' id='word_1_827' title='bbox 3315 5527 3362 5558; x_wconf 75' lang='grc'><strong>’⁷</strong></span> <span class='ocrx_word' id='word_1_828' title='bbox 3424 5529 3543 5580; x_wconf 74' lang='grc' dir='ltr'><strong>ἀπὸ</strong></span> <span class='ocrx_word' id='word_1_829' title='bbox 3587 5525 3717 5596; x_wconf 57' lang='grc' dir='ltr'><strong>ζέἧ</strong></span> 
     </span>
    </p>
   </div>
   <div class='ocr_carea' id='block_1_114' title="bbox 2730 5596 3714 5669">
    <p class='ocr_par' dir='ltr' id='par_1_114' title="bbox 2730 5596 3714 5669">
     <span class='ocr_line' id='line_1_114' title="bbox 2730 5596 3714 5669; baseline 0.001 -18"><span class='ocrx_word' id='word_1_830' title='bbox 2730 5601 2743 5628; x_wconf 84' lang='grc'>¹</span> <span class='ocrx_word' id='word_1_831' title='bbox 2782 5598 2836 5651; x_wconf 82' lang='grc' dir='ltr'>δὲ</span> <span class='ocrx_word' id='word_1_832' title='bbox 2871 5599 2962 5652; x_wconf 71' lang='grc' dir='ltr'><strong>καὶ</strong></span> <span class='ocrx_word' id='word_1_833' title='bbox 2989 5599 3094 5652; x_wconf 80' lang='grc' dir='ltr'>ἕνδ.</span> <span class='ocrx_word' id='word_1_834' title='bbox 3137 5596 3194 5650; x_wconf 80' lang='grc' dir='ltr'><strong>Β.</strong></span> <span class='ocrx_word' id='word_1_835' title='bbox 3270 5600 3291 5629; x_wconf 78' lang='grc'>³</span> <span class='ocrx_word' id='word_1_836' title='bbox 3321 5598 3400 5661; x_wconf 82' lang='grc' dir='ltr'>ὡς</span> <span class='ocrx_word' id='word_1_837' title='bbox 3437 5601 3539 5651; x_wconf 74' lang='grc' dir='ltr'><strong>καὶ</strong></span> <span class='ocrx_word' id='word_1_838' title='bbox 3583 5603 3714 5669; x_wconf 54' lang='lat' dir='ltr'><strong>&quot;Op.</strong></span> 
     </span>
    </p>
   </div>
  </div>
