3856 6468
213 360 373 414 H33

1463 359 1564 414 DE
1585 359 1875 416 NATURA
1914 356 2223 415 HOMINiS.

3345 357 3483 415 1³234

191 477 323 544 μαι
354 473 724 546 χολάδες
751 475 990 540 Χολάδες
1027 475 1085 530 δὲ
1103 477 1148 543 ⁸,
1204 476 1295 530 διά
1345 477 1405 529 τὸ
1459 481 1600 530 κατά
1635 475 1782 544 φύσει

1901 483 2053 529 extra
2095 474 2242 528 ﬂuat.
2296 471 2418 528 Haec
2491 472 2616 527 item
2668 471 2946 540 intestina,
2989 481 3043 528 et
3091 471 3300 538 ἐνδινα,
3333 473 3479 542 quod

194 567 475 639 δέχεσθαι
493 567 555 620 τὸ
593 567 829 638 χολῶδες
857 568 1204 640 περίττωμα·
1243 569 1383 639 μετά
1408 569 1464 622 δὲ
1481 568 1550 622 τά
1581 567 1794 635 σπλάγ-

195 677 347 729 χνα,
371 660 469 714 καὶ
491 658 762 732 γαστέρα,
796 660 892 713 καὶ
921 659 1141 730 ἔντερα,
1170 660 1199 712 ὀ
1247 660 1432 724 τόπος,
1485 660 1545 712 ἐν
1581 653 1626 728 ᾧ
1655 660 1795 711 ἀπο-

191 751 546 805 τελευτῶσιν
576 752 636 804 αι
688 750 835 805 νόθοι
870 751 1123 822 πλευραὶ,
1151 750 1358 821 λαγὼν
1407 751 1647 820 λέγεται,
1701 749 1796 802 καὶ

195 842 462 908 κενεῶν,
521 845 619 896 καὶ
666 841 932 911 λαπάρα.
984 842 1067 896 Τά
1131 843 1228 913 μὲν
1267 842 1376 912 γὰρ
1425 839 1655 912 πλησίον
1684 838 1795 893 τῶν

197 933 475 1005 πλευρῶν
528 934 715 999 ὀστέα,
757 935 1003 1004 λαγόνων
1051 935 1187 988 ὀστᾶ
1238 933 1518 1002 λέγονται·
1581 932 1690 985 etot
1735 931 1794 984 δὲ

198 1024 452 1078 πλατέα.
493 1023 574 1078 Τά
612 1024 672 1078 δὲ
726 1025 820 1079 ἐπὶ
867 1025 967 1095 τὴν
1023 1024 1299 1090 ἐπίϐασιν,
1349 1023 1573 1078 ὄπισθέν
1605 1039 1667 1076 τε
1700 1020 1796 1075 καὶ

195 1116 484 1182 κάτωθεν,
513 1118 648 1171 ὀστᾶ
673 1118 889 1188 ἰσχίωνο
922 1117 994 1171 τά
1008 1117 1068 1170 δὲ
1093 1119 1173 1181 είς
1201 1116 1267 1170 τὸ
1290 1116 1480 1187 πρόσω
1517 1114 1684 1186 μέρος
1711 1115 1798 1167 ὲν-

193 1208 418 1264 τεῦθεν
448 1211 864 1281 ἀνατεινόμενα,
890 1209 1066 1264 λεπτὰ
1091 1209 1224 1264 ὄντα
1247 1212 1345 1263 καὶ
1364 1205 1793 1280 διατετρημένα,

196 1300 313 1354 κάι
360 1301 724 1372 συμφυόμενα
771 1302 915 1357 κατά
963 1302 1026 1356 τὸ
1091 1301 1269 1373 πέρας
1317 1301 1596 1373 ἀλλήλοις,
1650 1298 1794 1369 ἥῦης

195 1393 508 1450 καλέουσιν
537 1396 696 1450 ὀστᾶ.

1901 562 2043 632 apud
2074 562 2367 618 llomerum
2393 572 2495 629 est,
2543 563 2916 633 appellantur,
2979 562 3073 634 qui
3131 563 3227 629 ait,
3271 562 3484 632 ψαῦσαι

1903 654 2138 720 ἐνδίνων,
2171 655 2315 725 quod
2363 666 2464 720 est,
2522 656 2773 709 intestina
2833 666 3065 726 tangere.
3103 655 3188 710 Ab
3237 656 3381 719 aliis,
3430 663 3484 709 et

1904 746 2124 817 χολάδες
2147 747 2403 802 intestina
2433 747 2711 814 dicuntur,
2751 749 2857 802 ἀπὸ
2895 748 2997 818 τῆς
3043 748 3332 820 χολῆς,.οιι
3364 747 3482 816 ipsa
3543 813 3546 818 ﬁ

1903 838 2159 894 videlicet
2203 839 2330 902 bile,
2384 838 2529 909 quod
2587 846 2796 895 naturae
2835 841 3096 896 instinctu
3119 841 3292 896 bilosa
3323 840 3376 894 in
3421 855 3480 895 se

1902 941 2248 987 excrementa
2281 931 2567 1002 recipiant.
2595 930 2733 987 Post
2780 933 3050 988 viscerum
3081 933 3324 1003 quidem,
3350 947 3480 985 ven-

1907 1021 2115 1092 trisque
2141 1037 2206 1077 ac
2227 1020 2614 1077 intestinorum
2660 1022 2848 1088 situm,
2881 1023 2936 1077 in
2967 1039 3076 1094 quo
3129 1024 3250 1079 loco
3303 1021 3482 1076 notha:

1906 1113 2164 1169 desinunt
2198 1123 2386 1180 costae,
2415 1113 2636 1167 iliorum
2663 1128 2730 1168 ac
2755 1113 2986 1168 laterum
3021 1115 3170 1170 locus
3198 1126 3484 1180 nuncupa-

1907 1213 2015 1262 tur.
2039 1204 2179 1262 Ossa
2201 1221 2328 1262 vero
2351 1222 2474 1277 quae
2495 1207 2662 1262 costis
2688 1207 2935 1278 proxima
2964 1207 3235 1272 locantur,
3261 1205 3480 1260 iliorum

1903 1314 2049 1364 ossa,
2072 1315 2196 1370 quae
2215 1308 2268 1355 et
2292 1301 2399 1354 lata
2423 1308 2553 1355 sunt
2585 1299 2952 1370 appellantur.
2987 1299 3054 1354 At
3091 1312 3216 1354 ossa
3245 1312 3366 1367 qua:
3393 1310 3482 1350 re—

1903 1398 1987 1444 tro
2012 1406 2079 1446 ac
2109 1390 2248 1446 intra
2285 1391 2353 1446 ad
2381 1390 2555 1446 basim
2587 1397 2841 1460 vergunt,
2905 1390 3264 1446 coxendicum
3327 1393 3475 1441 sunt.

195 1483 350 1552 Quae.
373 1501 502 1542 vero
534 1485 662 1542 inde
715 1487 783 1540 ad
823 1487 1153 1543 anteriorem
1208 1495 1418 1558 partem
1465 1484 1793 1554 diriguntur,
1828 1497 1951 1553 quae
1977 1483 2140 1539 exilia
2198 1499 2262 1540 ac
2291 1484 2559 1539 terebrata
2619 1493 2769 1548 sunt,
2823 1499 3013 1554 quteve
3060 1485 3318 1540 extremis
3353 1494 3480 1552 par-

194 1581 361 1636 tibus
386 1579 619 1636 invicem
667 1582 966 1648 cohaerent,
1005 1579 1165 1650 pubis
1188 1594 1314 1635 ossa
1344 1579 1707 1650 appellantur.

196 1690 359 1760 Κεφ.
391 1690 520 1746 Kl".
548 1690 786 1761 -Περὶ
821 1690 937 1828 τοιῆ
972 1690 1162 1744 τόπου
1193 1688 1305 1758 τῆς
1347 1689 1503 1758 ἥϐης
1544 1687 1645 1743 καὶ
1683 1686 1792 1742 τοῦ

945 1776 1105 1828 τρου.

945 1776 1105 1828 τρου.

2247 1682 2381 1754 Cap.
2418 1680 2612 1737 XXIII.
2650 1713 2721 1723 —
2747 1681 2828 1736 De
2873 1682 3156 1752 impubio.-

277 1873 445 1929 Κατά
480 1873 595 1946 γάρ
638 1873 730 1928 τὸν
770 1873 874 1944 τῆς
914 1873 1058 1945 ἥϐης
1093 1873 1287 1945 χρόνον
1341 1873 1523 1928 ἐκεῖσε
1558 1873 1782 1945 φύονται

1968 1859 2050 1916 0b
2103 1859 2157 1916 id
2205 1859 2350 1916 dicta
2385 1858 2597 1932 [sunt],
2629 1860 2774 1931 quod
2832 1859 2963 1915 loca-
3004 1859 3094 1914 illa
3135 1875 3258 1916 cum
3291 1861 3506 1918 homo-

200 1969 265 2022 αἱ
297 1968 487 2039 τρίχες
507 1967 548 1997 ⁶’
567 1967 752 2020 ὅντινα
780 1965 946 2019 τόπον
969 1964 1263 2035 ἐφήσαιον
1291 1965 1388 2019 καὶ
1413 1965 1632 2034 ἦτροντ
1656 1965 1788 2019 εκά-

199 2057 409 2112 λεσαν’
463 2051 650 2126 ἦτρον
680 2055 781 2126 μὲν
828 2054 917 2108 διά
955 2053 1017 2107 τὸ
1047 2052 1287 2124 ἔντερον,
1336 2054 1401 2107 ὲκ
1452 2052 1546 2106 τοῦ
1581 2053 1705 2124 ῖημι
1732 2052 1792 2106 τὸ

201 2148 444 2218 πέμπω,
477 2135 684 2218 ῖητρον,
717 2145 814 2199 κοιλ¹
858 2147 918 2199 ὲν
952 2147 1202 2214 συγκοπῇ
1227 2139 1434 2215 ἦτρονει
1463 2143 1525 2196 τὸ
1574 2143 1792 2212 πέμπον

201 2239 272 2294 τὸ
305 2239 631 2310 περίττωμα
677 2237 858 2292 κάτω’
889 2235 1182 2306 ἐφήϐαιον
1205 2237 1285 2300 δὲ,
1327 2235 1418 2289 διά
1467 2235 1530 2289 τὸ
1585 2235 1791 2306 βαίνειν

201 2333 315 2396 τὰς
341 2331 536 2402 τρίχας
567 2333 702 2396 ἐκεῖ,
734 2329 924 2399 ὀλίγας
950 2347 1010 2383 τε
1040 2330 1133 2384 κα)⁸
1159 2330 1364 2401 μικράς
1390 2345 1406 2359 ⁸
1455 2328 1595 2382 ὥστε
1629 2328 1792 2400 μόνον

203 2421 414 2494 ϐῆναιο
447 2423 600 2494 βαιὸς
629 2422 740 2494 γάρ
775 2423 803 2476 ὀ
830 2421 1025 2492 μικρός
1048 2439 1064 2454 ο
1097 2422 1126 2474 ὀ
1172 2421 1230 2473 δὲ
1268 2420 1369 2491 τῆς
1413 2421 1556 2490 ἥϐης
1599 2420 1791 2491 χρόνος

203 2514 469 2584 ἀόριστος
485 2515 530 2579 ⁸,
559 2513 648 2566 διά
675 2513 776 2583 τὴν
800 2511 1096 2581 ἀνισότητα
1118 2511 1216 2564 τοῦ
1259 2512 1316 2564 ἐν
1355 2512 1468 2576 τοῖς
1512 2508 1791 2582 ήὸἀσκου-

207 2622 308 2659 σιν
336 2603 581 2676 ἐμφύτου
611 2603 818 2676 θερμοῦ
840 2619 852 2633 ·
886 2603 979 2657 καὶ
1020 2601 1264 2667 Ἡσίοδος
1286 2601 1328 2634 ⁸ο
1348 2617 1365 2629 ο

178 2863 184 2867 ⁷
220 2881 881 2952 Ἀλλ’ὅτανήσήσειεν,
901 2882 999 2937 καί
1015 2882 1168 2952 ἥϐης
1180 2882 1404 2953 μέτρον
1422 2883 1609 2937 ἵκοιτο
1639 2881 1680 2914 ⁸⁸
1703 2881 1791 2952 (Ι).

206 2994 454 3050 Κενεὼν
471 2995 530 3049 δὲ
559 2997 653 3050 καὶ
677 2995 924 3065 ,λαπάρα
943 2995 1004 3049 τὸ
1027 2997 1193 3049 αὐτό-ο
1217 2995 1292 3062 ὡς
1316 2995 1399 3062 τὸ,
1423 2996 1583 3051 Μίαν
1611 2995 1795 3049 πόλιν

201 3086 618 3153 ἐξαλαπάξαι,
652 3087 920 3150 τουτέστι,
968 3087 1077 3140 τῶν
1127 3086 1484 3159 ὑπαρχόντων
1523 3087 1664 3159 αὐτῇ
1699 3103 1796 3139 κε-

1899 1950 1966 2005 ad
2036 1951 2313 2021 puberem
2358 1960 2572 2007 atatem
2647 1953 2980 2019 accesserit,
3022 1951 3116 2022 pili
3185 1962 3473 2022 occupant.

1899 2037 2056 2094 Hunc
2115 2047 2297 2096 autem
2362 2041 2543 2096 locum
2594 2040 2768 2098 Graeci
2821 2041 3070 2113 ὲφήὸας,
3130 2041 3474 2113 impubium,

1897 2137 1954 2184 et
1993 2130 2378 2196 ventriculum,
2419 2131 2518 2184 καὶ
2552 2126 2719 2203 ἦτρον
2748 2133 3041 2200 dixerunt;
3076 2143 3131 2189 et
3152 2127 3321 2206 ἦτρον
3347 2136 3476 2206 quia

1897 2219 2018 2277 dem
2041 2223 2104 2276 ὲκ
2124 2222 2219 2276 τοῦ
2243 2223 2366 2294 ἴημι
2382 2223 2444 2277 τὸ
2461 2223 2688 2295 πέμπω,
2707 2225 2854 2294 quod
2881 2225 3132 2281 videlicet
3156 2241 3475 2283 excremen-

1901 2321 2014 2367 tum
2059 2312 2202 2368 infra
2238 2329 2334 2384 per
2360 2314 2678 2371 intestinum
2711 2316 3000 2383 demittat;
3024 2317 3286 2388 ὲφήόαιον
3320 2335 3473 2387 vero,

1899 2403 1953 2458 id
1983 2411 2087 2470 est,
2117 2404 2445 2475 impubium,
2483 2405 2574 2459 διά
2599 2406 2662 2460 τὸ
2699 2406 2902 2477 βαίνειν
2932 2407 3032 2471 τὰς
3083 2409 3276 2480 τρίχας
3338 2411 3472 2478 ἐκεῖ,

1897 2495 2045 2565 quod
2087 2495 2298 2551 scilicet
2329 2496 2421 2567 pili
2457 2495 2654 2554 ibidem
2687 2497 3006 2566 proveniant
3049 2516 3064 2553 :
3120 2515 3244 2555 nam
3272 2502 3474 2571 puber-

1901 2585 2033 2641 talis.
2067 2593 2331 2654 tempora,
2385 2585 2539 2640 nullo
2592 2585 2728 2640 satis
2782 2594 2932 2642 certo
2981 2589 3241 2658 temporis
3299 2592 3476 2660 spatio

1898 2673 2348 2745 praescribuntur,
2399 2689 2523 2728 cum
2571 2673 3018 2744 pubescentibus,
3073 2693 3180 2732 non
3214 2694 3368 2748 aeque
3418 2680 3475 2736 in

1900 2766 2178 2831 omnibus,
2199 2764 2399 2821 insitus
2425 2765 2574 2820 calor
2594 2765 2883 2831 redundet,
2915 2775 2974 2822 ut
3013 2765 3280 2826 Hesiodus
3315 2789 3330 2824 :

1975 2877 2132 2948 107
2173 2875 2242 2929 At
2268 2891 2388 2930 cum
2414 2875 2686 2946 pubescet,
2720 2875 2798 2930 vel
2826 2875 2978 2946 pubis
3005 2885 3242 2947 tempora
3272 2886 3470 2948 tanget.

1899 2992 2063 3064 Atqui
2110 2993 2180 3047 ile
2222 3003 2276 3049 et
2327 2993 2492 3060 latus,
2543 2992 2687 3064 quod
2733 2991 2812 3048 illi
2889 2994 3090 3048 κενεῶν
3125 2995 3218 3048 καὶ
3253 2995 3473 3068 λαπάρα

1900 3083 2181 3150 dictitant,
2233 3099 2300 3140 ex
2349 3099 2416 3139 eo
2462 3084 2788 3156 appellatum
2829 3095 3065 3149 constat,
3119 3088 3265 3158 quod
3317 3089 3474 3145 locus

204 3178 388 3232 νῶσαι
419 3179 656 3233 πολιτῶν
689 3180 785 3233 καὶ
826 3179 1177 3250 πραγμάτων
1210 3181 1254 3210 ¹²
1277 3195 1291 3208 ·
1333 3179 1368 3250 ἢ
1419 3178 1508 3232 διά
1548 3177 1609 3232 τὸ
1638 3178 1782 3231 κενὸν

1900 3175 1987 3231 ille
2039 3175 2257 3232 ossibus
2305 3185 2481 3244 vacet,
2535 3176 2678 3247 quod
2725 3177 2800 3231 illi
2852 3178 3024 3256 κενῶν
3052 3178 3159 3232 τῶν
3192 3180 3364 3235 ὀστῶν
3392 3181 3474 3237 di-

203 3265 356 3324 εἷναι
394 3271 598 3324 ὀστέων
647 3271 741 3324 τὸν
768 3270 1073 3341 τόπον¹’³’ῆ
1124 3268 1212 3324 διά
1264 3270 1362 3340 τὴν
1415 3267 1663 3324 λάπαθον
1692 3267 1790 3340 τὴν

204 3358 446 3430 βοτάνην
458 3359 762 3431 κενωτικὴν
789 3360 1028 3431 γαστρὸς
1047 3355 1216 3413 οὖσαν
1239 3358 1305 3412 η’.
1331 3359 1544 3424 Δαγὼν
1558 3360 1616 3414 δὲ
1639 3361 1790 3432 παρά

200 3450 274 3502 τὸ
307 3450 494 3520 λήγω·
530 3452 713 3504 ἐκεῖσε
753 3451 862 3523 γὰρ
891 3451 1152 3522 λήγουσιν
1178 3451 1235 3504 αἱ
1257 3451 1515 3522 πλευραί.

284 3541 486 3596 Τοῦτον
513 3543 605 3596 τὸν
633 3543 798 3598 τόπον
838 3544 1140 3616 κατωτέρω
1181 3544 1436 3611 λαγόνος,
1470 3543 1790 3611 βουϐῶνας

199 3633 461 3700 καλοῦσι,
489 3636 559 3690 τὰ
587 3635 741 3689 ἔνθεν
789 3636 1048 3690 κάκεῖθεν
1089 3637 1189 3708 τῆς
1238 3637 1470 3708 βαλάνου
1534 3637 1629 3691 καὶ
1679 3638 1788 3690 τῶν

196 3725 467 3796 διδύμων.
511 3727 586 3780 Τὸ
627 3727 684 3780 δὲ
733 3728 835 3798 τῆς
867 3727 1104 3799 βαλάνου
1155 3729 1338 3800 ὲξίσης
1360 3731 1404 3762 ³⁵
1435 3729 1534 3800 τὴν
1569 3730 1789 3783 κύστιν

199 3814 456 3885 λέγουσι,
493 3816 582 3872 διά
609 3817 672 3870 τὸ
703 3813 846 3872 εἶναι
877 3819 1059 3871 ἐκεῖσε
1099 3818 1196 3889 τὴν
1227 3819 1524 3891 ούρηδόχὸν
1574 3819 1784 3874 κύστιν.

197 3909 483 3964 Κοινωνία
530 3910 641 3983 γὰρ
688 3910 912 3982 ἔρχεται
945 3910 1039 3964 δύο
1082 3914 1267 3982 πόρων
1301 3912 1412 3966 ἀπὸ
1448 3912 1545 3980 τῆς
1585 3911 1787 3980 ὀσφύος

199 3999 430 4072 φυσικῷ
451 4001 496 4033 ⁸⁸
524 4002 698 4073 νόμῳ,
731 4001 827 4055 τοῦ
877 4002 1298 4073 ἀπευθυσμένου
1331 4003 1426 4055 καὶ
1473 4002 1572 4072 τῆς
1615 4002 1786 4074 ούρηο

195 4092 362 4163 δὸχου
389 4091 663 4157 κύστεως·
706 4095 826 4166 ἥτις
857 4094 1073 4166 δέχεται
1099 4096 1198 4166 μὲν
1220 4094 1282 4148 τὸ
1328 4094 1490 4167 οὖρον
1532 4094 1641 4150 ἀπὸ
1690 4093 1785 4148 τοῦ

196 4182 378 4237 νώτου
404 4185 598 4256 αὐτῆς,
640 4185 840 4252 ἔξωθεν
866 4186 973 4239 ἀπὸ
997 4186 1106 4239 τῶν
1144 4187 1360 4258 νεφρῶν
1381 4227 1394 4249 ,
1456 4185 1544 4240 διὰ
1574 4185 1786 4257 νεύρων

197 4275 308 4329 καὶ
328 4275 543 4346 φλεϐῶν
577 4277 688 4330 τῶν
720 4277 956 4343 λεπτῶν,
994 4269 1071 4332 ὧν
1095 4277 1211 4348 ἔχει
1237 4292 1252 4308 ο
1279 4277 1429 4344 ὀξεῖα
1469 4279 1579 4348 γάρ
1634 4278 1788 4331 ἐστιν

197 4370 290 4431 εἰς
314 4368 375 4423 τὸ
394 4368 599 4424 ἕλκειν.
633 4368 923 4424 Ἑκδάλλει
955 4370 1012 4423 δὲ
1035 4371 1145 4424 ἀπὸ
1165 4368 1262 4422 τοῦ
1285 4369 1562 4440 τραχήλου
1591 4368 1788 4440 αὐτῆς,

198 4460 305 4514 καὶ
333 4462 627 4532 ἀποκρίνει
666 4461 730 4515 τὸ
760 4457 924 4534 οὖρον
976 4461 1197 4529 ἔξωθεν,
1237 4460 1326 4514 διά
1374 4461 1476 4530 τῆς
1517 4459 1777 4530 βαλάνου.

1813 4519 1864 4575 D

1894 3275 2046 3326 cunt.
2089 3269 2161 3324 At
2203 3268 2280 3323 illi
2322 3269 2450 3324 item
2493 3269 2746 3338 λαγόνας,
2796 3285 2916 3341 qua:
2965 3287 3067 3327 nos
3123 3272 3214 3327 ilia
3260 3289 3474 3329 nuncu-

1892 3373 2109 3428 pamus,
2171 3358 2324 3431 παρά
2348 3360 2409 3412 τὸ
2431 3360 2619 3431 λήγειν
2649 3360 2826 3414 ἐκεῖσε
2858 3360 2956 3425 τὰς
2989 3362 3247 3433 πλευράς,
3304 3381 3372 3420 ex
3406 3380 3472 3421 eo

1892 3449 2038 3520 quod
2083 3449 2216 3504 inibi
2273 3459 2438 3506 costae
2465 3451 2737 3517 desinant,
2766 3452 2909 3507 dicta
2938 3452 3146 3508 volunt.

1960 3539 2026 3595 Et
2046 3541 2224 3596 locum
2243 3543 2334 3612 qui
2363 3542 2467 3598 sub
2483 3543 2589 3598 illis
2609 3557 2712 3611 est,
2733 3553 2947 3614 partem
2971 3544 3221 3600 videlicet
3238 3561 3360 3617 qua:
3377 3563 3472 3618 pe-

1890 3647 2013 3686 nem
2037 3640 2091 3687 et
2122 3641 2286 3687 testes
2315 3634 2571 3703 utrinque
2593 3635 2994 3704 complectitur,
3024 3635 3324 3707 βουϐῶνας,
3363 3639 3467 3695 hoc

1889 3731 1971 3778 est
2001 3723 2216 3793 inguem
2265 3725 2566 3779 nominant.
2610 3723 2745 3780 Pars
2763 3740 3065 3797 vero,quaa
3115 3728 3233 3798 pari
3277 3730 3472 3786 ordine

1889 3814 2069 3884 glandi
2099 3815 2604 3884 respondet,vesica
2627 3830 2994 3888 nuncupatur,
3012 3820 3066 3874 in
3098 3836 3263 3892 quam
3285 3822 3469 3878 humi-

1888 3903 2017 3957 dum
2037 3915 2448 3960 excrementum
2477 3906 2724 3962 conﬂuit.
2745 3907 2904 3973 Nam,
2921 3926 2950 3965 a
2980 3911 3230 3968 ductibus
3248 3926 3469 3972 natura-

1887 3997 2030 4053 libus
2046 3998 2139 4068 qui
2162 3997 2228 4052 ad
2253 3997 2467 4055 lumbos
2488 3998 2996 4070 visuntur,fduobus
3020 4005 3293 4062 meatibus
3320 4017 3470 4063 recto

1889 4089 2100 4146 scilicet
2150 4091 2412 4146 intestino
2463 4107 2528 4148 ac
2567 4093 2784 4167 vesicae,
2821 4094 2876 4148 in
2925 4110 3089 4167 quam
3134 4099 3291 4152 urina
3336 4113 3465 4155 con-

1888 4181 2028 4247 ﬂuit,
2073 4182 2506 4238 communicatio
2546 4165 2794 4254 quaedam
2825 4165 3130 4242 intercedit.
3169 4188 3289 4259 Ipsa
3320 4190 3466 4245 enim

1886 4275 2092 4340 vesica,
2151 4290 2275 4329 cum
2316 4275 2463 4328 miro
2485 4275 2722 4344 quodam
2757 4277 3010 4333 acumine
3050 4279 3104 4333 in
3144 4281 3499 4336 attrahenda.

1885 4367 2110 4438 praedita
2157 4367 2250 4433 sit,
2299 4366 2585 4421 humorem
2633 4384 2727 4437 qui
2779 4383 2834 4422 In
2875 4375 2991 4438 ipsa
3024 4380 3126 4436 est,
3170 4386 3202 4425 a
3240 4372 3465 4429 renibus

1887 4457 2165 4513 subtilium
2201 4471 2494 4512 nervorum
2537 4472 2914 4529 venarumque
2957 4459 3135 4518 olllcio
3167 4479 3285 4533 qua:
3315 4475 3466 4520 exte-

211 4551 379 4605 Ἐπεὶ,
415 4551 474 4606 δὲ
523 4551 584 4605 τὺ
626 4551 921 4624 λεγόμενον
966 4553 1157 4622 ἀρχὸν
1199 4551 1445 4620 ἔντερον
1490 4551 1780 4605 ὑπόκειται

1900 4547 2004 4604 rius
2025 4547 2143 4619 ejus
2166 4547 2333 4604 dorso
2364 4547 2665 4615 adhaerent,
2703 4549 2955 4620 suscipit.
2980 4549 3117 4606 Cum
3151 4569 3279 4609 vero
3308 4555 3461 4610 illum

197 4642 370 4713 αὐτῇ,
399 4641 845 4714 φλεγμαινούσης
887 4643 1152 4706 πολλάκις
1196 4643 1456 4713 αύτῆς¹τ,
1495 4640 1798 4711 ἐπίσχεσις

195 4731 417 4801 γίνεται
455 4733 557 4806 τῆς
581 4734 811 4806 κόπρου,
841 4736 941 4806 οὐχ
968 4734 1169 4804 ἥκιστα
1201 4733 1261 4787 δὲ
1286 4731 1382 4786 τοῦ
1411 4731 1579 4802 οΰρου
1604 4733 1666 4788 ¹⁸.

1886 4649 2038 4695 extra
2059 4638 2306 4694 emittere
2329 4638 2694 4708 compellitur,
2720 4639 2861 4694 collo
2885 4639 3006 4711 ejus
3037 4657 3148 4712 quo
3174 4645 3298 4714 ipsa
3324 4661 3462 4716 prae-

1886 4731 2001 4786 dita
2039 4738 2142 4796 est,
2195 4745 2293 4800 per
2324 4730 2480 4801 penis
2509 4730 2782 4802 glandem,
2813 4733 3061 4804 emingit.
3097 4734 3166 4791 Et
3200 4740 3481 4808 quoniam.

195 4825 309 4882 sub
345 4826 463 4896 ipsa
518 4826 841 4883 intestinum
872 4827 1017 4898 quod
1061 4826 1261 4881 archon
1307 4826 1630 4897 appellatur,
1664 4824 1935 4889 consistit,
1960 4824 2008 4880 si
2034 4839 2155 4879 eam
2179 4823 2234 4878 in
2275 4832 2545 4878 tumorem
2595 4823 2730 4894 erigi
2783 4824 3115 4896 quandoque
3173 4829 3458 4901 contingit,

194 4934 329 4978 turne
355 4921 486 4980 sicci
548 4923 605 4978 in
654 4923 758 4978 hoc
804 4938 956 4988 casu,
993 4931 1108 4977 tum
1165 4922 1376 4976 humidi
1440 4921 1770 4979 excrementi
1808 4935 2065 4994 egressus
2120 4919 2486 4991 intercipitur.

269 5018 592 5086 Βουόῶνας
619 5019 676 5072 δὲ
699 5018 992 5090 ὠνόμασαν
1019 5019 1144 5082 τοὺς
1179 5017 1508 5090 εἰρημένους
1546 5017 1772 5082 τόπους,

1949 5015 2094 5072 Loca
2127 5025 2309 5071 autem
2368 5029 2490 5086 quae
2543 5013 2785 5071 diximus
2812 5014 3110 5086 βουϐῶνας,
3138 5017 3214 5073 illi
3257 5018 3328 5074 ab
3381 5021 3460 5076 rei

193 5113 308 5168 ἀπὸ
344 5112 440 5166 τοῦ
467 5111 860 5183 συμϐαίνοντος
897 5111 1192 5183 οἰδήματος
1220 5110 1279 5162 ἐν
1311 5110 1498 5174 αὐτοῖς
1523 5126 1538 5141 ο
1573 5111 1638 5163 ἐκ
1669 5107 1767 5163 τοῦ

1900 5119 2076 5166 wentu
2125 5116 2463 5178 nuncupant,
2512 5107 2668 5188 «rapat
2691 5109 2752 5162 τὸ
2786 5107 2863 5179 βῶ
2890 5109 2951 5162 τὸ
3001 5108 3190 5180 βαίνω,
3212 5126 3278 5167 eo
3314 5114 3460 5182 quod

197 5206 281 5278 βῶ
307 5207 367 5260 τδ
399 5205 570 5278 βαίνω
591 5221 605 5236 ο
643 5205 798 5276 παρὰ
822 5203 885 5258 τδ
923 5204 1066 5273 ἄγαν
1110 5202 1319 5275 βαίνειν
1340 5204 1421 5267 είς
1451 5201 1588 5272 ὕψος
1613 5218 1628 5234 ·
1672 5201 1773 5272 βῶ,

197 5299 394 5372 pm",
418 5301 513 5353 καὶ
545 5297 685 5370 μετά
711 5296 809 5352 τοῦ
843 5296 938 5368 βοῦ
970 5295 1290 5353 ὲπιτατικοῦ
1304 5297 1352 5329 ’⁸
1394 5296 1606 5368 μορίου,
1651 5295 1776 5366 βου-

1882 5217 1994 5272 ρηε
2055 5201 2137 5256 sui
2181 5212 2396 5256 tumore
2451 5215 2672 5255 sursum
2728 5216 2835 5255 non
2894 5202 3104 5256 modice
3156 5204 3458 5274 erigantur.

1884 5294 2153 5361 Quoniam
2207 5307 2336 5348 vero
2399 5292 2523 5348 talis
2583 5292 2736 5348 locus
2787 5293 3059 5362 tonsillis,
3102 5312 3238 5366 quas
3286 5296 3458 5355 Graeci

268 5457 535 5530 uol-5%
566 5455 780 5530 οιη--Βο
856 5457 970 5530 Fati
998 5455 1395 5530 rptx._<pu.,8-
1471 5457 1491 5488 '
1519 5451 1688 5530 iam
1735 5453 2094 5530 Β,βο-ττρον.
2138 5455 2235 5530 Αο,
2279 5453 2302 5484 ⁸
2334 5448 2620 5530 ἦῖρον,,θο
2665 5453 2841 5530 ,ἔτρον
2888 5455 2954 5508 Α·
3028 5455 3209 5530 Non:
3241 5455 3358 5530 ἐρεῖ
3395 5457 3455 5530 B-

198 5531 245 5562 ¹⁰
277 5527 362 5593 ὡς’
386 5528 483 5581 καὶ
520 5529 647 5582 Ἦσ.
677 5527 740 5582 Β.

199 5603 243 5633 ’⁸
276 5601 375 5652 ἀπ.
407 5598 506 5668 τὴν
525 5599 727 5670 ᾲὸσφὺν
757 5597 1005 5670 φυσικῶν
1063 5597 1352 5670 ὑπονόμων
1382 5597 1442 5652 Β.

194 5671 243 5702 ὀ
270 5671 411 5740 μετά
453 5667 549 5721 τοῦ
598 5670 744 5725 ὲπιτ.
779 5669 895 5740 βου..
931 5667 988 5722 Β-

271 5799 339 5870 (ε)
377 5800 436 5856 ll.
469 5804 526 5870 Δ,
561 5802 684 5858 526.

854 5529 898 5560 “
925 5519 1123 5610 ήκοὶτὸ
1285 5529 1330 5560 ³⁸
1361 5529 1476 5610 tunc
1508 5519 1618 5610 oin.

1900 5519 2139 5610 ἶναὶισῇν
2175 5519 2490 5610 τόπονζόστ.
2663 5519 2856 5610 “ﬁxae
2885 5540 2994 5610 orn.
3027 5524 3121 5610 l3.”
3151 5519 3210 5610 ’ίξ
3237 5526 3366 5610 ίξηῆς
3481 5586 3484 5590 ί

1522 5599 1563 5629 ⁸⁷
1615 5597 1733 5652 αὐτ.
1777 5594 2008 5650 πολλάκ.
2061 5593 2124 5647 Β.
2205 5593 2247 5624 ⁸⁸
2277 5594 2370 5646 καὶ
2400 5594 2498 5664 ούχ
2525 5595 2620 5664 ἢκ.
2651 5593 2745 5650 τοῦ
2779 5594 2900 5667 οὔρ.
2936 5595 2996 5649 Β.
3079 5596 3121 5628 ¹⁹
3178 5593 3352 5666 βοὸῶν
3380 5597 3454 5652 Β.

1955 5799 2177 5871 (nam.
2207 5799 2246 5866 ι,
2285 5800 2403 5854 ιδι.
