3856 6440
415 322 553 378 1259

1707 327 1987 384 M-ELETII
2025 328 2346 389 MONACIII

3552 344 3704 399 {3&0

414 435 722 509 ἑμπρόσθια
781 435 919 507 μέρη
949 431 1110 496 εἶναι,
1142 436 1248 491 hoc
1290 445 1393 500 est,
1443 440 1589 508 quod
1643 441 1695 495 in
1734 444 1991 499 anteriOri

2123 447 2156 500 ηδ
2183 449 2430 517 ἅπτομαι
2462 451 2554 503 καὶ
2585 453 2793 520 κνήθω.
2814 455 3075 525 Κνησμδς
3109 455 3214 526 γάρ
3238 456 3325 520 τίς
3347 458 3476 510 ἐστι
3511 459 3577 510 τὸ
3605 459 3704 526 τῆς

415 535 567 596 parte
601 527 767 580 situm
793 525 1020 588 habeat;
1056 523 1284 593 βάλανον
1310 534 1512 590 autem,
1541 527 1792 597 glandem
1821 531 1992 598 ipsam

417 617 489 672 ob
518 618 578 671 id
596 616 864 681 dictitant,
890 619 1037 686 quod
1059 617 1272 687 glandis
1301 618 1712 673 similitudinem
1749 621 1837 675 illa
1867 638 1994 692 pars

417 723 529 778 pra:
545 724 601 762 se
633 707 766 762 ferat
795 725 808 763 :
851 707 1004 778 ψωλή
1038 723 1166 762 vero
1197 709 1370 778 penis,
1398 709 1468 763 ob
1496 709 1547 764 id
1570 709 1791 776 dicitur,
1844 713 1997 784 παρὰ

416 801 478 852 τὸ
511 799 724 869 ψωλέω,
759 799 828 853 ab
859 800 1088 854 humore
1119 800 1387 864 videlicet,
1421 803 1536 856 sive
1566 803 1794 872 spiritus
1826 806 1996 860 emis-

419 893 594 955 sione,
625 893 774 960 quia,
811 907 933 945 cutn
964 891 1053 945 tali
1083 901 1274 946 natura
1306 893 1566 962 praeditus
1599 895 1687 956 sit.
1728 907 1858 949 tunc
1886 911 1997 950 ma-

417 985 565 1037 xime
610 983 664 1036 in
702 992 968 1036 tumorem
1004 983 1248 1052 erigitur,
1295 999 1419 1037 cum
1466 1000 1823 1040 venerem-um
1853 986 2001 1056 cupi-

419 1074 545 1128 dine
572 1075 894 1145 exagitatur.
935 1074 1059 1128 Sive
1091 1076 1215 1129 inde
1252 1075 1454 1130 dictum
1499 1077 1689 1131 volunt
1715 1077 1823 1147 ψῶ,
1852 1078 1998 1148 quod

2101 538 2294 606 ἡδονῆς
2313 541 2375 590 (³⁸.
2407 541 2793 610 Σηραγγώὃες
2825 545 3046 612 νεῦρον
3077 547 3142 607 εδ,
3173 547 3255 600 ὃτι
3295 547 3435 598 ποτὲ
3475 547 3583 615 μὲν
3611 547 3708 598 αὖε

2103 630 2204 694 ξει,
2227 633 2356 684 ποτὲ
2384 632 2441 685 δὲ
2469 634 2624 704 λήγει
2650 636 2820 706 σηρού
2830 655 2994 708 μενον
3009 640 3072 704 ",
3097 640 3361 710 καθάπερ
3390 643 3454 693 αἱ
3485 643 3707 710 σήραγ-

2103 739 2197 788 γες
2213 722 2279 778 ⁸⁸.
2312 726 2551 791 Itach
2576 726 2656 789 δὲ,
2677 728 2750 790 ὡς
2781 730 3057 799 ἐπίμηκες
3087 747 3102 761 ·
3136 733 3246 784 πᾶν
3271 733 3388 803 γὰρ
3417 733 3709 801 ἐπίμηκες

2105 811 2268 872 αὐλός
2295 827 2308 839 ⁸
2368 814 2669 884 προσθέσει
2717 814 2810 872 οὗν
2844 820 2940 872 τοῦ
2975 840 3009 873 κ
3031 821 3096 884 ⁸³,
3128 823 3368 886 καυλόςο
3406 823 3506 875 διὰ
3541 823 3708 875 τοῦτο

2104 900 2161 952 δὲ
2183 905 2600 977 κατεσκευάσθη
2628 909 2927 980 ἐπίμηκες,
2953 914 3044 966 ἵνα
3067 914 3257 986 ὥσπερ
3287 916 3358 966 ἐκ
3395 915 3707 984 σφενδόνης

2105 995 2458 1067 παραπέμπῃ
2483 998 2528 1028 "°
2560 998 2660 1068 τὴν
2693 1001 2860 1071 γονὴν
2899 1005 2957 1054 ἐν
3006 1007 3071 1074 τῇ
3125 1007 3314 1076 μήτρᾳ
3354 1007 3459 1058 ἐπὶ
3501 1007 3702 1075 μῆκος.

2106 1085 2199 1135 καὶ
2234 1086 2688 1155 μὴὰπομένουσα
2721 1091 2845 1156 ἔξω,
2872 1094 3130 1158 ἀτεκνίας
3149 1097 3190 1126 ⁷³
3230 1097 3412 1149 αἴτιον
3453 1096 3700 1164 γίνηται.

417 1175 506 1259 est
531 1179 708 1237 tango,
764 1179 818 1222 et
865 1169 1068 1237 prurio,
1104 1184 1227 1222 nam
1271 1185 1379 1238 prae
1405 1169 1524 1239 ejus
1547 1179 1714 1234 tactu,
1782 1172 2028 1242 pruritus
2067 1176 2285 1244 quidam
2359 1180 2654 1250 voluptatis
2729 1184 2782 1238 in
2867 1201 2933 1240 eo
3004 1189 3257 1253 sentitur,
3319 1187 3700 1259 σηραγγῶδες

419 1258 630 1330 νεῦρον,
659 1262 782 1323 hoc,
817 1277 1040 1314 nervum
1074 1261 1316 1316 fistulare
1346 1263 1415 1317 ob
1445 1264 1494 1317 id
1545 1265 1748 1319 dictum
1783 1273 1995 1336 putant,
2028 1271 2173 1338 quod
2235 1272 2288 1325 in
2324 1283 2470 1328 tactu
2547 1278 3008 1346 quemadmodum
3061 1281 3238 1336 fistula
3272 1258 3698 1350 nonnunquam

419 1352 639 1417 crescit,
696 1351 1020 1421 quandoque
1066 1368 1202 1407 vero
1249 1354 1534 1410 minuitur.
1570 1355 1676 1410 Sed
1742 1367 1797 1412 et
1838 1358 2033 1423 καυλός
2077 1363 2230 1430 penis
2275 1377 2642 1436 nuncupatur,
2673 1370 2743 1423 ob
2769 1371 2852 1424 sui
2924 1373 3320 1442 longitudinem
3354 1374 3548 1428 caulis
3608 1389 3701 1425 no—

420 1460 544 1499 men
572 1445 881 1499 desumens.
917 1444 1028 1499 Hac
1061 1446 1209 1500 enim
1236 1447 1302 1499 de
1336 1462 1526 1511 causa,
1557 1459 1751 1504 natura
1785 1466 1910 1505 eum
1940 1453 1995 1505 in
2033 1452 2255 1525 longum
2311 1466 2627 1526 protensum
2665 1464 2971 1528 constituit,
3042 1465 3118 1519 uti
3141 1466 3298 1534 quasi
3325 1482 3357 1518 e
3389 1466 3598 1519 funda.
3642 1468 3703 1516 ab

422 1538 561 1608 ipso,
585 1538 817 1607 genitale
853 1553 1037 1592 semen
1095 1541 1148 1592 in
1197 1540 1415 1595 vulvam
1441 1541 1761 1611 ejaculctur,
1791 1560 1859 1598 ne
1909 1544 2136 1612 scilicet,
2192 1548 2235 1602 si
2279 1549 2442 1604 aliam
2501 1549 2727 1607 haberet
2786 1554 3040 1621 formam,
3099 1558 3347 1612 exterius
3394 1556 3704 1622 manendo,

421 1631 728 1686 sterilitatis
757 1646 928 1686 causa
959 1631 1285 1686 efﬁceretur.

495 1724 607 1779 lloc
627 1733 805 1778 autem
831 1725 1161 1789 membrum,
1185 1724 1430 1795 undique
1459 1741 1752 1780 nervorum
1785 1741 2002 1781 musco-
2035 1731 2074 1788 Β

423 1816 712 1886 lorumque
759 1825 922 1886 atque
968 1817 1296 1872 arteriarum
1343 1819 1498 1888 copia
1560 1818 1842 1888 praeditum
1866 1827 1951 1874 est
1982 1836 2003 1873 :

424 1910 715 1980 siquidem,
743 1910 945 1980 duplici
975 1910 1134 1964 olIicii
1157 1910 1438 1964 functione
1465 1912 1656 1978 utitur,
1680 1911 1874 1975 altera,
1904 1925 2002 1979 ge-

425 2003 607 2056 nitalis
631 2003 856 2057 seminis
883 2002 1214 2071 cjacularnli,
1239 2002 1411 2057 altera
1436 2002 1645 2056 humidi
1665 2001 2001 2057 excremcnti

421 2095 746 2150 excernendi
764 2095 946 2148 utunia
973 2093 1482 2170 peragenda..Uritta
1508 2106 1685 2150 autem
1719 2093 2003 2164 sanguinis

424 2183 706 2240 deftecatio
735 2187 849 2240 sive
898 2188 1061 2240 totius
1095 2186 1334 2239 alimenti
1373 2202 1560 2240 serosa
1609 2186 1862 2240 materies
1896 2193 2001 2239 est.

423 2278 493 2330 At
553 2285 719 2330 testes
783 2276 861 2328 illi
927 2277 1109 2346 ὄρχεις
1163 2277 1255 2329 καὶ
1306 2277 1478 2346 μήδεα
1536 2286 1873 2345 nuncupant.
1939 2275 2006 2329 Et

427 2367 602 2438 μήδεα
627 2369 869 2438 quidem,
927 2369 995 2421 ob
1029 2368 1079 2422 id
1111 2362 1322 2435 dicunt,
1359 2370 1510 2440 παρὰ
1557 2368 1616 2421 τὸ
1673 2369 1882 2439 μήδειν,
1912 2369 2006 2420 καὶ

424 2461 612 2531 ἄρχειν
662 2460 761 2530 τῆς
804 2461 1017 2528 γενεᾶς,
1059 2461 1203 2529 quod
1241 2460 1491 2514 videlicet
1519 2461 1852 2530 gente-rationi
1879 2476 2008 2528 prte-

425 2553 537 2606 sint
563 2568 624 2607 ac
647 2552 1013 2606 dominentur.
1048 2551 1112 2607 Et
1136 2551 1299 2621 hujus
1318 2553 1698 2622 appellationis
1720 2567 1914 2606 nomen
1939 2551 2006 2606 ad

427 2642 720 2698 Homerum
759 2655 1036 2698 auctorem
1064 2641 1317 2709 refertur,
1345 2643 1438 2712 qui
1460 2643 1536 2697 ait
1559 2661 1571 2696 :
1594 2641 1834 2696 Desectos
1856 2653 2006 2695 testes

425 2735 644 2789 canibus
674 2735 832 2788 dabo.
865 2733 1022 2790 Cutis
1047 2743 1226 2788 autem
1261 2749 1463 2803 crispa,
1492 2749 1612 2804 qua:
1645 2734 1792 2803 ipsos
1817 2733 2008 2797 ambit,

425 2826 634 2896 ὀσχεός,
663 2825 715 2879 id
739 2835 823 2881 est
852 2836 1095 2882 scrotum
1119 2826 1341 2886 dicitur,
1391 2825 1500 2878 ἀπὸ
1528 2824 1622 2877 τοῦ
1653 2824 2009 2896 περισκέπειν

426 2919 584 2981 αὐτά,
618 2920 772 2988 ιιι
805 2919 854 2973 id
873 2928 980 2986 est,
1005 2919 1148 2988 quod
1173 2919 1322 2989 ipsos
1347 2927 1510 2987 legat,
1530 2918 1796 2986 veletque.
1829 2915 2008 2986 Ipsum

427 3011 572 3064 enim
621 3021 888 3077 scrotum,
937 3020 1125 3072 testes,
1171 3021 1491 3080 meatusque
1537 3010 1758 3077 genitali
1813 3009 2008 3064 semini

2178 1725 2333 1780 Ἐστι
2363 1729 2420 1782 δὲ
2469 1731 2734 1801 νευρῶδες
2757 1733 2802 1764 τ’
2843 1732 2912 1784 δι’
2939 1732 3087 1797 ὅλου,
3140 1733 3279 1802 μετά
3315 1734 3484 1803 μυῶν
3514 1739 3585 1806 τῇ
3617 1739 3706 1789 οὖ-

2104 1819 2196 1888 σίᾳ
2218 1821 2262 1849 ’⁸
2293 1820 2416 1889 ἕχον
2441 1821 2508 1852 ⁷⁸·
2538 1823 2632 1875 καὶ
2663 1824 2892 1891 φλέϐας,
2933 1824 3031 1877 καὶ
3067 1827 3261 1896 χρείας
3289 1827 3478 1891 καὶ,⁷⁸
3536 1831 3707 1898 ἀρτη-

2104 1911 2247 1981 ρίας.
2288 1912 2352 1963 ἸΙ
2390 1913 2446 1966 δὲ
2480 1915 2640 1984 χρεία
2692 1916 2858 1969 αὑτοῦ
2913 1916 3101 1988 διττὴο
3153 1920 3291 1989 πρός
3323 1937 3386 1972 τε
3411 1920 3708 1984 ἐξακοντι-

2106 2003 2245 2073 σμδν
2277 2006 2596 2074 σπέρματος
2617 2023 2630 2037 ⁶
2671 2009 2764 2060 καὶ
2799 2009 2936 2079 πρὸς
2969 2011 3315 2065 ἁποκὲνωσιν
3351 2013 3454 2065 τοῦ
3487 2013 3666 2084 οὔρου
3691 2032 3704 2043 °

2105 2090 2266 2163 οὖρον
2310 2095 2366 2147 δέ
2424 2098 2572 2148 ἐστιν
2619 2097 2680 2150 τὸ
2745 2098 3131 2170 ἰἰεεριήθτη.ιρα⁷⁸
3179 2102 3274 2154 τοῦ
3334 2104 3623 2170 αἵματοςο
3677 2107 3706 2173 ἦ

2103 2186 2268 2258 ὀρρὸς
2293 2189 2391 2255 τῆς
2423 2189 2719 2258 συμπάσης
2749 2191 2980 2261 τροφῆς.
3004 2195 3068 2246 Ol.
3098 2193 3335 2262 δίδυμοι
3363 2197 3468 2254 καὶ
3505 2197 3709 2265 ὄρχεις

2106 2279 2394 2332 καλοῦνται
2435 2281 2529 2333 καὶ
2571 2280 2768 2350 μήδεα
2792 2298 2806 2313 °
2834 2284 2988 2356 παρὰ
3035 2285 3096 2339 τὸ
3141 2285 3334 2356 μήδειν
3367 2288 3474 2341 καὶ
3517 2290 3711 2359 ἄρχειν

2105 2373 2205 2442 τῆς
2227 2376 2424 2442 γενεᾶς
2442 2391 2454 2402 ·
2494 2375 2595 2428 καὶ
2615 2375 2894 2447 Ὅμηρος,

2184 2639 2389 2705 Μήδεια
2423 2639 2474 2692 δ’
2505 2640 2803 2709 ἐξερύσας
2823 2643 2868 2674 ⁷⁷
2891 2643 3064 2697 δώσω
3100 2645 3356 2715 κυσίσ).

2112 2729 2185 2780 Τὸ
2221 2730 2277 2781 δὲ
2313 2731 2568 2801 περιέχον
2612 2735 2811 2797 αὐτοὺς
2861 2735 3039 2805 δέρμα
3079 2737 3297 2806 ὀσχεός
3357 2737 3705 2809 ὠνομάσθη·

2111 2822 2220 2874 ἀπὸ
2276 2821 2371 2874 τοῦ
2427 2823 2704 2894 περιέχειν
2762 2826 2832 2879 τὰ
2884 2828 2978 2880 ὑπ’
3013 2828 3177 2882 αὑτοῦ
3221 2831 3622 2899 περισχόμενοι
3645 2835 3704 2884 ⁷⁸.

2117 2913 2348 2980 Ὄρχεις
2381 2918 2524 2984 φημὶ
2557 2917 2651 2968 καὶ
2674 2917 3082 2984 παραστάτας,
3106 2922 3199 2973 καὶ
3215 2923 3284 2974 τὰ
3314 2925 3704 2992 σπερματικὰ

2113 3005 2352 3073 ἀγγεῖα’
2393 3008 2489 3059 καὶ
2537 3008 2628 3062 τὸν
2675 3010 3088 3079 ἐλυτροειδῆη
3126 3013 3368 3080 χιτῶνα,
3425 3017 3532 3068 καὶ
3585 3019 3701 3080 τοὺς

429 3101 892 3168 aceommodatos,
907 3111 960 3158 et
980 3104 1219 3171 ejusdem
1240 3105 1464 3158 seminis
1485 3119 1632 3169 vasa,
1661 3105 2007 3157 auxiliaretu-

2123 3096 2380 3165 ςαρτούς.
2410 3099 2597 3153 Ταῦτα
2620 3101 2728 3170 γὰρ
2747 3103 2924 3156 πάντα
2947 3104 2992 3136 ⁸ο
3016 3078 3132 3157 ὑπο.
3148 3078 3241 3157 τοῦ
3274 3105 3479 3176 ὁσχεοῧ
3542 3078 3697 3179 περιζ

429 3211 536 3264 que
577 3195 836 3260 tunicam,
875 3205 928 3250 et
965 3197 1186 3251 testium
1246 3197 1700 3260 membranulam,
1755 3197 2006 3250 universa

433 3287 548 3342 haec
580 3288 1009 3357 comprehendit.
1063 3285 1198 3342 Nam
1249 3288 1422 3344 Graeci
1473 3297 1637 3344 testes
1666 3288 1814 3356 ipsos
1845 3287 2008 3355 hujus

433 3381 604 3450 gratia
641 3379 823 3450 ὄρχεις
853 3381 1035 3435 dicere
1073 3390 1494 3446 consueverunt,
1533 3381 1678 3451 quod
1713 3382 2008 3450 appetitum

433 3475 500 3529 ad
537 3490 784 3539 venerea,
814 3475 957 3544 quod
995 3475 1072 3528 illi
1112 3475 1292 3545 δρεξιν
1322 3475 1534 3540 dicunt,
1572 3482 1880 3543 suggerant.
1914 3471 2012 3526 Vel

433 3565 589 3635 quasi
621 3564 820 3635 ἔρχεις,
871 3565 976 3622 hoc
1023 3575 1108 3621 est
1141 3580 1416 3629 accessus,
1472 3567 1551 3628 είς
1588 3566 1680 3628 οὓς
1708 3565 1926 3635 ἔρχεται
1974 3565 2008 3634 ἡ

435 3659 590 3728 γονή,
628 3658 774 3728 quod
838 3658 1086 3712 videlicet
1113 3659 1347 3729 genitale
1397 3674 1581 3713 semen
1629 3658 1682 3711 in
1705 3673 1795 3713 eos
1825 3672 2018 3728 perve-

436 3751 572 3806 niat.
607 3751 925 3806 Substantia
949 3761 1127 3806 autem
1162 3751 1381 3806 testium
1416 3750 1793 3805 tonsillaribus
1818 3748 2014 3804 referta

437 3842 716 3903 carnibus.
739 3851 793 3896 et
824 3857 946 3896 rara
971 3849 1076 3906 est,
1123 3857 1230 3911 qua
1283 3843 1349 3895 ad
1391 3842 1638 3911 genitalis
1667 3841 1891 3896 seminis
1921 3856 2014 3910 ge-

440 3932 663 3986 nitivam
697 3932 825 3994 vim,
883 3942 1076 3986 natura
1121 3933 1424 3988 constituit.
1453 3931 1615 3986 Nervi
1667 3941 1848 3987 autem
1891 3932 2016 4001 ipsi,

440 4037 580 4092 quos
612 4031 804 4076 natura
829 4023 894 4077 ad
934 4023 1168 4092 genitale
1222 4039 1409 4079 semen
1466 4025 1734 4096 delegavit
1761 4024 1838 4080 illi
1869 4032 2017 4089 sunt,

442 4128 472 4166 a
498 4112 698 4183 quibus
733 4121 896 4168 testes
916 4113 1258 4182 dependent;
1296 4114 1390 4184 qui
1420 4114 1771 4169 cremasterei
1821 4114 2019 4169 dicun-

443 4211 551 4268 tur,
581 4205 784 4272 quique
829 4204 1155 4259 membranae
1197 4219 1318 4273 qute
1342 4203 1494 4258 dorsi
1549 4203 1842 4258 medullam
1868 4219 2021 4259 com-

2112 3187 2320 3259 έχεται.
2356 3193 2592 3260 Ὅρχεις
2627 3193 2748 3263 μὲν,
2789 3194 2941 3264 παρᾶ
2995 3196 3057 3248 τὸ
3095 3198 3176 3260 είς
3199 3197 3243 3228 ⁸⁸
3299 3198 3372 3250 τὰ
3407 3201 3704 3269 ἀφροδίσια

2115 3283 2384 3350 παρέχειν
2415 3283 2513 3352 τὴν
2543 3283 2753 3354 ὄρεξιν·
2787 3287 2818 3357 ἢ
2845 3281 2958 3340 οἷον
2989 3287 3192 3358 ἔρχεις,
3228 3291 3309 3353 εἰς
3340 3289 3439 3353 οὓς
3481 3291 3702 3361 ἔρχεται

2117 3374 2152 3442 ἡ
2195 3374 2365 3444 γονήο
2424 3373 2542 3428 ἐστι
2581 3375 2641 3429 δὲ
2696 3377 2943 3449 αὑτῶνή
3003 3379 3160 3432 οὐσία
3185 3382 3229 3413 ⁸³
3283 3382 3570 3455 ἁδενώδης
3618 3386 3702 3438 καὶ

2117 3463 2371 3536 ψαφαρὰ,
2407 3468 2757 3539 πεποιημένη
2814 3472 2894 3534 εἰς
2934 3472 3035 3544 τὴν
3061 3472 3155 3525 τοῦ
3202 3473 3534 3544 σπέρματος
3564 3479 3701 3544 γόνι-

2120 3574 2221 3626 μον
2237 3557 2489 3630 δύναμιν.
2519 3563 2578 3614 Οί
2601 3561 2658 3614 δὲ
2685 3564 3059 3630 παραστάται
3080 3567 3148 3630 ⁸⁸,
3175 3569 3222 3620 oi
3243 3569 3338 3620 καὶ
3363 3569 3701 3638 κρεμαστῆ-

2110 3665 2217 3717 ρες
2249 3649 2561 3720 λεγόμενοι,
2597 3652 2831 3722 ἔκφυσίς
2862 3657 2978 3709 ἐστι
3009 3657 3055 3688 ⁸⁸
3078 3656 3173 3710 τοῦ
3207 3659 3470 3712 νωτιαίου
3501 3660 3698 3729 μυελοῦ

2115 3742 2220 3812 τῆς
2253 3745 2522 3813 μήνιγγος
2544 3762 2558 3776 ·
2593 3748 2692 3799 σὺν
2719 3747 2914 3817 φλεψὶν
2958 3748 3354 3820 ἀρτηριὼδεσιν
3387 3753 3596 3816 ἐντοῖς
3626 3753 3698 3804 δι-

2119 3832 2310 3904 δύμοις
2345 3836 2688 3908 καθήκουσαι
2719 3855 2732 3868 ο
2784 3838 2852 3891 δι’
2891 3832 2968 3892 ὧν
3000 3841 3033 3910 ἡ
3059 3840 3156 3892 τοῦ
3189 3841 3519 3911 σπέρματος
3548 3845 3626 3905 εἰς
3649 3843 3700 3894 τὸ

2117 3927 2317 3982 αἰδοῖον
2361 3929 2573 3997 γίνεται
2603 3931 2848 4001 πρόεσις.
2877 3933 3119 4002 Σπέρμα
3142 3933 3237 3987 οὖν
3260 3934 3510 4001 λέγεται,
3536 3935 3623 3988 διὰ
3649 3935 3700 3987 τὸ

2118 4023 2578 4093 συνεσπαρμὲνην
2618 4023 2765 4094 ἔχειν
2811 4026 2872 4078 ὲν
2919 4024 3101 4096 ἑαυτῷ
3134 4024 3233 4096 τὴν
3275 4029 3377 4096 τῆς
3422 4026 3699 4095 δυνάμεως

2114 4119 2453 4193 τελειότητα,
2494 4123 2589 4176 τοῦ
2640 4122 2898 4192 γενέσθαι
2928 4120 3133 4173 τοιόνδε
3166 4120 3228 4171 τὸ
3258 4117 3401 4182 ζῶον
3425 4117 3488 4181 ἐξ
3521 4111 3598 4171 ὧν
3615 4118 3700 4171 καὶ

2122 4213 2427 4285 ἀπεκρίθη.

442 4295 693 4365 plectitur
713 4310 1003 4365 processus
1030 4305 1178 4361 sunt,
1205 4297 1300 4365 qui
1323 4296 1544 4366 quidem
1570 4311 1862 4366 processus
1888 4310 2013 4350 cum
2053 4305 2208 4360 venis
2270 4307 2622 4363 arterialibus
2656 4306 2887 4361 testibus
2938 4305 3281 4360 acclinantur
3315 4321 3329 4356 :
3360 4318 3491 4356 nam
3526 4315 3696 4356 semen

443 4389 678 4461 genitale
736 4389 808 4442 illi
879 4388 1100 4458 σπέρμα
1151 4389 1360 4455 dicunt,
1401 4389 1546 4458 quod
1588 4389 1708 4444 talis
1765 4387 2021 4445 animalis
2059 4395 2336 4468 gignendi,
2371 4401 2536 4472 quale
2565 4410 2650 4456 est
2683 4400 2816 4454 illud
2874 4414 2910 4453 a.
2953 4412 3063 4468 quo
3107 4397 3434 4461 secernitur,
3463 4409 3699 4466 sparsam

445 4483 500 4537 in
530 4496 590 4536 se
617 4480 888 4536 facultatis
927 4479 1312 4550 perfectionem
1349 4481 1647 4537 contineat.

515 4574 660 4630 Vasa
685 4577 864 4645 itaque
881 4576 1231 4645 spermatica,
1256 4591 1406 4632 vena:
1451 4586 1598 4642 sunt,
1637 4592 1668 4632 a
1709 4592 1843 4634 cava
1889 4594 2010 4634 ven:

2205 4582 2288 4636 Τὰ
2315 4583 2672 4654 σπερματικὰ
2697 4584 2881 4637 τοίνυν
2920 4584 3143 4650 ἀγγεῖα,
3178 4581 3380 4650 φλέϐες
3413 4580 3583 4647 εἰσὶν,
3608 4581 3699 4634 ἀπὸ

447 4670 822 4739 procedentes,
861 4683 981 4738 quze
1022 4668 1191 4738 spina:
1216 4684 1248 4722 a
1295 4684 1514 4725 summo
1553 4671 1618 4725 ad
1651 4670 1818 4725 imum
1850 4686 2026 4741 usque

448 4777 681 4832 superne
700 4762 1020 4832 applicatur.
1044 4761 1120 4815 Ex
1136 4761 1270 4831 ipsis
1299 4769 1482 4819 autem
1500 4763 1655 4819 venis
1680 4765 1910 4821 testibus
1929 4765 2030 4820 ali—

449 4847 692 4910 mentum
712 4856 1178 4926 suppeditatur,et
1201 4856 1305 4911 illae
1334 4866 1463 4912 sunt
1481 4857 1535 4911 in
1560 4859 1759 4926 quibus
1784 4860 2026 4928 primum

450 4965 668 5003 scrosus
682 4949 998 5003 commutati
1030 4949 1315 5017 sanguinis
1336 4949 1546 5014 humor,
1565 4950 2025 5020 quemadmodum

452 5042 504 5095 in
531 5041 746 5112 papillis
762 5040 1053 5094 mulierum
1078 5041 1161 5094 lac
1180 5051 1588 5111 progeneratur.
1608 5040 1792 5112 itaque
1817 5042 2030 5097 arteria:

453 5148 729 5202 venaeque,
746 5147 867 5202 qum
883 5131 939 5187 in
971 5132 1203 5186 testibus
1225 5133 1341 5188 sitae
1358 5141 1505 5198 sunt,
1529 5133 1770 5187 alimenti
1795 5133 1876 5188 eis
1900 5149 2030 5203 sug-

455 5225 674 5294 gerendi
713 5225 884 5295 gratia
920 5223 1243 5295 sanguinem
1279 5225 1700 5294 concoquendo,
1770 5225 1826 5279 in
1879 5240 2028 5280 εει-ο-

2130 4674 2230 4744 τῆς
2252 4674 2440 4744 κοίλης
2471 4675 2517 4708 ⁸⁸
2544 4674 2741 4744 φλεϐὸς
2770 4674 3066 4746 ἐρχόμεναι
3093 4673 3165 4738 ⁸⁸,
3193 4674 3315 4743 ἥτις
3345 4673 3623 4726 ἐπίκειται
3645 4675 3699 4740 τῇ

2135 4763 2264 4834 ῥάχι
2287 4763 2353 4829 ⁸⁷,
2377 4763 2588 4818 ἄνωθεν
2617 4764 2722 4827 ἕως
2757 4765 2931 4818 κάτω.
2968 4763 3048 4818 Δι’
3069 4756 3145 4817 ὧν
3169 4762 3385 4833 φλεϐῶν
3420 4763 3475 4814 oi
3501 4762 3700 4833 δίδυμοι

2133 4854 2429 4924 τρέφονται
2456 4874 2472 4886 θ
2502 4856 2563 4907 ὲν
2592 4853 2823 4918 ταύταις
2857 4854 2967 4923 γὰρ
3005 4855 3065 4908 τὺ
3095 4852 3331 4926 ὀρρῶδες
3365 4853 3546 4924 ὑγρὸν
3565 4853 3700 4922 πρῶ·

2133 4961 2228 4997 τον
2275 4945 2541 5010 τίκτεται,
2592 4945 3028 5016 μεταϐληοέντος
3060 4943 3156 4998 τοῦ
3187 4943 3422 5013 αἵματος
3463 4943 3699 5011 καθάπερ

2139 5039 2196 5090 ὲν
2227 5039 2347 5100 ταῖς
2375 5037 2579 5101 τιτθοῖς
2605 5037 2667 5090 τὸ
2689 5037 2853 5106 γάλα.
2894 5036 3188 5089 Πέττουσιν
3220 5035 3317 5104 μὲν
3340 5028 3440 5086 οὖν
3463 5035 3521 5087 αἱ
3547 5035 3699 5102 ἀρτηο

2143 5130 2256 5202 ρίαι
2294 5131 2391 5184 καὶ⁸
2425 5130 2644 5200 φλέϐες,
2674 5131 2730 5183 αἱ
2763 5125 2920 5184 οὖσαι
2949 5131 3006 5180 ὲν
3037 5131 3150 5192 τοῖς
3180 5127 3450 5196 διδύμοις,
3483 5126 3546 5179 τὺ
3582 5123 3698 5195 αἷμα

2141 5223 2222 5285 είς
2254 5221 2316 5275 τὸ
2343 5221 2580 5294 ὀρρῶδες
2605 5220 2796 5292 ὑγρὸν,
2823 5221 2914 5274 ἴνα
2955 5219 3264 5292 τρέφωνται
3291 5234 3305 5247 ·
3333 5219 3416 5271 ὅτι
3456 5221 3523 5271 ἐκ
3554 5220 3698 5289 σπέρ-

522 5391 571 5423 ⁴¹⁸
591 5408 753 5463 κνησ.
777 5409 834 5461 γ.
863 5393 975 5448 ὲστ.
1001 5395 1099 5463 τῆς
1123 5395 1206 5463 ἠδ.
1240 5394 1302 5463 Β.
1336 5392 1380 5422 ⁸⁵
1404 5407 1536 5461 σηρ.
1559 5391 1616 5445 δὲ
1646 5408 1794 5463 νευρ.
1822 5390 1892 5463 Β.
1921 5391 1966 5423 ⁸⁷
2001 5407 2126 5463 σηρ.
2147 5406 2258 5444 om.
2381 5389 2678 5463 συρόμενον
2695 5387 2755 5443 C.
2783 5385 3353 5463 δξσ-ύριγγεςῄΒηω-τδ
3373 5399 3428 5436 κ.
3462 5385 3525 5436 Δ.
3623 5399 3700 5463 παι

459 5455 740 5531 ρκπέμτὲει
783 5455 842 5515 Β.
921 5465 962 5494 ⁷⁸
1003 5455 1258 5534 ἀτεχνίας
1287 5461 1345 5516 Β.
1422 5455 1767 5541 ⁷ί’νευρώδης
1793 5463 1830 5514 Β
1856 5462 1918 5515 C.
1998 5455 2172 5541 “Vtile
2203 5462 2391 5541 οὐσίαν
2415 5455 2500 5541 l3.“
2520 5455 2531 5459 ’
2552 5460 2598 5497 τι
2625 5460 2766 5541 ἔχων
2865 5455 2930 5512 Ρ.
2959 5457 3327 5541 (ιυίιτῇρύσξᾳ
3360 5470 3475 5541 om.
3507 5455 3696 5541 ..ποιαί

459 5551 547 5602 χρ.
586 5534 778 5604 omaB
809 5534 867 5586 P.
944 5535 991 5564 ⁷⁶
1025 5532 1351 5604 περίττωμα
1392 5535 1555 5604 θιγεὶο
1587 5532 1975 5604 feresetnper.

462 5599 675 5672 τροειδῆ
710 5603 769 5657 Β.
847 5605 892 5635 ⁸ο
919 5599 1187 5658 ταῦτα’δὲ
1221 5599 1286 5656 πξ
1321 5604 1378 5656 Β.
1455 5603 1498 5633 ³³
1527 5603 1664 5672 πρὸς
1692 5599 1730 5652 Β
1765 5603 1821 5656 Ρ.

463 5674 562 5742 λης
597 5692 705 5727 out.
744 5677 806 5727 Α.
881 5675 927 5705 ⁸⁸
958 5675 1230 5746 ἐρχόμενα
1263 5674 1302 5728 Β
1329 5675 1388 5729 Ρ.
1471 5675 1515 5705 ⁸⁷
1552 5674 1693 5745 ῥὰχη
1722 5672 1781 5727 Β.

540 5795 599 5862 ti}
636 5793 737 5848 0d.
773 5795 836 5858 Σ,
865 5797 950 5848 86.

1904 5604 1950 5634 ⁸³
1989 5605 2019 5674 ἡ
2062 5603 2182 5657 οὐσ.
2219 5602 2402 5655 αὐτῶν
2431 5601 2489 5655 Β.

2157 5531 2171 5552 ’
2223 5531 2524 5612 ὲρὺσαίΰ.
2567 5525 3079 5612 Δξ’δῖιτεριέχειντέ
3116 5525 3431 5612 insidii;
3507 5525 3695 5612 ’Lépv-

2565 5601 2614 5633 ⁸³
2643 5593 3007 5671 παραστάτας
3040 5599 3100 5653 Β.
3178 5600 3227 5630 ⁸⁸
3257 5601 3362 5652 εἰσὶ
3392 5597 3452 5652 Β.
3528 5597 3573 5628 ⁸³
3603 5593 3695 5648 κοί-
