3856 6430
179 383 338 439 1241‘

1438 389 1527 444 DE
1563 389 1852 447 NATURA
1890 391 2201 448 HOMINIS.

3319 393 3460 448 12η

181 515 373 570 ματος
397 498 497 571 τὴν
513 499 688 572 ἀρχην
785 503 998 571 γένεσις
1031 507 1213 562 αὐτῶν
1251 510 1411 581 ἔσχεν
1435 512 1510 544 ⁸⁸ο
1541 513 1642 566 ὅσα
1674 513 1763 584 γάι

1887 530 2007 570 sum
2037 516 2319 570 humorem
2337 527 2674 571 commutant
2701 535 2713 571 :
2739 516 2881 585 quod
2899 530 3088 571 eorum
3103 517 3455 587 principium,

179 591 262 642 ὲκ
297 589 614 661 σπέρματος
661 596 950 658 γεννᾶται,
998 598 1065 652 ἐκ
1094 599 1289 654 τούτου
1322 602 1417 656 καὶ
1470 605 1734 672 τρέφεται
1765 621 1778 635 ·

184 679 292 732 καὶ
347 680 447 733 ὅσα
491 679 550 745 ἐξ
603 681 856 752 αἵματος,
911 685 972 750 ἐξ
1007 687 1242 757 αἵματος
1272 705 1286 718 '
1319 685 1484 746 αὗται
1510 694 1605 747 οὖν
1633 695 1680 725 ⁸³
1712 697 1777 748 ἐκ

185 771 520 844 σπέρματος
569 775 664 828 καὶ
679 775 726 807 ⁹⁰
767 777 1066 846 γεννῶνται
1110 783 1205 834 καὶ
1248 783 1562 854 τρέφονταιο
1597 786 1694 840 καὶ
1721 785 1784 840 τὸ

187 865 522 937 περιττεῦον
549 869 742 932 αὐταῖς
768 869 982 938 γίνεται
1015 874 1170 942 γονή.
1198 875 1266 928 Δί
1295 877 1490 946 φλέϐες
1520 878 1578 931 δὲ
1619 872 1780 932 αὗται

186 956 298 1010 καὶ
322 958 376 1010 αἰ
399 959 657 1030 ἀρτηρίαι
679 961 760 1024 εἰς
779 963 905 1026 τοὺς
927 963 1184 1034 διδύμους
1200 967 1598 1037 ἐμπίπτουσαι,
1621 969 1780 1022 αἴτιοι

186 1049 304 1120 ⁸τῆς
335 1052 628 1116 συνουσίας
667 1053 910 1122 γίνονται
953 1055 1146 1128 τρόπῳ
1178 1059 1410 1130 τοιούτῳ
1435 1061 1479 1092 ⁹¹
1506 1077 1520 1091 ο
1553 1061 1778 1131 Διερχό·

193 1157 366 1209 μεναι
398 1139 485 1195 διὰ
512 1141 622 1195 τῶν
650 1143 888 1214 νεφρῶν,
911 1145 1173 1216 ἀρύονται
1197 1148 1510 1221 δριμύτητά
1537 1168 1661 1205 τινα
1682 1151 1780 1222 τὴν

188 1231 557 1301 ἐρεθίζουσαν
594 1233 692 1305 τὴν
726 1234 910 1306 ὄρεξιν
935 1253 951 1269 ’
985 1237 1174 1310 ὥσπερ
1208 1243 1320 1312 γάρ
1348 1243 1440 1295 τὸν
1468 1243 1714 1314 κνησμὸν
1744 1245 1778 1315 ἡ

185 1323 468 1395 δριμύτης
497 1329 660 1393 ποιεί,
689 1328 864 1392 οὕτως
884 1329 981 1383 καὶ
1010 1330 1112 1402 τὴν
1144 1331 1325 1405 ὄρεξιν
1350 1335 1580 1406 ταύτην.
1625 1337 1779 1390 Ἐπεὶ

185 1415 254 1469 δὲ
285 1415 397 1470 τῶν
446 1418 686 1489 διδύμων
738 1423 772 1492 ἡ
807 1423 944 1492 σάρξ
981 1425 1166 1496 ἀπαλή
1206 1427 1346 1493 ἐστι,
1393 1427 1620 1482 πλείονα
1679 1429 1778 1500 τὴν

185 1506 509 1579 δριμύτητα
546 1510 813 1582 δεχομένη
850 1515 990 1587 ὑπὲρ
1038 1515 1099 1569 τὸ
1128 1517 1325 1587 δέρμα,
1375 1519 1598 1589 ἐμμανῆ
1634 1523 1780 1574 ποιεῖ

185 1597 298 1667 τῆς
335 1598 501 1668 γονῆς
530 1602 630 1670 την
667 1602 968 1674 ἐπιθυμίαν
1001 1605 1142 1675 πρὸς
1170 1605 1443 1677 ἔκκρισιν.
1477 1607 1588 1661 Καὶ
1627 1609 1779 1679 πρῶ-

185 1705 264 1743 τα
279 1691 327 1722 ⁹²
367 1690 466 1761 μὲν
495 1693 828 1763 ἀναφέρεται
858 1699 890 1767 ή
935 1698 1165 1768 τοιαύτη
1205 1699 1336 1771 γονὴ
1376 1700 1456 1762 εἰς
1483 1701 1581 1772 τὴν
1607 1719 1777 1770 κεφα-

184 1779 300 1851 λήν
325 1798 341 1814 ·
378 1783 544 1838 πάλιν
573 1785 630 1838 δὲ
673 1787 783 1840 ἀπὸ
834 1788 934 1858 τῆς
979 1791 1224 1862 κεφαλῆς
1280 1794 1651 1864 καταφέρεται
1681 1794 1770 1848 διά

1885 607 1950 661 ad
1981 623 2164 662 semen
2198 610 2430 678 genitale
2452 609 2704 665 refertur.
2737 607 3250 678 Nam,qu:ecunqne
3271 625 3338 665 ex
3373 625 3460 666 se-

1884 700 2031 755 mine
2053 701 2370 772 gignuntur,
2406 718 2471 757 ex
2511 702 2701 758 eodem
2729 701 2836 758 sibi
2860 711 2916 757 et
2937 702 3255 756 alimentum
3282 704 3459 758 vindi-

1883 801 2027 846 cant.
2080 791 2281 847 Eodem
2344 805 2527 864 pacto,
2559 803 2615 850 et
2639 795 2708 850 de
2764 795 2852 850 his
2896 809 3018 864 qua:
3068 807 3136 849 ex
3193 794 3458 864 sanguine

1882 883 2179 954 gignuntur
2212 886 2583 956 accipiendum
2630 897 2732 942 est.
2770 885 2864 942 Hae
2914 902 3065 942 venae
3093 887 3256 957 igitur
3294 898 3458 958 atque

1881 976 2092 1030 arteriae
2122 993 2189 1031 ex
2230 979 2437 1033 semine
2483 979 2800 1049 gignuntur,
2821 978 3172 1048 alunturque,
3199 988 3252 1034 et
3280 980 3457 1048 portio

1879 1080 2002 1135 qua:
2029 1067 2154 1122 inde
2168 1078 2462 1140 exsuperat
2492 1070 2546 1124 in
2566 1071 2870 1140 genituram
2899 1071 3456 1128 vertitur.Enim\-ero

1880 1171 2032 1211 vena:
2075 1159 2417 1228 arteriaaque,
2455 1175 2577 1229 quaa
2620 1161 2853 1216 testibus
2886 1161 3244 1225 acclinantur,
3277 1163 3456 1218 coitus

1880 1259 2046 1300 causa
2069 1246 2172 1301 hoc
2195 1257 2353 1316 pacto
2375 1245 2706 1304 efﬁciuntur.
2725 1247 2860 1303 Nam
2877 1249 3006 1303 dum
3037 1265 3134 1318 per
3156 1264 3312 1304 renes
3329 1265 3456 1319 pro-

1878 1337 2098 1403 cedunt,
2129 1339 2486 1394 acrimoniam
2519 1339 2836 1410 quamdam,
2865 1341 3094 1394 coeundi
3123 1340 3450 1395 desiderium

1877 1432 2478 1495 moventem,excitant.
2497 1431 2966 1498 Quemadmodum
2985 1432 3128 1486 enim
3149 1432 3451 1486 acrimonia

1877 1519 1989 1585 illa,
2013 1522 2256 1590 pruritus
2278 1521 2467 1576 eodem
2498 1532 2678 1592 pacto,
2711 1531 2765 1576 et
2791 1522 2970 1576 coitus
2999 1521 3252 1576 desiderii
3283 1537 3450 1577 causa

1875 1611 2112 1667 exsistit.
2143 1612 2208 1667 Et
2251 1614 2507 1682 quoniam
2537 1614 2755 1668 testium
2788 1628 2916 1668 caro
2940 1613 3122 1667 mollis
3156 1613 3447 1668 admodum

1875 1702 2126 1768 habetur,
2146 1718 2271 1758 cum
2293 1703 2360 1758 ad
2387 1711 2565 1759 cutem
2602 1705 2758 1772 112
2778 1720 2965 1757 eorum
2993 1703 3278 1774 plurimam
3306 1704 3448 1758 acri-

1877 1793 2118 1848 moniam
2148 1794 2290 1863 adigi
2347 1794 2656 1864 contigerit,
2686 1793 2892 1849 furiosa
2927 1794 2995 1848 ad
3039 1795 3442 1849 excernendutn

182 1871 290 1925 δύο
312 1873 522 1942 φλεϐῶν
572 1876 793 1930 καὶδύο
838 1879 1118 1950 ἀρτηριῶν
1146 1883 1226 1945 εἰς
1271 1881 1363 1936 τὸν
1412 1883 1623 1953 ὀσχεὸν,
1674 1886 1763 1939 καὶ

1877 1898 2062 1939 semen
2091 1883 2286 1953 cupido
2309 1883 2626 1938 innascitur.
2658 1882 2724 1936 Et
2748 1884 2983 1953 primum
3005 1884 3222 1952 quidem
3254 1882 3446 1952 hujus-

184 1967 460 2035 ἐμπίπτει
509 1969 592 2031 είς
633 1970 897 2042 ἑκάτερον
941 1972 1050 2025 τῶν
1092 1973 1334 2042 διδύμων
1381 1975 1478 2045 μία
1530 1976 1772 2048 ἀρτηρία

183 2056 304 2111 τῶν
331 2060 660 2130 εἰρημένων,
690 2061 782 2114 καὶ
821 2062 921 2132 μία
963 2062 1106 2132 φλὲψ
1157 2063 1374 2134 πλήρης
1409 2064 1727 2136 σπέρματος
1749 2083 1766 2099 ⁸

185 2150 290 2203 καὶ
317 2153 376 2204 ἐν
423 2151 635 2215 τούτοις
673 2152 900 2218 τελείως
944 2155 1496 2226 ἀποσπερματοῢται,
1532 2156 1626 2211 καὶ
1675 2157 1764 2212 διὰ

181 2240 286 2296 τοῦ
319 2242 656 2307 κισσοειδοῦς
691 2245 1069 2316 παραστάτου,
1119 2246 1228 2300 ἀπὸ
1253 2245 1363 2299 τῶν
1391 2245 1632 2317 διδύμων
1664 2262 1763 2316 με-

178 2333 542 2404 ταπέμπεται
581 2336 662 2399 εἰς
682 2335 782 2407 τὴν
823 2337 1056 2408 βάλανον
1091 2355 1106 2369 ·
1155 2338 1416 2392 κάκεῖθεν
1443 2338 1764 2410 ἐκκρίνεται

184 2424 336 2494 μετὰ
358 2425 668 2498 πνεύματος
695 2429 759 2492 ⁸³,
811 2429 1002 2500 ὥσπερ
1033 2431 1099 2484 ἐκ
1145 2429 1569 2501 σφενδονίστρας
1597 2431 1764 2494 τινός.

181 2516 364 2572 Τοῦτο
389 2518 446 2572 δέ
475 2519 686 2588 γίνεται
727 2520 816 2574 διὰ
840 2520 937 2593 τὴν
969 2523 1272 2594 εἰρημένην
1326 2523 1506 2576 αἰτίαν
1557 2521 1767 2591 ἐμπροο

182 2610 318 2662 σθεν
343 2610 412 2674 ’⁸,
454 2613 550 2664 καὶ⁹
577 2612 660 2665 ὃτι
705 2613 950 2682 ἀρτηρία
1001 2613 1151 2666 ἐστὶν
1200 2615 1233 2684 ἡ
1287 2611 1764 2682 παραπέμπουσα.

182 2702 316 2754 Ὅτι
344 2701 400 2755 δέ
427 2702 460 2772 ὴ
489 2702 622 2772 γονὴ
653 2702 850 2772 πρῶτα
869 2705 916 2736 ⁸⁸
950 2705 1029 2768 εἰς
1063 2703 1162 2774 τὴν
1185 2702 1430 2775 κεφαλὴν
1453 2702 1765 2772 ἀνέρχεται,

181 2789 346 2860 δῆλον
376 2791 628 2845 ἐντεῦθεν
653 2808 668 2822 ο
693 2794 743 2845 εἰ
768 2793 878 2864 γάρ
903 2809 986 2857 τις
1021 2792 1278 2864 ἐκτέμνει
1306 2793 1406 2858 τάς
1433 2793 1639 2863 φλέϐας
1665 2793 1762 2859 τάς

182 2883 342 2954 παρά
376 2886 447 2939 τά
473 2879 590 2942 ὦτα
629 2886 727 2941 καὶ
772 2887 1110 2958 παρωτίδας,
1147 2887 1343 2958 ἄγονον
1395 2887 1665 2959 ἀπομένει
1700 2885 1763 2940 τὸ

178 2975 349 3040 ζῶον.

1868 1975 2016 2030 modi
2049 1989 2235 2030 semen
2293 1975 2362 2030 ad
2402 1982 2565 2045 caput
2610 1972 2881 2041 defertur,
2913 1990 2944 2028 a
2974 1974 3151 2044 capite
3191 1989 3320 2029 vero
3351 1989 3445 2044 ge-

1868 2066 2034 2122 minis
2056 2066 2230 2132 venis,
2259 2081 2325 2121 ac
2353 2065 2574 2121 totidem
2605 2065 2822 2120 arteriis
2844 2066 3024 2121 denuo
3039 2065 3180 2120 infra
3202 2065 3442 2120 delatum

1871 2157 2188 2223 descendit;
2224 2165 2278 2213 et
2301 2158 2471 2213 altera
2487 2174 2554 2213 ex
2585 2157 2669 2212 his
2699 2172 2838 2229 quas
2866 2156 3106 2212 diximus
3129 2156 3307 2221 venis,
3333 2156 3442 2210 hu-

1867 2249 2110 2320 jusmodi
2141 2251 2347 2305 semine
2376 2251 2600 2320 repleta,
2657 2249 2912 2313 testibus,
2960 2264 3085 2302 cum
3125 2249 3326 2304 arteria
3358 2263 3446 2303 ac-

1872 2342 2133 2406 clinatur,
2177 2344 2233 2396 in
2283 2342 2484 2411 quibus
2524 2341 2705 2410 ipsum
2743 2340 2811 2394 ad
2856 2339 3148 2410 perfectam
3181 2339 3444 2409 geniturae

1849 2419 2122 2488 naturam
2165 2432 2452 2504 redigitur,
2487 2441 2541 2487 et
2591 2432 2737 2501 quod
2799 2447 2896 2500 per
2939 2430 3162 2485 vascula
3210 2429 3276 2483 ad
3302 2431 3442 2485 utris

1870 2523 2307 2587 similitudinem,
2361 2537 2483 2592 qua:
2527 2521 2648 2592 ejus
2676 2520 3018 2576 continenda:
3045 2521 3215 2591 gratia
3246 2529 3441 2575 natura

1866 2615 2170 2680 constituit,
2223 2615 2292 2669 ab
2313 2614 2541 2669 testibus
2591 2614 2645 2667 in
2680 2629 2872 2684 penem
2911 2614 3270 2668 immittitur:
3316 2613 3443 2667 inde

1864 2720 1995 2760 vero
2017 2704 2184 2758 veluti
2211 2719 2242 2758 c
2265 2703 2435 2758 funda
2477 2705 2616 2773 lapis
2646 2720 2769 2759 cum
2802 2704 3030 2773 spiritus
3056 2704 3258 2773 impetu
3286 2713 3439 2758 extra

1867 2797 2103 2869 prosilit.
2132 2795 2247 2850 Hoc
2271 2807 2475 2861 autem,
2499 2797 2570 2850 ob
2597 2812 2714 2850 eam
2741 2813 2903 2866 quam
2934 2797 3085 2865 prius
3112 2796 3439 2851 adduximus

1868 2905 2113 2953 causam,
2153 2887 2403 2951 eﬂicitur,
2454 2895 2570 2941 tum
2607 2888 2755 2957 quod
2803 2896 2858 2941 et
2913 2888 3112 2941 arteria
3165 2887 3279 2956 ipsa
3309 2887 3440 2941 illud

1868 2980 2264 3036 circummittit.
2322 2979 2478 3045 Quod
2527 2993 2659 3033 vero
2714 2994 2899 3034 semen
2947 2979 3100 3048 prius
3153 2979 3219 3032 ad
3278 2990 3440 3044 caput

183 3068 414 3140 feratur,
440 3087 508 3128 ex
540 3072 645 3130 hoc
690 3074 1037 3145 perspicuum
1091 3075 1168 3140 fit,
1208 3075 1360 3144 quia,
1396 3074 1442 3129 si
1475 3074 1600 3144 quis
1638 3089 1760 3144 quae
1789 3090 1948 3130 secus
1971 3091 2132 3131 aures
2155 3074 2466 3130 consistunt
2521 3088 2691 3128 venas
2747 3088 2869 3142 quae
2886 3072 3155 3128 earotides
3172 3071 3443 3142 appellan-

181 3169 301 3226 tur,
329 3163 529 3232 quibus
555 3165 793 3232 oblaesis,
825 3165 1146 3237 vertiginosi
1184 3181 1250 3222 ac
1273 3165 1478 3237 stupidi
1506 3165 1757 3222 homines
1793 3166 2119 3234 efﬁciuntur,
2142 3165 2493 3238 ‘praascindat
2532 3172 2869 3234 resecetque,
2914 3164 3117 3220 animal
3148 3165 3437 3235 improlnm

180 3259 650 3332 infecundumque
677 3261 944 3317 redditur.

255 3353 439 3409 Χιτὼν
472 3355 529 3408 δέ
554 3356 671 3408 ἐστι
703 3355 980 3427 νευρώδης
1022 3356 1164 3422 ὅλος,
1216 3359 1298 3422 εἰς
1341 3357 1402 3413 ὃν
1450 3358 1754 3430 διέρχονται

1927 3357 2140 3413 Etenim
2159 3355 2369 3422 tunica,
2387 3371 2509 3426 quae
2527 3355 2810 3410 auxiliaris
2829 3362 3195 3424 nuncupatur,
3211 3370 3440 3424 qnzeqne

175 3453 253 3505 τά
291 3449 393 3520 τῆς
438 3448 605 3518 γονῆς
657 3449 892 3518 ἀγγεῖαο
931 3449 1224 3520 λεγόμενος
1279 3451 1563 3520 ἐρυτρός·
1621 3451 1764 3505 κατά

176 3541 312 3605 τοὺς
343 3539 623 3611 βουϐῶνας
649 3541 745 3593 καὶ
781 3539 945 3605 αὐτὸς
979 3542 1260 3611 κείμενος,
1298 3541 1394 3594 καὶ
1424 3543 1551 3605 τοὺς
1579 3541 1764 3613 ὄρχεις

178 3632 538 3687 ἁναϐαστῶνο
569 3634 665 3687 καὶ
680 3632 798 3687 ἐστι
818 3635 960 3688 κατὰ
989 3634 1089 3706 μὲν
1112 3634 1182 3688 τὰ
1207 3635 1385 3705 κυρτά
1405 3635 1512 3688 τῶν
1528 3634 1762 3704 διδύμων

181 3725 282 3779 καὶ
311 3725 641 3796 ἔμπροσθεν,
663 3726 937 3790 ἀπόλυτος
953 3742 969 3758 ·
1000 3725 1144 3780 κατὰ
1162 3726 1220 3779 δὲ
1247 3726 1318 3780 τὰ
1334 3727 1491 3780 κοῖλα
1513 3727 1758 3793 ὄπισθεν,

180 3817 596 3889 προσπεφυκὼς
621 3820 733 3882 τοῖς
758 3817 1022 3888 διδύμοις.
1077 3819 1377 3889 Ἀπόφυσις
1406 3819 1466 3872 δέ
1493 3821 1644 3872 ἐστιν
1670 3811 1762 3872 οὗ·

178 3927 276 3974 τος
293 3912 322 3964 ὁ
345 3910 572 3981 ἐρυτρδς
599 3910 694 3963 τοῦ
713 3911 1061 3982 περιτοναίου
1089 3927 1102 3940 ⁸
1125 3911 1341 3982 εἴρηται
1366 3910 1423 3964 δὲ
1440 3911 1568 3982 περί
1593 3909 1760 3965 αὐτοῦ

178 3998 518 4070 ἔμπροσθεν,
552 3999 635 4052 ὅτι
664 4002 730 4070 τῇ
763 4000 966 4070 γαστρὶ
994 4000 1089 4053 καὶ
1117 4001 1233 4064 τοῖς
1267 3999 1511 4071 ἐντέροις
1532 4001 1760 4070 περιτέ-

175 4107 346 4146 ταται
366 4091 430 4145 ⁸⁸.
479 4090 570 4144 Ἐν
598 4090 654 4143 δὲ
694 4092 807 4154 τοῖς
839 4090 990 4144 κάτω
1023 4091 1246 4162 μέρεσιν
1267 4091 1432 4145 αὑτοῦ
1465 4109 1611 4156 τινες
1628 4093 1762 4147 ἀπο-

179 4183 378 4255 φύσεις
405 4184 563 4250 εἰσὶν,
593 4177 705 4237 οἷον
744 4182 936 4236 κόλποι
971 4183 1368 4252 βαλαντοειδείς
1396 4201 1411 4215 ο
1439 4185 1467 4237 ὁ
1502 4184 1600 4256 μὲν
1628 4185 1761 4256 περὶ

177 4278 253 4332 τὰ
280 4275 434 4340 δεξιά
455 4276 524 4340 ’⁷,
569 4278 598 4330 ό
634 4275 692 4329 δὲ
727 4276 855 4346 περί
897 4275 966 4329 τά
993 4277 1280 4347 ἀριστερὰ,
1313 4278 1372 4329 ἐν
1423 4271 1504 4341 οἷς
1531 4277 1582 4330 οἰ
1617 4277 1760 4331 δίδυ-

183 4368 382 4439 μοιπο
434 4367 638 4421 ἔσωθεν
690 4363 783 4420 οὖν
812 4367 856 4400 ⁸³
909 4369 989 4430 εἰς
1056 4367 1284 4431 τούτους
1337 4367 1466 4431 τοὺς
1522 4368 1760 4430 κόλπους

178 4456 518 4527 ἐμϐάλλουσι
557 4455 626 4508 τά
681 4453 946 4526 εἰρημένα
1004 4457 1358 4527 σπερματικά
1402 4458 1621 4525 ἀγγεῖα,
1659 4458 1758 4510 καὶ

180 4547 477 4619 κομίζουσι
527 4548 643 4610 τοῖς
691 4547 879 4617 ὄρχεσι
923 4545 1022 4617 τὴν
1077 4547 1264 4616 γονήν.
1299 4545 1502 4599 Τούτου
1548 4547 1606 4600 δὲ
1659 4546 1755 4600 τοῦ

177 4638 436 4711 ἐρυτροῦ,
485 4638 655 4710 ἤγουν
685 4636 780 4690 τοῦ
817 4636 1228 4708 βαλαντοειδοῦς
1265 4636 1513 4706 χιτῶνος,
1545 4639 1607 4690 ἐκ
1635 4637 1756 4706 βίας

1867 3448 1936 3504 ad
1978 3448 2194 3518 inguem
2231 3447 2484 3502 consistit
2510 3461 2573 3500 ac
2604 3455 2770 3500 testes
2803 3447 2949 3516 ipsos
2981 3455 3174 3516 gestat,
3196 3447 3248 3501 in
3275 3464 3437 3516 quam

1865 3539 2116 3610 genitalis
2173 3539 2398 3594 seminis
2439 3538 2662 3594 vascula
2694 3537 3036 3600 deferuntur,
3094 3547 3204 3592 tota
3255 3539 3439 3595 nervis

1865 3631 2042 3686 obsita
2072 3638 2174 3694 est,
2191 3639 2244 3685 et
2265 3631 2381 3699 ipsa
2405 3645 2512 3683 non
2546 3629 2709 3684 modo
2731 3643 2988 3685 convexa:
3008 3629 3227 3684 testium
3252 3645 3441 3699 super-

1864 3724 2024 3790 ficiei,
2043 3723 2137 3780 sed
2160 3732 2214 3777 et
2243 3721 2506 3777 anteriori
2527 3720 2842 3776 eorumdem
2873 3721 3010 3789 parti
3033 3719 3288 3775 adhaeret.
3311 3719 3439 3776 "asc

1862 3816 2008 3871 enim
2032 3813 2317 3869 auxiliaris
2344 3813 2552 3875 tunica,
2573 3810 2938 3882 περιτοναίου,
2953 3811 3059 3866 hoc
3081 3818 3165 3866 est
3185 3809 3437 3864 abdomi-

1864 3905 1950 3961 nis
1969 3919 2255 3975 processus
2275 3911 2394 3969 est;
2427 3902 2528 3956 hoc
2546 3901 2691 3956 enim
2710 3911 2813 3964 est,
2841 3901 2987 3970 quod
3017 3902 3195 3955 alvum
3225 3900 3439 3954 intesti-

1864 4010 2043 4065 naque
2097 3992 2498 4062 complectitur,
2522 3990 2734 4060 eisque,
2768 3990 2847 4044 uti
2881 3991 3034 4061 prius
3080 3991 3437 4054 asseruimus,

1864 4085 2175 4140 obducitur.
2221 4083 2278 4137 In
2323 4083 2444 4154 ejus
2473 4090 2654 4137 autem
2681 4096 2802 4152 qua:
2830 4081 2970 4136 infra
3013 4090 3138 4137 sunt
3168 4081 3436 4152 partibus,

1863 4177 2084 4248 quidam
2115 4191 2424 4248 processus,
2462 4175 2619 4246 quasi
2652 4175 2827 4240 sinus,
2874 4175 2940 4228 ad
2979 4190 3252 4229 crumena:
3283 4175 3440 4229 simi-

1865 4270 2151 4325 litudinem
2190 4268 2481 4334 visuntur,
2541 4281 2804 4335 quorum,
2861 4266 3093 4319 alterum
3145 4266 3363 4334 quidem
3407 4281 3438 4319 a

1862 4364 2053 4418 dextra
2080 4371 2253 4431 parte,
2288 4360 2519 4414 alterum
2549 4372 2680 4412 vero
2709 4372 2740 4410 a
2781 4357 2910 4411 hera
2945 4356 2998 4409 in
3036 4357 3234 4425 quibus
3275 4365 3438 4411 testes

1861 4453 2211 4508 continentur
2237 4447 2506 4504 consistit.
2546 4446 2604 4500 In
2641 4447 2808 4516 ipsos.
2845 4450 3088 4516 inquam,
3133 4447 3309 4509 sinus,
3345 4462 3438 4515 ge-

1861 4544 2044 4600 nitalis
2073 4540 2298 4598 seminis
2319 4540 2385 4594 de
2402 4539 2604 4607 quibus
2634 4541 2747 4607 jam
2777 4538 3020 4592 diximus
3050 4553 3178 4592 vasa
3221 4538 3435 4592 extrin-

1860 4651 2019 4691 svcus
2065 4632 2380 4698 concidunt,
2413 4640 2467 4686 et
2516 4631 2821 4701 genituram
2853 4629 2921 4684 ad
2959 4638 3125 4684 testes
3163 4628 3434 4684 deferunt.

175 4734 348 4799 τινὸς,
396 4734 428 4804 ἢ
458 4733 681 4804 βάρους,
712 4731 745 4803 ἢ
790 4731 1132 4803 πηδήματοςο
1163 4729 1198 4800 ἢ
1229 4730 1455 4800 δρόμου,
1485 4730 1516 4799 ἢ
1545 4730 1751 4800 φωνῆς»

1868 4726 1995 4782 Cum
2027 4733 2206 4780 autem
2232 4724 2372 4778 hanc
2403 4723 2750 4786 auxiliarem,
2781 4721 3152 4777 crumenalem
3188 4721 3438 4776 videlicet

176 4828 214 4898 ἦ
235 4825 583 4896 συκώματος,
606 4825 957 4895 ἀνοιγόμενον
980 4827 994 4855 ¹
1023 4823 1085 4876 τὸ
1107 4824 1323 4893 ἔντερον
1341 4825 1418 4886 εἰς
1441 4823 1536 4877 τὸν
1567 4823 1754 4893 ὀσχεὸν

175 4919 578 4990 καταφέρεται,
613 4917 703 4971 διὰ
753 4915 815 4969 τὸ
871 4915 1180 4969 ἐπικεῖσθαι
1221 4913 1300 4986 τῷ
1347 4915 1562 4986 ἐρυτρῷ
1589 4931 1604 4946 ’
1656 4915 1752 4969 καὶ

176 5011 392 5080 γίνεται
447 5012 483 5081 ἡ
530 5009 798 5079 λεγομένη
859 5007 1246 5076 ἑντεροκοίλη
1271 5009 1312 5060 ³.
1388 5007 1668 5078 Ἐρυτρύς
1696 5007 1754 5060 δὲ

175 5104 514 5174 ὠνόμασται,
570 5099 724 5172 παρά
771 5099 831 5154 τὸ
876 5099 1062 5171 ἐρύκω
1093 5099 1154 5151 τὸ
1185 5098 1400 5169 βοηθῶ⁶
1463 5101 1528 5153 ἐκ
1561 5099 1754 5152 τούτου

175 5198 377 5268 ἐρυκος
413 5194 585 5265 ὄνομα
605 5211 620 5227 ι
652 5193 748 5248 καὶ
779 5191 1136 5261 παράγωγον.
1171 5191 1402 5262 ὲρυκτὸς
1450 5193 1478 5245 ὁ
1515 5190 1747 5261 βοηθός·

177 5291 275 5344 καὶ
300 5287 545 5358 ἀποϐολῇ
575 5286 670 5341 τοῦ
698 5303 756 5352 κ,
792 5288 886 5340 καὶ
913 5284 1206 5358 προσθήκῃ
1224 5285 1245 5316 ³
1275 5283 1369 5337 τοῦ
1383 5301 1446 5352 ρ,
1484 5284 1716 5355 ἐρυτρός
1737 5298 1752 5314 ο

179 5380 377 5453 βοηθὸς
399 5380 510 5450 γὰρ
538 5381 634 5434 καί⁹
668 5373 825 5441 οὗτος
850 5379 964 5440 τοῖς
991 5376 1234 5449 ὄρχεσιν,
1280 5374 1442 5445 εἰπερ
1471 5376 1492 5407 ⁸
1523 5376 1582 5427 ἐν
1605 5372 1754 5444 αὐτῷ

178 5470 521 5543 κρέμανται·
553 5467 588 5540 ἢ
629 5466 835 5531 οὕτως’
861 5466 1048 5540 εὐρὺς,
1085 5464 1335 5536 εύρυτὸς,
1362 5465 1458 5518 καὶ
1496 5465 1555 5531 ἐξ
1586 5460 1754 5517 αὑτοῦ

273 5609 321 5641 ⁸⁸
375 5607 535 5679 ἔσχεν
589 5623 698 5679 om.
729 5594 831 5662 Ἀ.
885 5609 918 5677 ἡ
962 5623 1080 5674 γεν.
1109 5606 1208 5678 τὴν
1226 5606 1352 5679 ἀρχ.
1379 5605 1503 5679 αύτ.
1535 5603 1652 5679 ἔσχ.

178 5682 226 5714 ⁸³
264 5675 580 5748 σπέρματος
635 5678 696 5731 Β.
772 5679 818 5711 ⁸⁵
870 5675 1040 5748 ἐμπρ.
1087 5675 1198 5731 αἰτ.
1240 5675 1332 5748 Β.
1370 5676 1436 5748 7“
1478 5675 1695 5748 πρῶτον

1861 4818 2127 4884 tunicam,
2185 4816 2345 4870 nobis
2375 4814 2580 4883 aliquid
2641 4829 2840 4883 magno
2869 4812 3080 4867 eﬂicere
3131 4811 3435 4879 molimine,

1861 4921 1954 4967 aut
1982 4910 2192 4981 pondus
2219 4908 2465 4963 attollere
2491 4907 2842 4973 immensum,
2871 4904 2984 4960 sive
3009 4905 3171 4968 saltu,
3194 4913 3288 4958 aut
3313 4919 3440 4958 cur-

1862 5017 1950 5065 su,
1977 5001 2064 5055 vel
2116 5014 2247 5054 voce
2278 4997 2509 5054 alterum
2547 5011 2807 5066 superare
2832 4995 3183 5060 conantibus,
3220 4993 3302 5049 vel
3331 4993 3440 5048 alio

1861 5094 2122 5165 quopiam
2148 5107 2305 5157 casu,
2336 5106 2366 5146 a
2399 5104 2501 5146 suo
2536 5088 2746 5144 moveri
2787 5087 2978 5142 ordine
3009 5084 3320 5156 contigerit,
3357 5085 3441 5138 in-

1858 5185 2200 5250 testinum,in
2214 5185 2387 5238 rivum
2401 5198 2465 5237 eo
2477 5181 2622 5253 quod
2637 5180 2884 5235 auxiliari
2905 5179 3103 5234 tunica:
3117 5177 3439 5240 acclinatur,

1862 5279 2005 5333 infra
2064 5285 2250 5341 meat,
2314 5275 2456 5330 unde
2509 5273 2719 5330 scilicet
2765 5271 3043 5326 hominem
3105 5269 3439 5324 intestinalis

1863 5370 2021 5441 113
2050 5369 2239 5424 bernia
2275 5367 2500 5422 invadit.
2531 5363 2842 5435 Siquidem,
2884 5363 3070 5417 tunica
3109 5363 3225 5417 haec
3251 5361 3439 5417 Greece

1859 5460 2086 5533 ὲρυτρός
2125 5459 2453 5530 appellatur,
2486 5472 2517 5512 a
2547 5456 2715 5512 verbo
2750 5452 2952 5526 ἐρύκω,
2979 5453 3040 5507 τὸ
3067 5453 3266 5524 βοηθῶ,
3301 5469 3330 5505 a
3360 5452 3438 5506 fe-

1731 5599 1778 5634 ⁸⁹
1799 5599 1931 5671 γοῦν
1991 5600 2052 5652 Β.
2130 5598 2298 5671 ⁹⁰ίκαὶ
2331 5612 2442 5651 om.
2613 5595 2658 5626 ⁹¹
2687 5592 2966 5671 τοιῷδειΒ.
3013 5591 3086 5671 ’ξ’
3116 5587 3347 5671 πιρῶτρν⁸

1749 5657 1822 5726 Β)
1890 5670 1937 5740 ’ἦ
2008 5670 2398 5740 περιτέτταται
2426 5739 2430 5740 ν
2458 5669 2526 5732 Α,
2561 5657 3072 5740 περιτεταμένουΑΡ.
3153 5661 3197 5690 ³⁷
3321 5657 3429 5740 δεῇ.

635 5727 712 5782 ἐξ
745 5727 1197 5820 περιέχοῖἶταιξοί-
1354 5747 1408 5820 ⁸Β
1477 5727 1536 5802 Οί
1615 5747 1659 5778 ⁸³
1693 5745 1776 5800 ὲσ.
1815 5742 1874 5797 δέ
1916 5739 1976 5796 Β.
2062 5727 2141 5811 "'7‘
2173 5737 2359 5809 φωνῆς
2411 5727 2770 5808 ἀνοιγομένης
2799 5727 2860 5791 C.
2937 5735 2957 5765 ²
2994 5727 3323 5802 ἐντεροκήλη
3362 5728 3427 5781 Α.

179 5817 200 5854 ⁵
233 5817 520 5892 προσθέσει
551 5819 614 5878 Β.
693 5820 713 5853 ⁸
748 5817 1049 5889 ἐπειδήπερ
1082 5817 1142 5872 Β.
