3812 6426
416 341 554 397 1⁴Ξ47

1693 335 1970 393 MELETII
2014 337 2325 394 MONACUI

3569 351 3712 404 121$

417 469 561 520 uicnt
596 464 694 534 (by.
719 461 834 517 Non
868 463 1011 518 enim
1054 465 1334 533 prophetzc
1370 462 1436 516 de
1469 461 1574 528 his,
1601 462 1694 531 qui
1727 461 2003 531 qumrendi

2121 460 2404 531 ἐνεργειῶν
2434 459 2492 513 αἱ
2521 462 2701 532 χεῖρες
2739 462 3161 518 ἀποτελεστικαί
3182 483 3197 498 ο
3223 465 3302 530 ὡς
3332 466 3400 521 ἂν
3436 464 3540 522 οῦν
3584 475 3712 541 κιτιῇ
3779 485 3784 554 έ

416 557 658 611 alimenti
704 555 900 626 gratia,
932 554 1014 607 vel
1049 553 1417 623 consequendi
1460 552 1513 606 in
1570 551 1818 622 pluribus
1844 566 2002 605 emo-

2107 552 2168 607 τὸ
2202 553 2499 624 κατάρχον,
2531 553 2675 607 οῦτω
2697 555 2933 609 κινεῖται
2954 558 3051 610 καὶ
3079 558 3142 610 τὸ
3170 560 3463 630 ἐνεργοῦν.
3504 581 3526 613 ι

415 653 666 716 lumenti,
700 667 895 705 manus
933 659 1214 714 exercent,
1243 649 1336 704 sed
1369 649 1436 703 de
1473 648 1659 718 inique
1691 648 2002 718 agentibus,
2039 661 2103 702 ea
2150 664 2272 717 quae
2319 649 2611 704 retulimus
2662 650 2934 717 innuunt;
2980 663 3317 723 quapropter
3376 657 3593 709 mentis
3626 671 3711 708 acv

416 747 595 799 tiones
641 758 737 811 per
797 757 992 796 manus
1031 741 1177 810 ipsas
1221 740 1618 810 exprimuntur.
1672 741 1879 809 Itaque,
1932 738 1998 792 ad
2033 740 2283 811 principii
2341 753 2549 795 motum
2597 750 2651 796 et
2707 743 3063 798 instrumenta
3118 747 3384 818 subsequi
3449 764 3719 803 necesse.

415 837 560 890 rium
601 842 705 887 est.

486 932 678 985 Manus
731 936 914 982 autem
979 926 1048 981 ab
1115 925 1250 995 ipsis
1309 927 1488 995 χεῖρες
1548 922 1656 976 ἀπὸ
1704 922 1802 992 τῆς
1864 921 2001 992 χρή-

417 1043 578 1089 σεως,
634 1023 702 1077 ab
759 1021 882 1076 utili
942 1019 1194 1073 videlicet
1232 1033 1334 1072 usu
1393 1016 1839 1078 denominantur,
1890 1014 2001 1065 ὼσ-

417 1117 538 1171 ανεὶ
590 1116 771 1184 χρεῖαι
826 1109 1003 1176 οὖσαι,
1055 1111 1214 1181 quasi
1259 1109 1450 1165 usibus
1493 1106 1817 1163 necessariae
1870 1105 2001 1171 sint,

420 1207 569 1261 nulla
599 1206 744 1258 enim
795 1219 887 1257 ars
925 1202 1110 1273 perlici
1157 1203 1368 1271 absque
1405 1199 1663 1254 manibus
1701 1205 1902 1269 potest,
1945 1206 2004 1250 ut

424 1305 510 1350 cst
538 1295 679 1364 apud
713 1292 1006 1348 Homerum
1035 1292 1225 1362 116:

491 1405 728 1458 Dercetis
781 1402 1024 1455 manibus
1052 1410 1270 1470 pereunt
1308 1415 1511 1470 quoque
1538 1397 1786 1452 Palladis
1819 1406 1960 1450 artes
1989 1411 2008 1459 ,'

420 1523 535 1576 sive
553 1524 740 1592 χεῖρας
763 1516 889 1571 inde
919 1517 1093 1570 dictas
1115 1515 1326 1579 volunt,
1356 1513 1507 1583 παρὰ
1528 1512 1588 1566 τὸ
1614 1513 1742 1583 ῥᾷον
1765 1509 2005 1580 χεῖσθαι,

420 1612 568 1681 quod
596 1626 676 1663 res
699 1606 859 1677 facile
881 1615 1064 1676 agant,
1087 1605 1169 1658 vel
1191 1604 1259 1657 ab
1283 1604 1418 1672 ῖσχω
1433 1602 1494 1654 τὸ
1508 1601 1714 1671 κρατῶ,
1743 1599 1890 1668 quod
1911 1614 2005 1651 ca-

419 1706 509 1775 pio
532 1702 794 1756 acretiueo
812 1697 1098 1767 facit,quia
1117 1697 1182 1750 ad
1200 1710 1287 1750 res
1303 1691 1664 1750 continendas
1681 1707 1741 1743 ca
1751 1705 1867 1744 rum
1892 1688 2007 1743 clli-

2181 915 2386 984 Χεῖρες
2433 910 2529 971 οῦν
2573 917 2682 971 ἀπὸ
2720 919 2820 990 τῆς
2873 923 3126 993 χρήσεως
3170 924 3453 993 λέγονται,
3501 929 3716 986 ὡσανεὶ

2109 1013 2292 1080 χρεῖαι
2319 1007 2477 1064 οὖσαι
2508 1029 2522 1042 ο
2555 1013 2783 1083 οὐδεμία
2820 1017 2993 1086 γὰρ²¹
3022 1019 3185 1089 τέχνη
3218 1025 3538 1092 προκόπτει
3589 1029 3713 1099 δίχα

2109 1103 2308 1173 χειρῶν
2332 1117 2347 1131 °
2381 1102 2566 1167 καθὼς
2596 1105 2690 1157 καὶ
2705 1106 2748 1136 ³³
2769 1107 2796 1158 ὁ
2826 1108 3053 1179 ποιητής
3082 1127 3248 1180 φησιν
3268 1114 3316 1143 ³⁸
3342 1130 3359 1144 ο

2177 1382 2398 1452 Χειρῶν
2419 1384 2775 1455 ὀλλυμένων
2803 1387 2960 1458 ἕῤῥει
2987 1393 3328 1464 πολύεργος
3361 1397 3644 1468 Ἀθήνη·

2108 1497 2142 1566 ἦ
2167 1500 2286 1567 χεὶρ
2333 1498 2487 1570 παρὰ
2526 1501 2589 1552 τὸ
2638 1503 2772 1574 ῥᾷον
2805 1505 3061 1573 χεῖσθαι·
3096 1509 3129 1578 ἢ
3171 1511 3325 1582 παρὰ
3355 1514 3419 1564 τὸ
3465 1515 3615 1584 ἴσχω
3659 1520 3711 1570 τὶ

2112 1589 2304 1660 κρατῶ
2334 1589 2378 1621 ³⁸
2407 1606 2420 1619 ’
2461 1593 2492 1662 ἡ
2543 1593 2850 1664 ἐπιτήδειος
2890 1598 3027 1666 πρὸς
3072 1599 3134 1651 τὸ
3191 1606 3428 1672 κρατεῖν
3460 1620 3475 1632 ·
3537 1607 3571 1675 ἢ
3611 1609 3709 1658 ἀεὶ

2112 1680 2207 1733 τοῦ
2258 1681 2471 1752 διιστᾷν
2525 1684 2650 1745 τοὺς
2679 1683 2979 1750 δακτύλους
3029 1691 3122 1741 κα)⁸
3161 1691 3374 1761 διαχεῖν
3401 1711 3415 1726 ο
3454 1695 3710 1762 λέγονται

421 1772 567 1850 cium
604 1793 864 1846 idoneum
914 1789 1145 1842 habetur
1187 1805 1202 1842 :
1231 1787 1346 1840 sive
1373 1785 1481 1838 ἀπὸ
1509 1783 1604 1838 τοῦ
1637 1785 1844 1854 διαχεῖν
1876 1783 2004 1846 τοὺς
2036 1788 2037 1792 “

2121 1776 2202 1826 ιαί
2230 1772 2472 1840 ὡλέναι,
2537 1775 2760 1829 ἀπὸτοῦ
2793 1777 2860 1830 δι’
2910 1779 3088 1832 αὐτῶν
3129 1783 3416 1838 είλοῦσθαι
3479 1787 3592 1849 τὰς
3619 1793 3706 1840 τά·

422 1884 742 1950 δακτύλους,
774 1881 921 1952 quod
957 1879 1210 1935 videlicet
1257 1877 1549 1948 digitorum
1608 1881 1738 1929 ordo
1774 1875 2003 1944 diﬂusus

421 1981 643 2034 invicem
667 1976 844 2031 distet.
882 1972 1048 2028 Ulnas
1093 1980 1273 2026 autem
1301 1985 1438 2040 quas
1460 1969 1537 2024 illi
1566 1968 1768 2031 ὠλένας
1791 1967 2002 2033 dicunt,

421 2072 546 2126 inde
602 2068 853 2123 videlicet
899 2066 1077 2120 dictas
1125 2063 1337 2123 volunt,
1391 2060 1500 2114 ἀπὸ
1548 2058 1642 2114 τοῦ
1707 2059 1774 2112 δι’
1821 2057 2004 2111 αὐτῶν

419 2161 693 2216 είλοῦσθαι
745 2158 845 2221 τὰς
894 2156 1108 2220 τάξεις,
1163 2155 1196 2225 ἢ
1263 2152 1634 2224 πληροῦσθαι,
1700 2150 1847 2221 quod
1906 2150 2003 2204 vi-

420 2255 618 2309 delicet
709 2251 838 2320 ipsis
907 2265 1066 2317 opera
1141 2258 1466 2316 peraguntur
1542 2243 2004 2312 perﬁcianturque.

420 2347 680 2414 Quaedam
720 2353 899 2396 autem
959 2353 1154 2393 manus
1207 2353 1332 2406 pars
1380 2335 1705 2397 brachium,
1757 2335 2004 2403 quadam

421 2437 658 2498 cubitus,
710 2431 813 2485 alia
865 2443 995 2483 vero
1033 2427 1177 2494 vola,
1219 2425 1321 2479 alia
1361 2425 1587 2479 dorsum
1637 2437 1858 2488 manus,
1897 2421 2004 2475 alia

423 2526 600 2596 palma
632 2529 1003 2592 nuncupatur,
1034 2534 1065 2573 a
1090 2533 1198 2587 qua
1228 2517 1530 2588 digitorum
1572 2529 1867 2584 processus
1900 2523 2002 2568 est.

423 2618 491 2671 Et
562 2612 850 2669 brachium
922 2609 1142 2679 quidem
1204 2606 1350 2676 quod
1402 2605 1477 2659 illi
1529 2602 1790 2676 βραχίων,
1845 2604 2005 2673 quasi

423 2703 760 2778 βραχυκίων,
784 2700 930 2772 quod
965 2700 1165 2754 brevem
1197 2697 1654 2768 interpretareris,
1674 2696 1878 2750 dictum
1913 2710 2012 2749 vo-

423 2802 576 2866 lunt;
609 2813 736 2852 nam
772 2793 984 2850 brachii
1006 2808 1070 2848 os
1103 2790 1329 2846 femoris
1363 2805 1490 2846 osse
1516 2788 1736 2843 brevius
1758 2787 2007 2842 habetur.

2113 1865 2292 1930 ξεις³⁶
2324 1881 2338 1895 ·
2375 1865 2633 1920 Τουτέστι
2681 1868 3040 1941 πληροῦσθαι.
3092 1873 3202 1944 Τῆς
3244 1872 3341 1929 οὖν
3392 1878 3602 1948 χειρὸς
3657 1885 3707 1933 τὲ

2114 1958 2213 2026 μὲν
2229 1959 2506 2028 βραχίων
2529 1960 2801 2029 καλεῖται,
2831 1963 2892 2016 τὸ
2917 1964 2974 2017 δὲ
3000 1964 3204 2035 πῆχυς
3229 1985 3245 1999 ·
3273 1969 3339 2022 τὸ
3357 1971 3418 2024 δὲ
3447 1975 3654 2038 καρπέ
3665 1993 3706 2035 ς.

2109 2049 2169 2101 τὸ
2202 2047 2302 2120 [δὲ]
2350 2051 2782 2121 μετακάρπιον,
2817 2056 2878 2109 τὸ
2929 2057 2986 2110 δὲ
3023 2062 3317 2131 πα.ιάμηο
3373 2065 3479 2132 ἀφ’
3537 2061 3612 2136 ἦς
3661 2069 3705 2117 εξ

2108 2139 2422 2197 δάκτυλοι.
2469 2147 2578 2198 Καὶ
2625 2146 2898 2216 βραχίων
2951 2151 3069 2222 μὲν,
3131 2147 3242 2206 οἷον
3291 2157 3703 2226 βραχυκίωγυ

2115 2232 2456 2305 βραχύτερον
2489 2238 2598 2310 γάρ
2649 2241 2766 2293 ἐστι
2807 2242 2901 2294 τοῦ
2957 2245 3157 2315 μηροῦ,
3222 2246 3282 2299 τὸ
3339 2250 3556 2304 ὀστοῦν
3622 2253 3702 2305 τοῦ

2115 2323 2400 2394 βραχίονος
2438 2344 2450 2356 ·
2479 2328 2833 2402 διαρθροῦται
2858 2332 2966 2403 γὰρ
2997 2335 3116 2388 κατ’
3143 2335 3309 2406 ἄμεξω
3341 2339 3413 2392 τὰ
3447 2342 3702 2413 πέρατα’

2114 2418 2209 2470 καὶ
2239 2419 2383 2472 κατά
2415 2422 2512 2491 μὲν
2537 2421 2628 2476 τὸν
2649 2416 2820 2494 ὦμον,
2855 2427 3110 2493 ἐπίφυσιν
3136 2427 3250 2498 ἔχει
3295 2431 3399 2500 τῆς
3451 2437 3703 2505 κεφαλῆς

2113 2513 2469 2584 εὐμεγέθους.
2500 2517 2573 2570 Τὸ
2598 2517 2654 2571 δὲ
2684 2519 2834 2573 κάτω
2858 2520 3028 2591 πέρας
3064 2521 3254 2589 αὐτοῦ,
3285 2528 3366 2589 εἰς
3400 2529 3702 2594 κονδύλους

2107 2606 2328 2671 ἀνίσους
2352 2610 2621 2682 τελευτᾷ·
2648 2613 2744 2665 καὶ
2779 2613 2914 2683 πρὸς
2948 2615 3048 2684 μὲν
3071 2614 3166 2668 τὸν
3207 2616 3311 2682 ἔξω
3343 2620 3637 2684 κόνδυλον,
3671 2627 3700 2691 ἡ

2109 2700 2210 2768 τῆς
2260 2701 2513 2770 κερκίδος
2573 2705 2788 2777 κεφαλὴ
2841 2705 3248 2778 άρθροῦται³⁷⁶
3299 2711 3441 2781 πρὸς
3499 2713 3563 2766 δὲ
3619 2715 3702 2766 τὸν

2112 2790 2282 2856 ἔνδον,
2315 2794 2490 2850 οὐδέν.

424 2897 602 2966 Ipsum
637 2905 875 2960 namque
902 2888 1112 2944 brachii
1147 2902 1209 2943 os
1264 2886 1522 2956 utrinque
1549 2884 2002 2938 dearticulatione
2065 2886 2439 2960 conjungitur,
2507 2891 2600 2947 sed
2673 2908 2783 2963 qua
2856 2895 2926 2951 ad
2997 2895 3254 2955 humeros
3337 2901 3583 2968 accedit,
3651 2901 3698 2954 in

421 2996 585 3056 caput
647 2986 846 3039 adnata
885 2981 1204 3052 appendice,
1285 2979 1578 3034 moderata:
1635 2978 2030 3046 magnitudinis
2103 2984 2390 3040 excrescit.
2469 2985 2620 3041 Finis
2669 2998 2849 3043 autem
2948 2991 3068 3060 ejus
3148 2991 3376 3048 inferior
3449 2994 3512 3048 in
3599 2995 3699 3047 im-

422 3097 582 3153 pares
647 3079 819 3134 ﬂexus
878 3078 1097 3144 desinit,
1134 3086 1189 3132 et
1249 3091 1353 3146 qua
1411 3076 1649 3130 exterior
1700 3075 1874 3129 tlcxus
1927 3083 2011 3128 est
2053 3079 2195 3148 ossis
2259 3080 2483 3137 radialis
2534 3091 2696 3152 caput
2767 3085 3094 3154 conseritur,
3137 3102 3246 3158 qua
3285 3103 3420 3142 vero
3471 3088 3698 3142 interior

423 3174 650 3228 omnino
684 3171 839 3225 nihil.

498 3261 594 3318 Est
627 3274 808 3318 autem
864 3262 919 3316 in
966 3260 1211 3316 interiori
1259 3259 1465 3314 brachii
1519 3259 1625 3314 line
1672 3259 2037 3323 concavitas,.

2183 3259 2447 3332 Κοιλότης
2468 3260 2525 3314 δέ
2557 3262 2705 3315 ἐστιν
2743 3262 2800 3315 ὲν
2826 3262 2904 3333 τῷ
2929 3263 3082 3318 κάτω
3105 3265 3150 3297 ³⁸
3183 3265 3382 3337 πέρατι
3426 3268 3531 3322 τοῦ
3568 3271 3692 3343 βρα-

423 3372 549 3427 quaa
595 3355 813 3410 troclea:
879 3352 1238 3408 similitudine
1295 3350 1619 3422 respondet,
1657 3351 1800 3405 circa
1841 3365 2006 3420 quam

2121 3351 2288 3421 χίονος
2318 3352 2575 3425 τροχιλίῳ
2588 3355 2631 3386 ³³
2655 3354 2869 3408 ἐοικυῖα
2887 3370 2902 3384 ⁸
2927 3356 3054 3427 περὶ
3081 3355 3148 3426 ἣν
3175 3359 3202 3410 ὁ
3230 3358 3412 3428 πῆχυς
3435 3365 3690 3425 κινεῖται,

424 3450 645 3505 cubitus
687 3456 957 3512 moretur,
1000 3454 1054 3499 et
1108 3445 1256 3499 intus
1308 3445 1361 3498 in
1419 3443 1572 3512 ipsa,
1625 3442 1757 3496 illud
1811 3457 2008 3497 cavum

2121 3442 2204 3494 καὶ
2229 3442 2379 3497 ἔνδον
2408 3444 2570 3497 αὑτοῦ
2622 3445 2755 3514 άλλη
2775 3444 2842 3499 ⁸ο.
2901 3445 3290 3517 ’Υποδέχονται
3338 3450 3401 3503 δὲ
3441 3447 3612 3526 αὗται
3642 3458 3690 3508 αἱ

425 3542 641 3596 visitur.
700 3537 824 3593 ιιωο
877 3537 1143 3607 siquidem
1207 3550 1338 3591 cava
1398 3534 1565 3590 cubiti
1629 3547 1820 3589 acutos
1882 3549 2010 3604 pro-

2121 3535 2423 3607 κοιλότητες
2455 3538 2554 3600 τὰς
2597 3537 2846 3608 κορώνας
2887 3538 2983 3592 τοῦ
3029 3541 3273 3610 πήχεως,
3313 3543 3374 3594 ὲν
3423 3545 3533 3614 μὲν
3577 3551 3688 3610 ταῖς

427 3649 643 3696 cessus,
698 3647 838 3702 quos
898 3645 1128 3685 corones
1185 3641 1522 3699 nuncupant,
1577 3629 1901 3697 suscipiunt.
1946 3627 2012 3682 Et

427 3743 551 3782 cum
577 3725 794 3780 cubitus
822 3721 890 3776 ad
921 3722 1182 3776 interiora
1217 3721 1475 3787 ﬂectitur,
1513 3722 1758 3776 anterius
1789 3737 2008 3790 cavum,

428 3819 756 3872 anteriorem
783 3827 1082 3878 coronem;
1127 3828 1236 3882 prae
1287 3813 1454 3867 cubiti
1497 3828 1627 3868 vero
1667 3814 2008 3880 extensione,

430 3909 563 3964 illud
619 3905 765 3976 quod
823 3906 1064 3960 exterius
1103 3913 1208 3966 est,
1267 3905 1594 3960 exteriorem
1645 3904 1912 3961 desumit.
1943 3906 2014 3961 At

429 3999 638 4056 brachii
673 4006 835 4068 caput
871 4013 996 4054 cum
1039 3996 1332 4052 humeralis
1374 3997 1517 4053 ossis
1563 4012 1698 4054 cavo
1749 3998 2014 4054 deartieu-

431 4090 589 4144 latur.
627 4088 932 4144 Humeralis
968 4088 1111 4143 ossis
1140 4102 1450 4158 processus,
1483 4089 1578 4158 qui
1603 4089 1858 4145 anchora:
1899 4089 2013 4145 for-

431 4194 580 4236 mam
625 4179 855 4242 obtinet,
910 4178 1140 4233 humero
1186 4176 1290 4246 ipsi
1353 4178 1617 4249 assurgit,
1679 4179 1810 4234 huic
1880 4193 2012 4234 vero

431 4272 735 4335 musculus,
764 4271 858 4341 qui
900 4271 1086 4342 biceps
1112 4282 1460 4342 nuncupatur
1508 4272 1799 4334 accumbit,
1834 4286 1863 4324 a
1903 4285 2012 4340 quo

432 4366 584 4422 nervi
625 4365 689 4420 ad
721 4364 935 4419 humeri
976 4363 1279 4430 cacumina,
1311 4373 1364 4418 et
1395 4379 1502 4434 qua
1528 4363 1790 4419 clavicula
1813 4363 2014 4418 dearti-

431 4462 673 4523 culatur,
760 4456 1128 4528 przetendunt.
1205 4455 1285 4511 Ex
1359 4457 1632 4510 anteriore
1722 4455 2012 4524 utriusque

432 4550 647 4606 humeri
699 4549 990 4604 cacumine
1043 4547 1198 4602 nervi
1249 4555 1400 4611 sunt,
1449 4545 1543 4616 qui
1598 4545 1864 4600 tendones
1917 4561 2012 4615 ap-

2112 3627 2220 3680 ἔσω
2249 3628 2546 3698 κάμψεσιν,
2587 3631 2619 3698 ἡ
2677 3631 2869 3698 πρόσω
2907 3631 3158 3700 κοιλότης
3203 3634 3303 3703 τὴν
3357 3637 3564 3706 πρόσω
3608 3657 3688 3691 κο-
3745 3677 3783 3710 χ

2116 3718 2295 3790 ρώνην
2315 3736 2328 3749 ·
2358 3719 2500 3774 κατὰ
2530 3719 2589 3772 δὲ
2617 3719 2716 3784 τὰς
2755 3721 3030 3786 ἐκτάσεις,
3061 3723 3094 3793 ἠ
3117 3724 3290 3778 ὀπίσω
3314 3725 3418 3796 τὴν
3442 3726 3686 3781 ὄπισθεν.

2125 3813 2189 3866 Ἡ
2225 3813 2440 3884 κεφαλή
2469 3829 2529 3865 τε
2551 3811 2646 3865 τοῦ
2685 3813 2971 3884 βραχίονος
2993 3816 3130 3888 πρὸς
3162 3815 3262 3887 τὴν
3289 3820 3391 3887 τῆς
3427 3819 3690 3890 ὠμοπλά-
3782 3849 3783 3860 η

2112 3920 2208 3957 του
2236 3901 2903 3977 διαρθροῦταικοιλότητα
2937 3924 2952 3938 ⁸
2989 3910 3401 3982 ὑπερανέστηκε
3431 3913 3492 3966 δὲ
3545 3915 3687 3986 αὖτῷ
3782 3909 3783 3916 “

2113 3993 2191 4065 τῷ
2220 3993 2358 4066 ὤμῳ
2395 3996 2427 4065 ή
2461 3996 2824 4068 ἀγκυροειδὴς
2851 3998 2954 4069 τῆς
2989 4000 3321 4072 ὡμοπλάτου
3376 4003 3684 4075 ἀπόφυσις·

2114 4080 2453 4159 ᾖὲπίκειται
2503 4086 2610 4158 μῦς
2660 4089 2690 4141 ὁ
2749 4087 3047 4160 λεγόμενος
3092 4091 3426 4162 δικέφαλος
3455 4111 3471 4126 ·
3538 4099 3683 4151 ni“

2114 4176 2256 4231 κατά
2277 4193 2335 4228 τε
2355 4177 2418 4229 τὸ
2438 4176 2726 4249 άκρώμιον
2759 4179 2856 4232 καὶ
2884 4180 2984 4252 τὴν
3041 4181 3374 4254 διάρθρωσιν
3402 4185 3502 4240 τοῦ
3548 4189 3686 4242 κλει·
3782 4175 3783 4248 ἦ

2112 4269 2406 4339 δὸς,νεῦρα
2423 4271 2724 4325 ἀποτείνων
2762 4275 2885 4326 κατ’
2917 4274 3226 4345 ἔμπροσθεν
3245 4277 3354 4330 τῶν
3387 4279 3484 4332 δύο
3520 4281 3688 4352 ἀκρω-

2117 4362 2278 4433 μίων,
2333 4363 2621 4430 τένοντας
2677 4365 3146 4436 ὀνομαζομένους,
3215 4371 3687 4437 ἁναϐαστάζοντας

2115 4455 2210 4509 καὶ
2239 4456 2403 4509 αὐτὸν
2431 4457 2523 4509 τὸν
2556 4457 2838 4528 βραχίονα.
2874 4461 2999 4513 Εἰσὶ
3023 4459 3078 4513 δὲ
3111 4461 3205 4514 καὶ
3252 4462 3408 4515 ἄλλοι
3449 4465 3688 4528 τένοντες

2116 4546 2178 4598 ὲκ
2215 4545 2366 4616 μυῶν
2389 4547 2650 4602 ὑποκάτω
2678 4549 2774 4602 τοῦ
2807 4549 2958 4622 ὤμου
2982 4567 2996 4580 ·
3046 4553 3103 4604 ὲν
3127 4545 3171 4621 ᾧ
3195 4555 3345 4624 τόπῳ
3371 4556 3408 4624 ὴ
3439 4557 3683 4626 μασχάλῃ

432 4643 730 4712 pellantur,
764 4656 793 4696 a
821 4640 1024 4712 quibus
1055 4647 1165 4694 tcta
1197 4637 1408 4692 humeri
1446 4637 1618 4692 moles
1648 4646 2006 4692 sustentatur.

2121 4640 2260 4693 ἐστίν
2280 4656 2292 4668 ⁸
2327 4643 2356 4694 ὁ
2388 4641 2488 4711 μὲν
2518 4637 2599 4705 εἷς
2629 4644 2693 4696 ἐκ
2721 4642 2817 4697 τοῦ
2851 4644 3098 4714 στέρνου,
3121 4646 3150 4698 ὁ
3171 4645 3227 4698 δὲ
3256 4646 3448 4718 ἔτερος
3495 4650 3565 4702 ἐκ
3590 4650 3684 4702 τῶν

433 4732 573 4787 Sunt
601 4740 657 4787 et
693 4733 784 4786 alii
821 4733 930 4786 duo
959 4730 1104 4785 tendi
1131 4729 1234 4785 sub
1275 4729 1432 4798 117
1474 4728 1700 4783 humero
1757 4729 1868 4784 illic
1913 4743 2013 4798 po-

431 4824 545 4890 siti,
575 4824 671 4879 ubi
701 4825 786 4878 ala
817 4823 982 4877 situm
1016 4821 1243 4887 obtinet,
1272 4835 1338 4875 ex
1372 4821 1640 4876 musculis
1672 4821 2017 4876 constitutio-

434 4928 558 4968 nem
589 4913 883 4976 habentes;
909 4925 1145 4980 quorum
1181 4909 1410 4963 alterum
1447 4925 1477 4964 a
1508 4921 1748 4980 pectore,
1783 4912 2014 4967 alterum

434 5019 568 5060 vero
620 5021 650 5059 a
683 5012 834 5074 parte
880 5001 1193 5072 posteriori,
1238 5016 1269 5055 a
1299 5003 1538 5059 brachiis
1569 5005 1724 5076 ipsis,
1761 5007 1829 5061 ad
1860 5007 2016 5062 ulnas

437 5112 614 5165 usque
677 5106 873 5150 natura
921 5094 1217 5164 explicuit,
1262 5095 1354 5165 qui
1412 5097 1703 5164 manibus,
1760 5109 1818 5152 ut
1849 5115 2018 5168 quor-

437 5187 695 5242 sumlibct
739 5184 984 5241 converti
1035 5193 1266 5256 queant,
1311 5185 1393 5240 sui
1449 5185 1686 5240 ollicium
1737 5188 2016 5242 exhibent.

2112 4731 2337 4785 ὄπισθεν
2394 4733 2530 4806 πρὸς
2579 4733 2670 4787 τὸν
2722 4735 3003 4806 βραχίονα,
3059 4738 3466 4809 ὲςραπλούμενοι
3533 4743 3683 4812 μέχρι

2113 4823 2396 4892 ἀγκῶνοςο
2437 4827 2621 4890 πᾶσας
2645 4825 2743 4891 τὰς
2786 4827 2886 4898 τῆς
2914 4830 3096 4901 χειρὸς
3131 4831 3464 4900 εὐστροφίας
3516 4835 3682 4905 ἀπερ-

2109 4917 2430 4987 γαζόμενοι.
2483 4919 2550 4972 Ἥ
2606 4919 2700 4973 οὖν
2738 4921 3032 4991 μασχάλῃ
3086 4923 3501 4994 ἐτυμολογεῖται
3547 4929 3682 5000 παρὰ

2110 5008 2172 5060 τὸ
2204 5009 2324 5062 λίαν
2353 5010 2606 5080 κατέχειν
2623 5011 2668 5042 δ’
2696 5013 2851 5064 ἆτινα
2887 5012 2954 5065 ἂν
2982 5015 3082 5083 σχῇ
3109 5029 3123 5043 °
3162 5015 3194 5082 ἢ
3236 5015 3342 5067 ἀπὸ
3374 5015 3475 5068 τοῦ
3530 5034 3683 5086 κεχαο

2111 5101 2407 5167 λᾶσΘαιείς
2438 5105 2644 5174 μαστόν
2670 5120 2688 5138 ο
2715 5105 2748 5175 ἢ
2772 5107 2856 5176 εἰς
2889 5105 2955 5175 ἢν
2975 5105 3205 5175 χαλᾶται
3230 5108 3258 5158 ό
3294 5105 3397 5176 μῦς
3427 5123 3442 5138 ο
3479 5107 3512 5176 ἦ
3545 5109 3681 5178 παρὰ

2113 5196 2174 5249 τὸ
2205 5197 2563 5268 μαστεύειν⁸³
2607 5216 2662 5251 τι
2722 5200 2816 5252 ὑπ’
2863 5199 3032 5267 αὑτήν
3058 5199 3141 5235 ⁸⁵⁸
3187 5199 3376 5270 ἐπειδὴ
3428 5201 3680 5271 ἀφαιροῦ·

461 5287 591 5336 .iam
638 5297 789 5348 vero,
834 5297 998 5353 quam
1039 5282 1116 5336 illi
1177 5282 1461 5354 μασχάλην
1509 5291 1844 5352 nuncupant,
1900 5284 2022 5338 inde

2122 5287 2273 5356 μενοι
2305 5305 2358 5340 τι
2414 5288 2474 5352 ἐξ
2504 5287 2680 5342 ἄλλων
2704 5289 2748 5322 ⁸⁵
2805 5289 3143 5359 κρύπτομεν.
3180 5286 3254 5341 Τὸ
3287 5290 3385 5359 μὲν
3426 5289 3521 5343 οὖν
3557 5289 3678 5359 βραο

507 5422 582 5494 (b)
611 5421 723 5480 Jer.
753 5439 882 5490 xxv,
913 5423 999 5478 14.

510 5582 556 5614 ³³
604 5581 726 5638 οὐδὲ
757 5581 868 5653 γάρ

903 5582 1001 5658 μία
1172 5581 1216 5658 ’ξ
1248 5583 1490 5658 καὶᾼρη).
1523 5583 1600 5658 B._
1661 5584 1708 5617 “
1739 5585 1906 5658 φησὶν
1933 5601 2045 5644 om.
2080 5588 2144 5658 Α.
2206 5589 2466 5658 anonymi

2529 5596 2700 5657 poetae
2767 5587 2980 5657 llomeri
3009 5587 3124 5646 haec
3151 5593 3237 5642 est
3252 5586 3476 5651 citatio;
3505 5585 3564 5657 in
3586 5601 3676 5657 qua

438 5651 1307 5729 ξιιμ-νοτε.-ζᾲπολλυμέχωνιεετ
1351 5654 1394 5686 ³⁸
1420 5654 1610 5729 κρατῇ)
1627 5651 1830 5729 οιιι.’Ᾱ.
1875 5657 1919 5689 ³⁸
1952 5673 2037 5728 πρέ

2121 5676 2181 5722 εις
2200 5657 2240 5711 Β
2267 5659 2328 5713 Ρ.
2359 5651 2790 5729 "(subopon
2827 5657 2886 5711 Β.
2924 5656 2974 5729 ’ἦ
2994 5658 3224 5729 κατὰ-Β.
3327 5651 3676 5729 τροχηλίιείβ.

501 5723 716 5800 καὶαςέιτἶ
738 5722 1030 5800 Δάλλη-ενδζ
1058 5723 1116 5800 [ξἶ
1138 5725 1192 5800 f‘
1224 5722 1319 5776 καὶ
1342 5722 1615 5800 om.'B_P._
1652 5727 1707 5800 "_
1733 5744 1858 5800 κατ.
1893 5722 2291 5800 καῖ’κρύπτειν
2325 5730 2387 5782 Β.
2432 5730 2502 5800 7“
2529 5722 2699 5800 μαστ.
2735 5729 2845 5800 καὶ.
2875 5727 3108 5799 κρύπτειν
3143 5727 3202 5783 Ρ.
3255 5727 3302 5759 ⁸⁸
3330 5722 3590 5783 Ιιέἔὸωζ
3626 5726 3675 5778 Β.

433 5791 478 5823 ⁴⁸
510 5795 638 5866 παρ’
668 5796 842 5852 ἄλλων
872 5791 940 5862 Β,
972 5796 1032 5860 ἐξ
1067 5794 1244 5848 ἄλλων
1279 5793 1485 5865 κρύπτ’.
1527 5795 1616 5848 ὑπ’
1649 5797 1823 5867 αὐτὴν
1852 5791 2116 5870 τιθέαμέν
2138 5801 2204 5855 τά
2234 5791 2588 5869 κλεπτόμενα
2609 5799 2673 5852 τὸ
2697 5798 2795 5868 μὲν
2821 5797 2880 5851 P.
