3792 6396
63 386 234 443 1249
1347 391 1438 448 DE
1479 390 1766 450 NATURA
1799 392 2114 450 llOMINIS.
3241 399 3382 456 1250

64 509 274 578 χίονος
319 508 516 562 ὀστοῦν
552 508 700 564 ἔστιν
730 511 862 575 ἕως
890 512 1161 581 ἀγκῶνος·
1217 513 1402 568 ἐκεῖσε
1448 514 1506 568 δὲ
1555 531 1694 585 συμ-

1879 525 2000 568 :tam
2028 515 2239 578 volunt,
2275 516 2420 586 quod
2450 532 2513 572 ea
2545 533 2668 589 quae
2724 517 2985 584 continet,
3017 520 3150 578 satis
3185 522 3377 578 admo-

69 603 303 672 φύεται
337 603 436 657 καὶ
474 607 883 677 συναρμόζεται
925 609 1003 680 τῷ
1063 610 1267 682 πήχειο
1307 610 1388 682 τῷ
1429 610 1486 664 δὲ
1528 611 1694 681 πήχει

1879 621 1927 659 m
1951 607 2231 661 recondita
2262 607 2330 661 ab
2359 623 2422 662 ea
2458 608 2730 664 fovemur.
2757 609 2855 666 Vel
2881 610 3028 682 quod
3069 612 3121 666 in
3153 613 3383 682 papillas

68 695 391 762 σύγκειται
432 698 466 767 ἡ
508 699 704 770 κερκὶς
740 700 951 756 ἀνωθεν
1007 701 1115 766 ἓως
1174 703 1329 758 κάτω
1377 702 1521 775 πρὸς
1566 703 1694 767 τοὺς

1879 705 2034 763 :atur,
2085 698 2229 768 quod
2267 698 2346 753 illi
2425 699 2504 763 είς
2530 701 2770 771 μασθοὺς
2803 702 3135 773 κεχαλᾶσθαι
3169 705 3380 766 dicunt.

66 783 382 856 καρπούς.

1879 789 1895 842 i
1944 790 2230 845 musculus
2282 790 2372 846 ille
2418 791 2753 860 demittitur;
2804 794 2920 850 sive
2977 795 3085 849 ἀπὸ
3140 795 3235 849 τοῦ
3280 814 3384 867 μα-

71 874 316 928 στεύειν
348 893 402 930 τι
432 876 524 930 ὑπ’
556 877 748 950 αὐτῆς,
765 881 910 948 quod
936 897 1170 950 quwrere
1203 881 1409 952 aliquid
1451 880 1547 936 sub
1582 881 1694 950 ipsa

1884 898 1963 937 res
2002 898 2021 937 :
2052 883 2349 954 siquidem,
2382 899 2509 938 cum
2583 886 2974 943 abstulerimus
3000 887 3280 959 quidpiam
3315 890 3384 944 ab

72 968 311 1040 aliquo,
339 969 593 1026 occulere
626 972 729 1027 sub
778 973 896 1044 ipsa
940 974 1203 1031 solemus.
1237 974 1532 1030 Enimvero
1596 973 1806 1029 brachii
1861 991 1923 1032 os
1971 976 2038 1032 ad
2105 976 2291 1032 ulnam
2363 992 2541 1048 usque
2622 994 2795 1032 unum
2842 980 3110 1046 habetur,
3183 982 3383 1038 dehinc

73 1074 244 1115 cum~
284 1061 475 1116 cubito
533 1063 844 1133 copulatur,
894 1081 960 1121 ac
1013 1065 1180 1122 simul
1231 1067 1362 1122 coit.
1415 1065 1492 1122 Os
1534 1080 1687 1131 vero,
1749 1067 1897 1136 quod
1963 1067 2104 1123 radii
2146 1069 2376 1126 textoris
2424 1069 2840 1125 similitudinem
2892 1071 3171 1142 exprimit,
3215 1089 3245 1127 a
3279 1089 3377 1129 su-

87 1150 316 1218 pcriori
351 1161 526 1221 parte,
560 1153 627 1208 ad
659 1155 830 1209 imum
863 1171 1040 1225 usque
1081 1172 1191 1226 qua
1222 1157 1416 1227 palmae
1435 1157 1705 1228 jungitur,
1745 1157 1932 1212 cubito
1963 1159 2222 1214 cobteret.

161 1241 392 1309 Πῆχυς
442 1241 499 1294 δὲ
534 1244 748 1315 εἴρηται
790 1245 899 1298 ἀπὸ
932 1245 1027 1300 τοῦ
1075 1247 1391 1319 πεπηγέναι
1441 1247 1602 1319 ἄκρῳ
1624 1246 1694 1318 τῷ

1879 1247 2105 1305 Cubitus
2164 1264 2313 1316 vero,
2356 1250 2449 1321 qui
2508 1251 2576 1306 ab
2618 1250 2698 1306 eis
2757 1252 2940 1323 πῆχυς
3002 1252 3225 1321 dicitur,
3276 1255 3384 1308 ἀπὸ

79 1334 387 1405 βραχίονισ
419 1336 513 1388 καὶ
549 1336 754 1406 μείζων
793 1339 893 1408 μέν
919 1340 1119 1394 ἐστινὸ
1151 1343 1334 1412 πῆχυς
1357 1340 1459 1412 τῆς
1504 1339 1702 1411 κερκί-
1801 1339 1898 1393 τοῦ
1960 1341 2265 1413 πεπηγέναι
2323 1343 2478 1413 ἄκρῳ
2529 1341 2606 1413 τῷ
2673 1341 2957 1414 βραχίονι,
3020 1343 3147 1400 inde
3203 1347 3387 1415 appel—

75 1427 204 1489 δος.
273 1425 596 1482 Ὑπόκειται
644 1429 702 1482 δὲ
756 1433 785 1483 ὁ
817 1433 1003 1503 πῆχυς
1045 1431 1205 1504 αὐτῇ,
1262 1433 1357 1487 καὶ
1394 1433 1514 1504 ὀχεῖ
1565 1432 1694 1502 πρὸς

1879 1448 1978 1486 .um
2030 1434 2268 1498 diceres,
2317 1435 2464 1504 quod
2517 1443 2763 1490 extremo
2811 1435 3020 1491 brachii
3069 1446 3386 1508 compactus

79 1517 392 1590 ἐνέργειαν
415 1537 428 1550 ·
462 1520 538 1585 ὡς
573 1519 714 1576 εἶναι
744 1523 843 1596 τὴν
879 1525 978 1594 μὲν
1002 1524 1047 1557 ’⁵⁸
1087 1523 1317 1594 κερκίδα
1347 1525 1486 1595 πρὸς
1517 1526 1576 1578 τὸ
1605 1527 1694 1580 τοῦ

1879 1563 1901 1576 ..
1951 1523 2017 1578 Ει
2069 1523 2288 1596 cubitus
2329 1525 2584 1595 quidem,
2629 1525 2820 1580 radiali
2877 1532 3024 1581 osse’
3058 1526 3235 1597 major
3289 1528 3382 1582 lia-

80 1611 418 1684 ἀντίχειρος
452 1614 641 1686 μέρος,
677 1615 770 1670 τὸν
817 1617 875 1670 δὲ
901 1619 1080 1687 πῆχυν
1104 1617 1243 1688 πρὸς
1274 1616 1337 1670 τὸ
1368 1618 1463 1671 τοῦ
1496 1619 1694 1690 μικροῦ

1879 1622 1983 1680 tur,
2041 1615 2143 1669 sub
2191 1615 2311 1684 ipso
2383 1615 2527 1669 enim
2572 1615 2767 1669 radiali
2807 1629 2952 1680 osse,
3011 1616 3228 1672 cubitus
3280 1626 3384 1683 est,

80 1705 397 1760 δακτύλου.
429 1707 586 1774 Παρά
609 1707 667 1761 δὲ
698 1708 760 1762 τὸ
783 1709 1006 1780 κρέκειν
1028 1710 1093 1776 ⁸⁷,
1123 1711 1152 1763 ὅ
1176 1711 1326 1764 ἐστιν
1355 1712 1530 1781 ἠχεῖν,
1561 1727 1694 1779 κερ-

1879 1723 1886 1757 :
1936 1716 1996 1759 ut
2029 1705 2137 1760 tale
2165 1720 2249 1770 os,
2313 1705 2543 1775 policem
2591 1721 2786 1761 versus
2828 1707 3116 1776 dirigatur,
3167 1707 3386 1764 cubitus

84 1797 196 1862 κὶς
224 1797 457 1868 ἐκλήθη.
490 1799 768 1853 Συνδείται
790 1800 846 1854 δὲ
876 1801 998 1854 καθ’
1026 1802 1290 1872 ἑκάτερον
1311 1801 1421 1856 τῶν
1441 1803 1694 1874 περάτων

1879 1810 1934 1851 ro
1983 1795 2053 1849 ad
2111 1796 2476 1851 auricularem
2516 1797 2744 1867 digitum
2778 1799 2978 1852 tendat.
3007 1796 3122 1853 Hoc
3151 1814 3387 1870 namque

94 1891 130 1942 ὁ
167 1891 358 1962 πῆχυς
389 1894 453 1962 τῇ
488 1893 699 1964 κερκίδι
748 1893 1069 1964 συνδέσμοις
1111 1895 1386 1966 ἰσχυροῖςο
1431 1895 1492 1948 τὸ
1540 1895 1694 1966 μέσον

1879 1889 2011 1945 diale
2029 1905 2113 1955 os,
2134 1891 2347 1962 κερκίς,
2379 1891 2448 1945 ab
2473 1891 2684 1947 edendo
2707 1891 2959 1948 videlicet
2984 1894 3213 1963 crepitu,
3240 1910 3384 1948 nun-

81 1981 151 2034 δὲ
185 1983 341 2038 ἅπαν
381 1984 628 2054 ἀλλήλων
677 1985 1026 2055 διεστήκασι.
1057 1986 1263 2058 Κύκλῳ
1289 1987 1346 2040 δὲ
1373 1987 1582 2041 τούτων
1607 1987 1698 2042 τέ-

86 2089 292 2138 νοντες
343 2076 610 2148 εὐμήκεις
671 2078 811 2146 μετά
873 2077 1028 2148 μυῶν
1054 2078 1099 2111 ’⁵⁸
1159 2079 1542 2150 ἑνειλημμένοι
1597 2079 1698 2152 τὴν

89 2168 295 2238 χεῖρα,
328 2167 427 2238 τὴν
465 2169 756 2240 κινητικὴν
803 2168 1037 2241 δύναμιν
1067 2171 1163 2224 καὶ
1204 2172 1489 2243 ἐνέργειαν
1543 2174 1699 2226 ἐκτε-

88 2256 313 2324 λοῦσιν,
352 2259 418 2313 ὲκ
442 2259 624 2333 ψυχῆς
645 2260 928 2332 δεχόμενοι
955 2262 1056 2333 τὴν
1085 2265 1288 2335 ὁρμήν.
1320 2265 1555 2337 Εἴρηται
1587 2266 1698 2338 γὰρ

92 2351 201 2404 καὶ
226 2350 270 2382 δ’
308 2352 561 2414 κατόπιν,
589 2354 674 2406 ὅτι
707 2353 808 2405 ὅσα
837 2352 929 2406 διὰ
961 2353 1173 2426 νεύρων
1205 2355 1305 2408 καὶ
1335 2356 1488 2425 μυῶν
1529 2359 1700 2410 κινεῖ-

89 2458 225 2506 ται,
283 2444 463 2496 πάντα
499 2444 712 2515 ψυχικά
743 2445 804 2498 τέ
838 2445 979 2511 ἐστι,
1041 2445 1139 2498 καὶ
1172 2445 1315 2500 κατά
1370 2448 1697 2519 προαίρεσιν

93 2534 480 2588 ἀποτελεῖται.

1808 1989 2038 2052 cupatur
2069 1997 2085 2032 :
2119 1981 2390 2052 siquidem
2447 1983 2618 2038 cubiti
2667 1997 2753 2049 os,
2820 1999 2945 2039 cum
2989 1985 3180 2039 radiali
3235 2001 3382 2048 osse,
3449 2000 3456 2007 ·

1805 2076 2056 2144 utrisque
2102 2075 2305 2130 ﬁnibus
2333 2076 2712 2146 terminisque,
2747 2076 3054 2146 ligamentis
3091 2077 3385 2132 admodum

1805 2167 2020 2234 validis,
2048 2167 2362 2238 colligatur,
2399 2167 2806 2236 intercapedine
2845 2183 2994 2234 vero,
3028 2183 3150 2237 qua;
3176 2169 3243 2223 de
3272 2183 3390 2224 me-

1804 2257 1897 2313 dio
1940 2266 2044 2325 est,
2093 2257 2164 2312 ab
2215 2257 2448 2312 invicem
2479 2259 2698 2327 penitus
2737 2257 2960 2312 distant.
2995 2255 3164 2312 Teudi
3205 2265 3386 2312 autem

1804 2349 2087 2420 prmlongi,
2125 2363 2250 2404 cum
2307 2349 2572 2404 musculis
2611 2349 2760 2404 circa
2791 2363 2916 2403 ossa
2963 2350 3078 2418 ipsa
3117 2348 3390 2403 orbicula-

1802 2443 1896 2497 tim
1933 2441 2218 2512 implicati,
2259 2441 2329 2496 ab
2371 2441 2594 2496 animali
2632 2451 2782 2498 motu
2817 2445 3019 2514 impetu
3050 2453 3232 2514 capto,
3269 2459 3390 2498 mo-

1804 2535 1971 2590 tivam
2025 2536 2135 2589 vim
2161 2534 2562 2604 actionemque
2592 2536 2846 2591 manibus
2895 2546 3085 2592 exacte
3113 2537 3384 2608 praebent.

93 2623 245 2679 Nam
285 2640 403 2692 qua:
453 2639 484 2679 a
531 2624 714 2679 nervis
753 2625 1148 2696 musculisque,
1208 2632 1271 2680 ut
1313 2627 1576 2693 diximus,
1635 2636 1947 2693 moventur,
2017 2635 2210 2682 cuncta
2256 2626 2575 2683 animalium
2640 2628 2966 2686 facultatum
3009 2639 3158 2697 sunt,
3224 2641 3389 2702 atque

93 2717 174 2773 ad
206 2717 501 2772 voluntatis
531 2724 734 2772 nostrae
757 2718 1046 2772 arbitrium
1083 2719 1458 2788 perﬁciuntur.

178 2811 325 2882 Πρὸς
389 2809 447 2863 δὲ
489 2807 592 2879 τὴν
645 2807 741 2861 τοῦ
793 2809 1082 2881 βραχίονος
1139 2811 1234 2864 καὶ
1280 2810 1376 2865 τοῦ
1428 2813 1696 2884 πήχεος⁵⁰

95 2901 314 2967 ζεῦξιν,
366 2901 501 2954 κατέ
512 2899 794 2970 μπροσθεν
823 2900 924 2970 τῆς
951 2902 1159 2971 χειρὸς,
1186 2905 1340 2972 τρεῖς
1381 2902 1697 2976 διέρχονται

93 2993 310 3064 φλέϐες
343 2991 439 3045 καὶ
479 2991 760 3063 ἀρτηρίαι,
794 2991 933 3062 πρὸς
959 2993 1091 3056 τοὺς
1140 2991 1560 3064 ριζοδακτύλους
1599 2997 1700 3066 τῆς

77 3086 296 3157 -χειρὺς
343 3084 683 3155 πολυσχιδῶς
728 3085 1236 3155 περαιούμεναιυο
1288 3088 1322 3159 ή
1369 3087 1604 3157 (lunata,
1632 3091 1699 3160 ἢν

97 3181 204 3232 καὶ
236 3177 593 3246 κρανιακὴν,
620 3176 855 3247 λέγομεν
878 3179 953 3209 ⁶²ο
984 3179 1016 3248 ή
1051 3179 1192 3249 μέση
1222 3197 1318 3247 τε,
1367 3183 1462 3235 καὶ
1504 3183 1531 3252 ἡ
1563 3181 1692 3237 ἔσω.

98 3273 225 3342 Τὴν
249 3271 344 3341 μὲν
400 3265 495 3323 οῦν
529 3267 732 3338 μέσην
765 3269 998 3324 καθόλου
1033 3269 1330 3341 καλοῦμεν,
1371 3271 1560 3344 ῶσπερ
1596 3272 1696 3344 τὴν

100 3365 222 3418 ἔσω
251 3361 607 3431 σπληνικήν
627 3362 673 3394 ⁸³
695 3378 710 3395 ο
741 3361 879 3433 πρὸς
911 3363 977 3433 ἢν
1009 3349 1104 3417 καὶ
1129 3364 1162 3434 ή
1192 3364 1431 3436 ἀρτηρία
1465 3365 1692 3435 ἐγγίζει.

99 3459 191 3527 Τῇ
219 3452 311 3510 οὗν
367 3455 599 3509 καθόλου
644 3454 803 3522 φλεϐὶ
846 3454 1036 3525 νεῦρον
1078 3455 1368 3510 ὑπόκειται
1414 3457 1604 3530 ὥσπερ
1626 3462 1694 3530 τῇ

103 3549 384 3618 σπληνικῇ
429 3547 700 3618 ἀρτηρίᾳ·
737 3547 831 3600 καὶ
878 3547 986 3618 χρὴ
1021 3549 1464 3618 παρατηρεῖσθαι
1491 3551 1697 3615 ταύτας

101 3645 170 3694 ὲν
213 3641 289 3709 τῷ
330 3639 726 3708 φλεϐοτομεῖν·
770 3638 880 3709 χρὴ
910 3638 966 3690 δὲ
1012 3638 1308 3705 γινώσκειν
1336 3640 1417 3693 ὅτι
1459 3641 1558 3710 τῆς
1597 3641 1698 3712 μὲν

102 3731 406 3802 ἀριστερᾶς
452 3730 634 3801 χειρὸς
686 3729 720 3799 ή
775 3728 885 3782 ἔσω
937 3729 1078 3797 φλὲψ
1133 3729 1243 3783 ἀπὸ
1287 3730 1384 3784 τοῦ
1459 3732 1696 3803 σπληνὸς

103 3825 420 3894 ἐφορμᾶται
442 3822 523 3856 ⁸⁸⁸
554 3825 655 3893 τῆς
692 3821 873 3886 δεξιᾶς
918 3821 975 3875 δὲ
1008 3820 1120 3874 ἀπὸ
1160 3823 1254 3876 τοῦ
1285 3824 1526 3894 ἦπατος’
1559 3826 1592 3896 ή
1640 3825 1698 3879 δὲ

109 3916 257 3984 μέση
306 3915 401 3969 καὶ
437 3914 674 3985 μεγίστη
717 3914 777 3980 ἐξ
823 3912 1210 3983 ἁμφοτέρουδδ
1261 3914 1358 3968 τοῦ
1417 3915 1692 3986 σώματος.

104 4007 394 4078 Σχίςονται
423 4006 482 4060 δὲ
513 3999 676 4060 αὗται
706 4005 763 4060 αἱ
787 4005 940 4075 τρεῖς
967 4003 1158 4075 ὥσπερ
1191 4003 1340 4058 ἔνδον
1363 4005 1459 4059 τοῦ
1491 4007 1698 4078 πήχεος

107 4101 212 4155 καὶ
249 4101 304 4154 ὲν
332 4101 444 4163 τοῖς
477 4097 926 4167 καρποχειρίοις,
955 4098 1035 4159 εἰς
1070 4097 1268 4160 πολλὰς
1286 4098 1332 4130 ⁸⁸
1371 4098 1466 4151 καὶ
1491 4098 1697 4170 μικρὰς

108 4189 614 4263 ὲπιμιγνυμένας⁸⁷
676 4186 968 4255 ἀλλήλαις,
1015 4185 1165 4239 οὕτω
1217 4187 1312 4240 καὶ
1358 4187 1554 4248 ἐκτός·
1615 4189 1697 4251 είς

107 4284 310 4339 ταυτὸν
335 4287 444 4354 γὰρ
477 4281 730 4352 ἔρχονται
766 4278 1057 4347 ένούμεναι
1083 4277 1219 4348 πρὸς
1247 4277 1482 4348 ἀλλήλας
1507 4293 1567 4330 τε
1602 4279 1696 4330 καὶ

108 4356 216 4438 τάς
239 4374 404 4428 ἔνδον.
444 4371 810 4425 Ἐκτείνονται
833 4368 890 4422 δὲ
911 4367 1016 4421 ὑπὸ
1044 4369 1154 4420 πᾶν
1180 4367 1240 4420 τὸ
1268 4367 1444 4438 δέρμα
1468 4367 1528 4421 τὸ
1550 4369 1696 4422 κατά

106 4468 209 4523 τὸν
238 4466 442 4535 καρπὸν
477 4465 572 4519 καὶ
617 4462 1017 4532 μετακάρπιον,
1065 4461 1316 4528 καὶτοὺς
1356 4461 1692 4525 δακτύλους·

1878 2805 1957 2860 Ex
1985 2805 2244 2861 anteriori
2268 2822 2400 2863 vero
2423 2823 2617 2866 manus
2641 2818 2815 2880 parte,
2848 2811 2912 2865 ad
2939 2826 3057 2866 eam
3080 2828 3202 2883 quae
3219 2815 3387 2870 cubiti

1800 2908 1854 2952 et
1895 2899 2104 2954 brachii
2131 2899 2578 2956 constitutionem
2603 2912 2706 2968 est,
2739 2913 2847 2958 tres
2869 2919 3043 2970 venae,
3063 2921 3127 2961 ac
3151 2909 3386 2971 arteriae.

1799 3006 1906 3060 qua
1959 2992 2242 3046 brachium
2327 3001 2383 3048 et
2425 2994 2646 3050 cubitus
2705 2996 3052 3066 copulantur,
3117 2999 3391 3056 multiﬁdo

1800 3089 1976 3136 tractu
2025 3082 2328 3148 tendentes,
2379 3085 2444 3138 ad
2487 3085 2784 3154 digitorum
2841 3086 3056 3143 radices
3106 3089 3386 3155 desinunt,

1801 3185 2033 3240 quarum
2078 3173 2240 3242 118
2269 3174 2439 3228 altera
2491 3175 2790 3231 humeralis
2823 3186 2928 3242 est,
2972 3193 3136 3247 quam
3192 3189 3247 3235 et
3269 3182 3386 3236 cal-

1801 3261 1972 3315 valem
2033 3261 2291 3326 dicimus,
2337 3265 2514 3319 media
2571 3265 2760 3329 altera,
2804 3267 2962 3321 tertia
3016 3268 3246 3324 interior
3280 3281 3384 3327 est.

1796 3349 1932 3406 Nam
1968 3367 2090 3422 qua:
2136 3355 2314 3409 media
2333 3365 2448 3417 est,
2475 3356 2798 3411 universalis
2849 3358 3379 3430 appellatur,quem-

1799 3443 2092 3498 admodum
2139 3454 2193 3500 et
2219 3446 2306 3500 illa
2339 3462 2463 3518 quae
2525 3447 2755 3502 interior
2782 3457 2883 3514 est,
2919 3449 3132 3506 lienalis
3159 3452 3384 3520 dicitur,

1800 3533 1889 3588 cui
1923 3535 2123 3589 arteria
2143 3536 2304 3589 etiam
2335 3536 2582 3605 proxima
2607 3546 2712 3591 est.
2749 3534 3049 3592 Universali
3069 3539 3214 3593 enim
3233 3554 3386 3594 vente

1799 3639 2030 3689 nervus,
2097 3626 2557 3696 quemadmodum
2621 3627 2838 3692 lienali,
2887 3628 3088 3682 arteria
3151 3629 3382 3697 subest;

1798 3727 2149 3788 quapropter,
2214 3720 2268 3772 in
2325 3733 2474 3773 vena:
2532 3719 2775 3774 sectione
2831 3720 3376 3777 animadvertendum

1798 3817 1911 3873 est,
1965 3825 2033 3864 ne
2093 3825 2293 3864 nervus
2353 3809 2471 3879 ipse
2538 3810 2832 3865 incidatur.
2911 3809 3206 3866 Sciendum
3261 3813 3386 3882 qui-

1797 3914 1918 3967 dem
1975 3921 2104 3976 est,
2155 3911 2472 3967 interiorem
2543 3912 2725 3978 laevae,
2803 3928 2833 3967 a
2891 3913 3118 3968 cerebro
3180 3927 3382 3984 proce-

1798 4002 2014 4057 dentem
2067 4001 2193 4057 lieni
2242 4001 2529 4072 applicari,
2586 4004 2821 4058 dextera:
2871 4018 3000 4059 vero
3049 4018 3080 4057 a
3137 4003 3382 4074 jecinore

1799 4096 2102 4165 pratendi;
2164 4103 2222 4149 at
2268 4095 2468 4158 media,
2535 4109 2658 4164 qua:
2716 4095 2952 4150 maxima
3018 4095 3248 4150 habetur
3305 4095 3376 4150 ab

1798 4199 2032 4258 utroque
2085 4204 2315 4260 corpore
2367 4189 2642 4261 dirigitur.
2703 4188 2798 4245 Ha:
2840 4199 3022 4245 autem
3069 4201 3180 4247 tres
3205 4207 3380 4256 venas,

1798 4280 1867 4334 ab
1921 4279 2179 4335 interiore
2227 4280 2436 4335 brachii
2496 4289 2672 4350 parte,
2713 4279 2784 4334 ad
2832 4279 3128 4334 brachialis
3166 4281 3281 4335 loca
3327 4282 3380 4334 in

1797 4372 2062 4442 plurimas
2099 4386 2223 4441 quae
2267 4371 2432 4426 simul
2477 4370 2781 4425 commistaa
2838 4381 2965 4426 sunt
3015 4371 3242 4427 venulas
3279 4369 3384 4426 ﬁn-

1798 4465 2022 4530 duntur,
2059 4463 2133 4516 ita
2177 4469 2233 4516 et
2269 4464 2532 4528 exterius,
2588 4470 2701 4515 tum
2730 4461 2915 4528 simul,
2965 4470 3078 4516 tum
3145 4463 3386 4519 cumbis

110 4561 181 4615 τὸ
202 4559 332 4613 αὐτὸ
376 4559 433 4612 δὲ
473 4557 660 4628 σχῆμα
703 4556 798 4610 καὶ
835 4554 930 4607 ἐπὶ
985 4553 1096 4606 τῶν
1124 4552 1304 4606 ποδῶν
1338 4552 1556 4624 εὕροις,
1594 4571 1694 4607 πο-

1879 4571 1922 4610 te
1953 4557 2021 4610 ab
2047 4554 2291 4608 interiori
2323 4562 2479 4624 parte
2506 4563 2636 4609 sunt
2667 4555 2719 4607 in
2758 4569 2927 4608 unum
2960 4564 3179 4622 coeunt,
3219 4564 3274 4610 et
3301 4555 3386 4610 di-

111 4651 347 4716 λυειδῶς
407 4651 504 4706 καὶ
560 4647 903 4718 πολυσχιδῶς
967 4645 1078 4700 τῶν
1143 4644 1253 4698 ἀπὸ
1308 4645 1419 4700 τῶν
1479 4645 1696 4717 νεφρῶν

115 4747 297 4800 ἐκεῖσε
323 4741 643 4815 φερομένων
666 4740 880 4810 φλεϐῶν
906 4741 951 4774 ⁸⁸
983 4738 1422 4811 περαιουμένων.

1803 4649 2081 4702 viduntur.
2114 4647 2328 4702 Eaedem
2361 4645 2506 4701 enim
2541 4646 2646 4700 sub
2684 4653 2794 4700 tota
2827 4656 2973 4711 cute,
3012 4662 3133 4718 qua:
3155 4647 3222 4702 ad
3257 4646 3385 4702 bra-

1803 4738 2000 4802 cliiale,
2027 4746 2082 4792 et
2108 4735 2512 4807 postbrachiale
2565 4750 2630 4790 ac
2661 4735 2859 4807 digitos
2886 4747 2990 4803 est,
3036 4737 3406 4808 praetendun-'

119 4845 232 4890 tur.
283 4832 541 4887 Eamdem
602 4841 656 4886 et
689 4831 742 4884 in
791 4829 1018 4900 pedibus
1068 4831 1294 4900 ﬁguram
1329 4842 1555 4884 cernere
1598 4837 1702 4895 est,
1737 4843 1865 4884 nam
1895 4830 2034 4885 etin
2102 4829 2189 4884 his
2233 4841 2386 4882 venae
2413 4841 2534 4896 quae
2583 4842 2614 4881 a
2645 4827 2872 4882 renibus
2937 4827 3382 4898 proﬁciscuntur,

18 4931 19 4934 “
120 4926 388 4983 multiﬁdo
431 4925 696 4994 varioque
730 4923 925 4978 ordine
960 4922 1238 4978 desinunt.

209 5019 294 5072 Ἐν
327 5011 371 5087 ᾧ
411 5017 506 5072 οῦν
553 5017 787 5088 τελευτᾷ
821 5016 976 5086 μέρει
1010 5015 1044 5086 ἡ
1077 5014 1272 5085 κερκὶς
1303 5013 1398 5068 καὶ
1441 5015 1471 5068 ὁ
1496 5012 1697 5084 πῆχυς,

119 5112 186 5166 τδ
221 5108 458 5164 τοιοῦτον
499 5108 730 5177 καρπὸς
765 5107 1017 5162 καλεῖται
1039 5122 1054 5136 ’
1092 5104 1406 5177 συντίθησιν
1438 5105 1482 5138 ⁸9
1507 5105 1566 5159 δὲ
1605 5104 1700 5158 τὸν

121 5203 334 5277 καρπὸν
371 5203 508 5256 ὀστᾶ
554 5201 648 5254 τὸν
703 5199 939 5272 ἀριθμὸν
999 5196 1181 5262 ὀκτὼ,
1211 5198 1307 5251 ἐπὶ
1337 5197 1434 5252 δύο
1481 5197 1704 5268 στίχους

123 5296 500 5366 συγκείμενα,
545 5292 761 5365 σκληρά
819 5292 917 5346 καὶ
972 5290 1166 5363 μικρὰ,
1217 5291 1313 5345 καὶ
1357 5289 1572 5361 ἀμύελα
1608 5291 1704 5344 καὶ

126 5389 376 5459 πολυειδῆ
397 5427 412 5453 ,
449 5387 594 5442 κατά
622 5386 684 5440 τὸ
711 5387 899 5457 σχῆμα
923 5402 937 5415 ο
977 5386 1054 5458 πῆ
1091 5384 1192 5457 μὲν
1228 5383 1340 5455 γάρ
1370 5384 1478 5436 εἱσι
1503 5383 1702 5454 κυρτὰ,

125 5483 203 5556 πῆ
243 5483 296 5537 δὲ
328 5483 504 5553 σιμάο
557 5481 654 5535 καὶ
700 5479 780 5550 πῆ
809 5480 908 5551 μὲν
959 5477 1145 5543 εὐθέα,
1191 5477 1268 5547 πῆ
1311 5475 1368 5530 δὲ
1409 5475 1701 5546 περιφερῆ.

201 5614 244 5646 ⁵⁸
273 5613 369 5682 μὲν
429 5627 538 5666 om.
597 5609 687 5682 Β.
737 5611 782 5682 ⁸7
816 5610 1046 5682 κέρκειν
1077 5609 1134 5664 Β.
1195 5609 1262 5682 .f‘
1294 5606 1435 5682 μετά
1464 5606 1576 5682 τῶν
1629 5623 1689 5682 μ.

1799 5645 1813 5658 .
1890 5603 1935 5635 ’⁸³
1982 5603 2079 5657 καὶ
2128 5601 2326 5658 om.B.
2406 5601 2453 5634 ⁸⁸
2511 5601 2732 5671 πήχεως
2791 5597 2853 5671 ΙΞ.

1881 5006 1938 5062 In
1966 5006 2088 5063 loco
2123 5006 2289 5078 igitur
2321 5006 2377 5062 in
2405 5020 2517 5077 quo
2553 5019 2618 5061 os
2653 5004 2860 5061 radiale
2883 5013 2938 5060 et
2961 5004 3244 5062 brachium
3277 5018 3386 5066 ter-

1806 5098 2109 5165 minantur,
2137 5097 2414 5154 brachiale
2441 5104 2550 5163 est,
2569 5095 2716 5166 quod
2737 5093 2910 5151 Graeci
2939 5097 3152 5167 καρπόν
3174 5097 3381 5156 dicunt.

1804 5191 1983 5263 Ipsam
2025 5199 2208 5247 autem
2248 5200 2455 5260 partem
2493 5197 2620 5244 octo
2655 5191 2904 5258 quaedam
2940 5188 3161 5258 gemino
3193 5189 3386 5245 ordine

1803 5293 2116 5342 constructa
2152 5297 2278 5338 ossa
2312 5281 2678 5346 constituunt,
2721 5288 2776 5334 et
2809 5279 2925 5332 hac
2955 5278 3176 5348 quidem
3221 5280 3383 5342 dura,

1806 5392 2080 5448 parvaque
2097 5385 2153 5432 et
2169 5375 2418 5430 medulla:
2437 5371 2700 5444 expertia,
2715 5382 2769 5427 et
2786 5370 3164 5439 multiformia,
3185 5373 3388 5428 haben-

1807 5482 1899 5527 tur
1931 5489 1944 5526 :
1977 5486 2098 5525 nam
2121 5469 2321 5541 partim
2349 5467 2538 5539 gibba,
2569 5467 2767 5537 partim
2797 5467 2961 5533 sima,
2989 5468 3187 5537 partim
3219 5478 3388 5531 recta,

2935 5599 2979 5630 '“
3037 5597 3390 5667 πολυσχεδῶς

126 5667 486 5753 περεὸύμεναι
535 5683 598 5734 Β.
678 5681 724 5714 ⁵³
766 5667 1022 5749 λέγούσιν
1049 5683 1107 5753 Β.
1184 5681 1232 5712 ⁸³
1291 5667 1565 5753 πληνικὴν
1610 5667 1682 5753 ΔᾹ.
1759 5675 2185 5753 δξκὲξοριμᾶτμαι.
2215 5673 2275 5728 Β.
2353 5673 2399 5706 ⁸⁵
2429 5667 2770 5753 ἀμφοτέρων.
2811 5669 2915 5724 BC
2946 5669 3127 5753 li..-“
3156 5668 3231 5753 ὼέ
3259 5667 3391 5753 πολ-

128 5757 219 5810 λαὶ
285 5754 342 5806 Β.
421 5754 465 5784 ⁵⁷

134 5830 178 5860 ⁸³
213 5824 422 5894 συντίθη
451 5821 510 5876 Β.

537 5753 737 5825 μικραὶ
811 5745 1243 5823 ὲνπιμιγνύμεναι
1299 5745 1397 5804 Β.’
1436 5749 1480 5782 ⁸⁸
1521 5745 1884 5818 πολυσχεδῶς
1939 5746 2038 5809 τὰς
2090 5745 2198 5799 ἀπὸ
2244 5761 2294 5798 τ.
2348 5761 2396 5799 ν.
2454 5761 2501 5798 ε.

2564 5738 2873 5813 φερομένας
2924 5738 3131 5810 φλέϐας
3187 5739 3225 5792 Β
3260 5740 3299 5794 C
3329 5740 3388 5793 P.
