3792 6448
3230 38 3290 46 ν-.--
3305 38 3322 40 -
3331 31 3556 42 .-—_..——--—.——

81 462 234 519 ηδε
1331 466 1420 521 ne
1456 460 1747 522 unum
1785 467 2090 526 llOMlNIS.
3227 443 3368 526 1254

85 599 234 645 τινος
277 580 442 636 ἄλλου
493 582 662 636 τόπου
697 582 794 636 τοῦ
831 583 1108 652 σώματος,
1144 585 1383 653 κόλαφος
1415 585 1635 654 λέγεται

1881 589 2135 645 teriorem
2178 590 2449 646 calamum
2499 590 2769 648 dictitant.
2801 587 2876 647 Os
2923 595 3106 646 autem
3138 591 3371 664 quodin

91 675 198 729 ἀπὸ
223 676 318 729 τοῦ
347 675 583 747 κολᾶψαι
610 677 672 730 τὸ
703 678 893 749 μέρος,
919 679 950 731 ὃ
980 679 1098 732 ἐστι
1129 677 1332 749 πλῆξαι
1352 695 1369 711 ·
1407 679 1466 744 ἐξ
1496 674 1558 733 οὗ
1579 679 1653 732 κα

1879 681 1950 734 ἱιο
1976 689 2079 748 est,
2124 681 2402 750 κόνδυλον,
2431 676 2541 737 οἷον
2591 683 2842 748 κόνδυλος
2872 702 2956 748 τις
2987 683 3082 749 ῶν,
3113 685 3184 740 ob
3214 685 3266 741 id
3293 687 3375 742 di-

89 771 119 822 ὁ
148 768 510 840 δενδροκόλαψ
529 767 577 802 ⁸³
595 788 608 800 ·
639 771 738 823 καὶ
765 771 847 824 τό·
895 770 1308 840 Ἐκολάφισάν
1333 786 1410 824 σε
1438 774 1493 825 οἱ
1533 772 1643 825 Ἰου

1880 789 1929 828 m
1960 774 2211 829 condilon
2239 776 2450 842 volunt,
2481 778 2626 846 quod
2648 794 2759 848 pra:
2779 778 2920 847 ﬂexu
2944 793 3126 832 eorum
3149 794 3372 832 vacuum

86 859 266 916 δαῖοι.
1785 865 2053 935 quoddam
2083 869 2323 937 eﬂicitur.
2354 868 2456 934 Qui
2493 878 2673 924 autem
2694 885 2723 923 a
2751 870 2954 940 palma,
2995 869 3290 941 digitisque
3319 870 3374 924 in

87 959 306 1027 faciem,
354 958 471 1014 sive
508 958 669 1013 aliam
711 959 958 1030 corporis
997 969 1228 1028 partem,
1268 961 1428 1031 120
1478 961 1620 1017 ictus

1879 963 2069 1030 solent,
2140 963 2374 1034 κόλαφος
2425 964 2649 1032 dicitur,
2679 965 2787 1018 ἀπὸ
2815 965 2909 1018 τοῦ
2935 964 3167 1036 κολάψαι
3195 965 3256 1019 τὸ
3282 965 3379 1036 μέ-

91 1068 184 1122 ρος
242 1051 304 1104 τὸ
351 1051 741 1123 πληττόμενον,
793 1068 825 1108 a
888 1055 1172 1125 quatiendo
1228 1055 1482 1109 videiicvt
1551 1055 1648 1108 illa

1896 1058 2214 1126 percutitur.
2265 1057 2422 1114 Unde
2458 1057 2900 1130 δενδροκόλαφος,
2941 1059 3099 1129 picus
3126 1049 3381 1114 videliCPt

86 1141 284 1197 Martia
308 1146 447 1207 avis,
488 1144 619 1214 quia
642 1153 825 1200 rostro
851 1146 1080 1201 arbores
1129 1147 1344 1217 quatiat
1386 1145 1462 1200 ita
1510 1148 1840 1218 appellatur.
1883 1147 1993 1204 Sed
2041 1158 2096 1205 et
2134 1148 2189 1204 in
2239 1147 2535 1220 Evangelia
2591 1149 2811 1219 legitur,
2848 1146 3038 1203 Jesuui
3082 1163 3115 1203 a
3172 1146 3380 1204 Iudaeis

85 1240 335 1309 colaphis
360 1253 562 1295 casum
590 1241 689 1310 (a).

159 1331 283 1404 Χρὴ
305 1328 399 1386 οὖν
422 1332 738 1399 γινώσκειν,
775 1331 858 1386 ὅτι
886 1333 1018 1386 ὅταν
1043 1332 1370 1402 συνάγονται
1394 1332 1442 1365 ⁸⁸
1466 1333 1515 1386 οἱ
1542 1333 1653 1386 τέσι

1879 1331 2148 1386 Sciendum
2200 1331 2420 1402 quidem
2451 1341 2707 1393 est,cum
2759 1339 2999 1402 quatuor
3063 1332 3117 1386 in
3167 1340 3380 1389 rectum

85 1437 260 1496 σαρες
299 1422 556 1476 δάκτυλοι
609 1421 732 1475 κατ’
777 1421 1020 1487 εὐθεῖαν,
1072 1421 1384 1491 παλαια-τὴ
1422 1422 1640 1491 λέγεται

1879 1425 2192 1480 itrahuntur
2236 1424 2412 1496 digiti,
2473 1441 2734 1481 mensura
2779 1433 3022 1496 quatuor
3078 1427 3382 1498 digitorum

83 1514 204 1571 οἷον
236 1517 484 1587 πελαστή
513 1533 599 1579 τις
630 1511 766 1569 οὖσα
787 1531 802 1546 ·
847 1515 931 1568 ὅτι
973 1517 1038 1567 ὲκ
1064 1515 1160 1568 τοῦ
1198 1515 1368 1599 ⁸τξέλας
1401 1519 1649 1588 συνήγαγ

1879 1533 1907 1574 e
1932 1518 2000 1573 ab
2033 1517 2143 1574 illis
2185 1516 2464 1589 παλαιστή
2515 1517 2737 1585 dicitur,
2767 1513 2879 1572 οἷον
2938 1519 3179 1593 πελαστή
3234 1520 3384 1592 quod

84 1612 221 1675 τοὺς
245 1609 547 1672 δακτύλους
569 1624 583 1640 ·
631 1607 665 1679 ἢ
695 1606 910 1676 δῶρον,
935 1606 1088 1679 παρὰ
1111 1607 1172 1661 τὸ
1195 1607 1487 1680 δωρεῖσθαι
1529 1609 1653 1678 ἡμᾶι

1879 1611 2086 1681 ιρὶιιψιε
2118 1609 2187 1665 ad
2253 1609 2486 1665 invicem
2539 1610 2695 1682 digiti
2725 1611 3079 1668 conveniant.
3133 1609 3228 1668 Vel
3278 1613 3384 1685 ipsi

86 1705 152 1757 ὲν
180 1702 319 1773 αὐτῇ
342 1702 388 1736 ⁸³
411 1717 424 1732 ·
455 1701 489 1773 ἢ
525 1701 680 1771 παρὰ
705 1701 769 1753 τὸ
801 1699 1004 1771 μέτρον
1027 1698 1202 1770 αὐτῆς
1220 1713 1236 1729 ·
1264 1699 1326 1754 τὸ
1354 1699 1538 1773 τρίτον
1565 1701 1653 1773 γάι

1879 1719 1954 1757 nov
2011 1701 2154 1758 idem
2212 1705 2488 1772 dixerunt,
2521 1721 2551 1759 a
2604 1705 2872 1772 donando,
2902 1708 3047 1777 quod
3077 1707 3172 1762 illa
3230 1716 3387 1778 parte

88 1796 213 1848 ἐστι
238 1792 342 1864 τῆς
369 1791 682 1863 σπιθαμῆς·
713 1792 789 1856 ὡς
815 1791 912 1845 καὶ
943 1791 1230 1863 Ὅμηρος·

1879 1814 1978 1854 nus
2008 1798 2063 1853 in
2096 1800 2414 1856 muneribus
2461 1800 2758 1872 largiendis
2801 1803 3049 1870 utimur;
3109 1802 3196 1858 vel
3237 1799 3382 1873 quod

90 1887 416 1958 hujusmodi
454 1887 753 1959 digitorum
811 1901 1090 1954 mensura,
1115 1885 1273 1941 tertia
1332 1885 1588 1943 videlicet
1626 1889 1793 1958 palmi
1838 1892 2041 1964 portio,
2059 1893 2234 1951 doron
2277 1894 2524 1952 dicitur:
2561 1904 2621 1950 ut
2665 1895 2809 1967 apud
2838 1893 3136 1952 Homerum
3157 1904 3262 1963 eat,
3291 1891 3388 1964 qui

88 1979 209 2034 ait:

172 2096 284 2150 Τοῦ
314 2094 460 2164 κέρα
493 2093 562 2149 ἐκ
601 2093 876 2166 κεφαλῆς
903 2095 1391 2167 ἑκκαιδεκάδωρα
1411 2098 1469 2174 ⁸⁸.
1491 2099 1650 2174 πεέρῤ

1879 2101 1964 2157 ica:
1996 2101 2096 2172 illi;
2119 2112 2277 2173 atque
2313 2101 2490 2158 decem
2515 2102 2816 2173 palmorum
2846 2118 3046 2158 cornua
3069 2114 3312 2174 surgunt.

1449 2165 1682 2240 [κειω.

90 2257 212 2313 Καὶ
233 2257 312 2324 ὡς
342 2258 405 2312 τό
423 2275 438 2290 ·

183 2349 331 2406 Ἰδοὺ
357 2352 698 2418 παλαιστὰς
725 2350 870 2408 ἔθου
899 2352 1005 2418 τὰς
1037 2351 1268 2422 ἡμέρας
1286 2369 1407 2422 μου
1429 2367 1445 2384 ·

91 2443 226 2498 ἀντὶ
270 2441 366 2497 τοῦ
397 2444 709 2515 μετρητάς·
740 2443 1125 2515 κοιλαινομένη
1157 2443 1216 2498 δὲ
1262 2445 1408 2499 κατὰ
1442 2437 1607 2518 βάθος
1657 2447 1691 2518 ἡ

93 2533 422 2609 παλαιστὴ,
467 2540 696 2607 κοτύλη
750 2536 1259 2610 ὠνόμασται·δθεν
1315 2539 1414 2593 καὶ
1464 2539 1546 2605 τὸ,
1595 2555 1694 2593 κο-

92 2629 510 2698 τυλήρυτον-⁸⁷
539 2625 686 2700 αἷμα
733 2630 830 2703 (ι)·
887 2631 978 2684 διὰ
1023 2630 1085 2684 τὸ
1124 2631 1182 2684 ὲν
1231 2630 1309 2703 τῷ
1365 2631 1534 2702 κοίλῳ
1592 2631 1694 2703 τῆς

90 2725 290 2796 χειρὸς
356 2721 648 2794 ἀρύεσθαι.
714 2723 1089 2793 Διισταμένων
1156 2721 1216 2777 δὲ
1288 2721 1398 2778 τῶν
1489 2724 1697 2778 δακτύ-

91 2815 296 2882 law”,
333 2815 441 2869 ἀπὸ
479 2815 574 2868 τοῦ
617 2815 816 2887 μικροῦ
842 2814 1114 2868 δακτύλου
1161 2815 1270 2879 ἓως
1315 2815 1412 2869 τοῦ
1455 2815 1698 2888 ἀντίχει-

99 2925 236 2978 ρος,
291 2907 575 2978 σπιθαμῆς
649 2907 928 2979 μέτρον“⁸⁹
987 2905 1374 2961 ἀποτελεῖται·
1438 2909 1698 2981 Σπιθαμὴ

93 3002 186 3064 δὲ,
242 2999 396 3073 παρὰ
443 3000 506 3054 τὸ
559 2999 928 3072 ἀποσπασμὸν
989 3002 1167 3054 ποιεῖν
1225 2999 1332 3055 τῶν
1392 2999 1696 3067 δακτύλων,

91 3094 134 3165 ἢ
176 3093 512 3147 διασπᾶσθαι
556 3094 659 3166 τὴν
685 3094 816 3166 ὃλην
845 3095 1026 3166 χεῖρα.
1075 3093 1140 3147 Ἢ
1170 3094 1228 3148 δὲ
1261 3091 1518 3166 σπιθαμὴ
1550 3095 1700 3148 ποιεῖ

97 3187 213 3258 μὲν
264 3186 571 3251 παλαιστὰς
599 3189 772 3259 τρεῖς,
819 3187 1120 3253 δακτύλους
1161 3187 1220 3242 δὲ
1263 3185 1496 3241 δώδεκα.
1562 3185 1698 3240 Ἀπὸ

93 3280 164 3334 δὲ
221 3280 317 3334 τοῦ
372 3280 616 3352 μεγάλου
669 3280 932 3334 δακτύλου
974 3280 1081 3345 ἕως
1125 3279 1219 3335 τοῦ
1259 3279 1481 3352 λιχανοῦ
1539 3296 1700 3350 μεταο

95 3371 406 3437 κονδύλιον,
449 3371 732 3427 δακτύλων
779 3372 934 3427 δέκα.
986 3373 1101 3428 Καὶ
1146 3373 1254 3427 ἀπὸ
1301 3372 1396 3426 τοῦ
1448 3373 1698 3443 ἀγκῶνος

1860 2259 2022 2325 Nam,
2064 2277 2189 2316 cum
2225 2260 2408 2332 palma
2439 2260 2557 2330 ipsa
2611 2259 2670 2324 in,
2707 2275 3014 2316 concavum
3060 2261 3192 2329 coit,
3224 2260 3384 2314 κοτύ-

1792 2351 1909 2424 λην,
1932 2353 2079 2424 quod
2102 2369 2204 2409 nos
2238 2354 2588 2408 acetabulum
2617 2351 2878 2418 dicimus,
2915 2363 3219 2423 nuncupat,
3247 2353 3391 2408 unde

1793 2457 1848 2502 et
1874 2448 2184 2511 humorem,
2221 2447 2495 2502 acetabuli
2547 2443 2840 2509 mensurae,
2869 2446 3273 2501 acetabularem
3301 2446 3389 2502 di-

1795 2555 1918 2595 cere
1938 2539 2345 2596 consuevimus.
2373 2538 2514 2594 Cum
2542 2552 2724 2594 autem
2752 2539 2927 2609 pollex
2951 2554 3117 2610 quam
3154 2539 3391 2595 maxime

1797 2631 1911 2686 ﬁeri
1967 2633 2142 2704 possit
2203 2648 2238 2687 a
2288 2632 2521 2688 minimo
2573 2633 2746 2703 digito
2805 2632 3171 2701 distenditur,
3225 2631 3392 2702 palmi

1799 2742 2072 2782 mensura:
2095 2725 2424 2780 constitutio
2449 2725 2530 2781 lit.
2563 2723 2844 2796 Siquidem
2880 2723 3097 2794 palmus
3143 2727 3392 2795 σπιταμή

1799 2837 1827 2876 a
1859 2819 2063 2877 Graecis
2085 2818 2194 2875 ἀπὸ
2222 2819 2315 2874 τοῦ
2343 2820 2593 2892 σπασμὸν
2612 2821 2784 2874 ποιεῖν
2797 2818 2908 2872 τῶν
2925 2815 3225 2881 δακτύλων,
3251 2814 3392 2886 quod

1798 2913 2048 2969 videlicet
2085 2914 2374 2985 digitorum
2427 2915 2801 2984 expansionem
2844 2912 3057 2983 eﬂiciat,
3085 2910 3201 2967 sive
3251 2909 3393 2980 quod

1801 3015 1969 3060 totam
1996 3022 2212 3060 manum
2234 3005 2526 3073 distrahat,
2558 3012 2931 3076 nuncupatur.
2960 3000 3185 3057 Palmus
3208 3012 3393 3055 autem

1800 3100 2000 3154 trinam
2036 3108 2275 3170 quatuor
2297 3098 2530 3154 invicem
2557 3098 2875 3153 coeuntium
2901 3095 3220 3168 digitorum,
3245 3093 3392 3163 quod

1799 3206 1918 3247 esse
1944 3189 2117 3263 δῶρον
2156 3189 2418 3258 diximus,
2441 3204 2760 3245 mensuram
2787 3187 2972 3253 edicit,
3008 3188 3064 3243 in
3088 3202 3196 3258 qua
3232 3185 3390 3258 digiti
3445 3255 3451 3261 ,

1799 3281 2039 3339 duodeni
2084 3291 2464 3339 numerantur.
2503 3283 2575 3337 At
2601 3283 2646 3338 si
2674 3282 2926 3353 pollicem
2958 3296 3122 3352 quam
3158 3280 3396 3336 maxime

1801 3375 1870 3430 ab
1921 3374 2104 3430 indice
2154 3372 2491 3440 extenderis,
2527 3373 2730 3430 denum
2787 3373 3082 3443 digitorum
3134 3386 3396 3427 mensura

97 3465 251 3532 πρὸς
279 3464 340 3518 τὸ
371 3465 468 3519 τοῦ
508 3465 675 3535 μέσου
704 3465 974 3520 δακτύλου
1020 3464 1465 3536 μετακονδύλιον,
1489 3467 1653 3538 πήχει

1879 3465 2061 3533 ιιιιιαι,
2120 3481 2283 3538 quam
2351 3465 2524 3522 Graeci
2587 3465 3002 3536 μετακονδύλιον
3053 3472 3392 3533 nuncupant.

101 3557 348 3630 μέτρον·
380 3558 584 3629 ἀγκὼν
637 3559 696 3613 δὲ
740 3559 954 3632 εἴρηται
989 3559 1099 3613 ἀπὸ
1149 3559 1244 3612 τοῦ
1294 3559 1580 3630 ἐγκεῖσθαι
1617 3558 1696 3630 τῷ

99 3650 290 3722 ἑτέρῳ
327 3650 535 3722 ὀστέῳ·
585 3651 795 3724 ἢπαρὰ
833 3651 893 3706 τὸ
934 3652 1174 3723 ἀνέχειν,
1214 3652 1243 3706 ὅ
1272 3653 1423 3707 ἐστιν
1451 3651 1696 3724 ἐξέχειν·

97 3746 298 3816 πῆχυς
343 3745 400 3799 δὲ
426 3745 536 3800 ἀπὸ
562 3745 658 3800 τοῦ
709 3745 1055 3818 πεπηγέναι,
1090 3746 1123 3819 ἢ
1166 3746 1516 3819 περιχεῖσθαι
1545 3747 1701 3818 ἄκρῳ

94 3836 193 3909 τῷ
213 3837 262 3872 θ’
287 3835 556 3910 βραχίονι.
600 3839 969 3894 Ἐκταθεισῶν
1024 3836 1081 3894 δὲ
1123 3839 1233 3894 τῶν
1265 3840 1360 3895 δύο
1409 3839 1608 3912 χειρῶν
1641 3838 1704 3906 ἐξ

97 3933 362 4004 ἀλλήλων
377 3933 420 3964 ³⁸
454 3933 534 3997 εἰς
564 3932 636 3986 τὰ
673 3933 898 4002 πλάγια,
931 3933 1140 4005 ὀργυῒα
1157 3935 1203 3966 ⁸⁸
1236 3933 1458 4004 λέγεται
1479 3951 1492 3966 ·
1519 3933 1607 3988 διὰ
1639 3933 1702 3988 τὸ

96 4027 383 4080 ἐκτείνειν
427 4025 496 4080 τὰ
547 4028 701 4094 γυῖα,
757 4026 1008 4080 τουτέστι
1052 4027 1120 4082 τὰ
1145 4026 1256 4081 τῶν
1290 4026 1493 4098 χειρῶν
1526 4026 1699 4098 μέλη·

94 4117 439 4171 τέτακται⁹³
484 4117 542 4172 δὲ
608 4118 668 4171 τὸ
722 4122 852 4187 γυῖα
903 4119 1000 4172 καὶ
1061 4119 1156 4172 ἐπὶ
1214 4117 1323 4172 τῶν
1365 4117 1565 4184 ποδῶν,
1623 4117 1702 4182 ὡς

99 4213 372 4282 ὀμηρος
391 4227 409 4246 ·

1802 3561 2028 3626 Verum,
2052 3559 2195 3630 quod
2231 3558 2301 3614 ab
2353 3558 2483 3614 ulna
2521 3558 2587 3612 ad
2615 3558 2855 3614 medium
2898 3558 3127 3629 digitum
3154 3557 3395 3626 spatium

1805 3653 2113 3719 intercedit,
2150 3653 2368 3724 πήχεως
2414 3651 2637 3724 μέτρον,
2669 3651 2839 3707 cubiti
2872 3664 3186 3706 mensuram
3213 3648 3397 3719 appel-

1806 3746 1969 3802 lares.
2006 3743 2140 3801 Nam
2166 3746 2268 3816 ipsi
2323 3746 2532 3814 ulnam,
2585 3743 2809 3815 ἀγκῶνα
2837 3743 3110 3808 dictitant,
3162 3741 3270 3796 ἀπὸ
3299 3741 3396 3794 τοῦ

1807 3837 2084 3908 ἐγκεῖσθαι
2111 3837 2190 3910 τῷ
2220 3838 2392 3910 ἑτέρῳ
2422 3837 2614 3909 ὀστέῳ,
2656 3837 2796 3907 quod
2825 3835 3079 3892 videlicet
3105 3835 3262 3889 alteri
3287 3833 3398 3888 ossi

1807 3929 2057 3985 insideat.
2094 3928 2190 3986 Vel
2228 3931 2380 4002 παρὰ
2410 3930 2470 3983 τὸ
2500 3930 2735 4001 ἀνέχειν,
2767 3943 2798 3983 a
2854 3930 3106 4000 gestando
3147 3927 3402 3984 videlicet

1807 4025 2230 4095 sustinendoque.
2265 4023 2334 4078 At
2382 4023 2600 4079 cutibus
2628 4025 2806 4094 πῆχυς
2864 4022 2933 4076 ab
2970 4022 3104 4091 ipsis
3157 4019 3266 4074 ἀπὸ
3302 4019 3400 4074 τοῦ

1809 4116 2135 4188 πεπηγέναι,
2163 4116 2301 4186 quod
2330 4126 2662 4185 compactum
2721 4113 3246 4186 canglutinatumque
3289 4129 3402 4167 esse

1807 4208 2036 4265 diceres.
2098 4208 2193 4263 Vel
2253 4209 2404 4280 παρὰ
2440 4207 2501 4262 τὸ
2537 4208 2749 4279 χεῖσθαι
2814 4209 2970 4279 ἄκρῳ
3020 4206 3099 4278 τῷ
3127 4204 3398 4277 βραχίονι,

94 4307 256 4384 quod
286 4307 348 4361 ab
397 4317 630 4363 extremo
688 4306 912 4368 brachii,
965 4305 1118 4378 quasi
1159 4307 1337 4376 ﬂuxus
1398 4306 1616 4376 quidam
1639 4307 1730 4360 sit.
1772 4305 1908 4360 Cum
1968 4321 2191 4360 manum
2263 4313 2554 4376 utramque
2583 4306 2640 4360 in
2665 4306 2885 4376 obliqua
2919 4304 3137 4361 extendi
3173 4303 3399 4379 accidit,

97 4417 318 4475 passus
402 4409 787 4470 nuncupatur,
852 4399 930 4454 illi
983 4400 1210 4470 ὀργυῖαν
1268 4397 1653 4453 denominarur

1879 4398 1935 4469 ει
1982 4399 2069 4452 διὰ
2095 4399 2156 4452 τὸ
2189 4401 2454 4454 ἐκτείνειν
2510 4399 2580 4453 τὰ
2627 4402 2780 4469 γυῖα,
2838 4399 2978 4470 quod
3008 4398 3262 4454 videlicet
3287 4413 3403 4449 ma-

95 4512 284 4552 mmm
313 4495 615 4550 membrana
644 4494 937 4551 distendat.
971 4491 1045 4550 Ut
1073 4493 1343 4550 Homerus
1373 4495 1552 4565 inquit
1583 4513 1596 4548 :

97 4606 276 4664 Ιύἷα
296 4605 347 4660 δ’
387 4609 606 4676 έθηκεν
631 4589 885 4677 ἐλαφρὰ,
930 4603 1122 4669 πόδας
1161 4603 1262 4658 καὶ
1289 4603 1495 4730 χεῖραὲ
1521 4603 1704 4744 13.12313)-

1495 4691 1564 4728 εν
1608 4691 1654 4727 m
1689 4714 1702 4726 .

1495 4691 1702 4728 ενιηιι.

99 4800 282 4869 Ἔχει
309 4796 420 4868 δὲή
453 4795 650 4869 ὀργυῖα
671 4795 717 4828 ’⁸
750 4796 850 4848 σὺν
874 4792 1069 4848 πλάτει
1097 4791 1193 4846 τοῦ
1227 4791 1480 4886 στήθους,
1511 4793 1708 4864 πήχεις
1740 4830 1784 4886 D

92 4893 426 4962 τέσσαρας·
457 4889 764 4960 τηλικαῦτα
795 4887 852 4940 δὲ
887 4886 1031 4940 κατὰ
1051 4884 1286 4956 μέγεθος
1321 4877 1480 4938 οὖσαι
1507 4886 1564 4938 αἱ
1595 4886 1710 4954 χεῖ-

97 5001 239 5057 ρες,
275 4982 426 5036 κάτω
464 4978 780 5035 ὲκταθεῖσαι
813 4978 916 5032 οὐκ
949 4975 1271 5046 ὲφικοῢνται
1303 4972 1411 5029 τῶν
1447 4975 1709 5044 γονάτων,

98 5074 244 5132 ἀλλ’
275 5075 622 5130 ἀποδέουσαι.

195 5257 266 5310 Ai
299 5254 354 5310 δὲ
379 5255 850 5326 ,ἀποτελευτήσεις
889 5253 996 5307 τῶν
1028 5254 1085 5306 ὲν
1122 5254 1237 5317 τοῖς
1267 5249 1558 5314 δακτύλοις
1591 5247 1711 5304 νεύ-

197 5433 280 5506 (α)
313 5433 504 5491 Matth.
531 5448 685 5498 xxvi,
718 5429 808 5500 67;
841 5429 1010 5487 Marc.
1045 5448 1154 5496 xxv,
1181 5431 1270 5487 65.

1882 4600 2118 4654 Membra
2140 4600 2237 4654 levi
2260 4604 2404 4655 saltu
2430 4599 2650 4671 pedibus
2680 4599 3028 4668 superaddita
3051 4601 3234 4656 movit.

1887 4780 2018 4836 Nam
2043 4795 2236 4852 passus
2291 4788 2590 4848 quaternos
2612 4780 2829 4837 cubitos
2855 4780 3094 4852 pectoris
3118 4779 3405 4836 latitudine

1816 4876 2001 4931 addita
2049 4873 2316 4930 continet.
2375 4873 2571 4930 Manus
2621 4883 2809 4930 autem
2854 4875 3006 4946 ipse,
3044 4875 3402 4946 quantumvis

1765 5009 1775 5016 ..
1816 4982 2026 5040 magna:
2046 4967 2393 5034 exsistentes,
2420 4967 2466 5022 si
2506 4965 2648 5021 infra
2690 4967 3078 5033 extendantur,
3114 4967 3180 5022 ad
3224 4981 3402 5036 genua

1815 5077 1992 5133 usque
2018 5061 2229 5116 demitti
2259 5075 2369 5116 nou
2403 5068 2681 5130 poterunt,
2713 5059 2810 5116 sed
2843 5060 2996 5131 ipsas
3023 5059 3256 5116 deﬁcere
3284 5073 3405 5114 ma-

1815 5153 2014 5211 nifeste
2043 5154 2325 5225 inspicies.

1890 5247 2146 5304 Mannum
2198 5257 2381 5305 autem
2442 5247 2592 5316 linis,
2638 5256 2693 5303 et
2749 5261 3042 5303 nervorum
3073 5247 3168 5316 qui
3207 5244 3260 5298 in
3321 5243 3406 5297 di-

198 5591 254 5661 ?"
281 5589 704 5661 δενδροκὸλαφος
729 5589 791 5641 Α.
819 5587 979 5661 inter.
1003 5605 1019 5652 ;
1053 5588 1106 5661 in
1132 5595 1279 5661 testu
1307 5583 1672 5661 κολαφισμύς·
1703 5579 2100 5661 δενδοροκόλαιιρ
2127 5579 2190 5661 Β..
2268 5579 2314 5611 ⁸⁸
2341 5580 2686 5661 συνάγωνται
2715 5578 2772 5633 Β.
2847 5578 3065 5661 δίοιύτῴ
3206 5649 3216 5661 ⁴
3313 5579 3407 5661 ἐξ·

108 5646 508 5728 κεὸεκάδσιίρος
535 5646 628 5713 Β.’
673 5646 717 5691 έ⁷
757 5657 956 5728 κοτύλη
994 5646 1152 5729 ῥυτὸν
1183 5657 1245 5712 Α.
1292 5657 1368 5729 Α⁸⁸
1386 5646 1628 5729 δξκατὰ
1674 5646 1871 5729 μικρὸν
1900 5654 1958 5707 Β.
2035 5646 2085 5684 ⁸⁵
2111 5651 2334 5723 μέτροις
2377 5649 2438 5704 Β.
2495 5646 2559 5683 ’⁸ο
2591 5649 2669 5722 τῷ
2720 5668 2830 5706 om.
2869 5651 2932 5706 Β.
3005 5646 3048 5681 ’ί
3079 5648 3314 5704 ἀπ’ἁλλ.
3339 5646 3405 5706 C.

108 5739 176 5771 "
229 5723 447 5803 οὑργδὰ
496 5731 556 5784 Β.
631 5731 678 5762 ³³
709 5723 956 5793 τέταται,
987 5723 1240 5783 τέτταται
1292 5723 1354 5782 Β.
1433 5727 1480 5761 ’⁵
1500 5727 1730 5798 ούργυῖα
1759 5725 1820 5780 Β.

197 5867 280 6015 (iii
299 5868 376 6003 ti'.’
389 5870 470 6005 vi:
496 5866 627 5994 iis"

381 6038 652 6103 ΡΑτιιοι..
693 6038 809 6100 Gn.
838 6035 1045 6101 LXIV.

1893 5862 1989 5936 (m)
2022 5862 2078 5920 ιι.
2111 5861 2174 5931 E,
2207 5861 2326 5917 122.
2359 5904 2366 5914 .

2927 6018 3004 6086 42
