3792 6388
44 412 193 474 12δῖ

1293 410 1384 471 DE
1413 408 1704 472 NATURA
1741 403 2041 469 HOMINIS.

3181 399 3321 459 {258

46 533 161 590 bus
191 531 539 604 perficiendis
570 541 793 589 strenue
853 540 1122 601 utuntur;
1181 534 1328 592 unde
1375 534 1848 592 evidentissimum
1898 536 2282 600 argumentum
2333 523 2585 589 habetur,
2628 522 2909 578 dexteram
2952 519 3087 576 laeva
3136 523 3320 591 potio-

44 642 173 684 rem
205 629 528 699 neutiquam
561 643 704 696 esse,
737 631 1150 686 utrusticorum
1173 631 1399 702 quidam
1433 630 1642 702 opinati
1678 636 1828 691 sunt,
1862 625 1958 682 sed
1991 625 2067 680 ita
2099 624 2173 679 ob
2230 621 2595 678 eruditionem
2625 627 2680 674 et
2726 615 3020 672 ruditatem
3052 614 3200 686 ipsas
3227 615 3323 670 ha-

41 721 324 786 bentium,
351 739 382 777 a
407 724 585 792 primo
607 738 798 779 earum
833 724 1128 805 principio,
1151 725 1255 781 sub
1283 726 1384 780 hac
1414 723 1778 796 appellatione
1807 720 2197 774 demonstrata:
2227 724 2375 770 sunt.

125 814 249 866 Τῶν
303 813 360 867 δὲ
401 814 604 884 χειρῶν
643 813 714 868 τὰ
757 798 984 880 ἐσῶθεν,
1028 818 1124 869 καὶ
1162 815 1364 887 μᾶλλον
1407 819 1478 869 τὰ
1519 815 1673 876 τῶν,

1874 808 2070 864 terior-a
2125 816 2307 862 autem
2340 818 2624 866 manuum,
2655 801 2948 873 digitorum
2980 796 3285 870 praesertim
3309 838 3324 860 ,

43 905 338 959 δακτύλων
387 907 456 960 τὰ
482 905 526 937 ¹⁸
571 905 738 974 ἄκρα,
792 903 984 976 ὥσπερ
1025 905 1312 976 γνώμονας
1359 918 1517 970 τινας
1554 907 1639 968 είς

1904 915 2205 973 gnomonas
2264 897 2531 968 quosdam
2589 894 2656 949 ad
2720 903 2922 949 tactum
2985 892 3161 948 sortiti
3233 908 3329 944 sn-

44 995 153 1066 τὴν
187 995 334 1066 ἁφὴν
373 995 606 1065 ἔχομεν⁸
657 995 725 1048 δι’
775 995 957 1049 αὐτῶν
1009 995 1367 1068 ἀκρισοῦντες
1405 996 1466 1050 τδ
1494 995 1638 1048 λεῖον

47 1089 150 1142 καὶ¹
179 1089 379 1160 τραχὺ,
415 1088 516 1141 καὶ
561 1088 765 1159 ὁμαλὸν
799 1089 898 1143 καὶ
929 1088 1251 1161 ἀνώμαλον*
1305 1089 1640 1160 ἀκριϐεστάο

47 1197 154 1251 την
205 1181 315 1251 γὰρ
360 1179 472 1250 ἔχει
523 1179 732 1252 ταύτην
795 1181 896 1248 τὴν
976 1179 1234 1250 αἴσθησιν
1293 1181 1403 1234 τῶν
1461 1180 1640 1234 ἄλλων

51 1272 218 1336 ζώων
268 1275 297 1325 ὁ
328 1271 616 1343 ἄνθρωπος
661 1273 724 1326 ⁸⁷.
765 1273 849 1326 Οὐ
887 1273 1049 1342 μόνον
1088 1273 1200 1343 γὰρ
1253 1271 1641 1343 ἁντιληπτικὺν

49 1365 299 1434 δργανον
338 1366 372 1417 ιό
428 1365 772 1435 Δημιουργδς
823 1365 922 1428 τὰς
967 1367 1164 1436 χεῖρας
1213 1364 1640 1430 κατεσκεύασεν,

49 1453 199 1506 ἀλλὰ
252 1451 348 1506 καὶ
400 1453 671 1508 ὰπτικόνο
735 1455 824 1507 διὰ
870 1455 1033 1508 τοῦτο
1071 1454 1167 1509 καὶ
1220 1455 1398 1527 δέρμα
1445 1454 1640 1508 λεπτό-

48 1562 222 1616 τερον
265 1545 470 1616 ἔχουσι,
514 1545 609 1598 καὶ
652 1545 760 1617 μῦς
786 1547 980 1611 αὑταῖς
1015 1547 1364 1617 ὑπέστρωται
1399 1547 1600 1603 ἔσωθεν
1623 1564 1638 1579 ⁸

53 1642 158 1688 καὶ
184 1638 384 1706 τριχῶν
415 1635 728 1708 ἀμοιροῦσι,
763 1637 852 1691 ἵνα
900 1639 1102 1709 μᾶλλον
1126 1639 1236 1692 τῶν
1264 1640 1452 1692 ἁπτῶν
1495 1641 1645 1694 ἀντι-

53 1728 462 1799 λαμὸἀνωνται
491 1729 746 1800 τάχιστα.
793 1729 914 1784 Τῶν
943 1731 1000 1784 δὲ
1029 1732 1230 1803 χειρῶν
1257 1733 1314 1786 αἱ
1347 1733 1446 1803 μὲν
1481 1733 1646 1804 σκλη-

57 1821 312 1892 ρότεραι,
360 1820 496 1891 πρὸς
541 1819 826 1893 ἀντίληψιν
859 1823 998 1874 είσὶν
1045 1822 1415 1894 ίσχυρότεραι,
1456 1821 1646 1895 ῶσπερ

54 1913 172 1967 τῶν
199 1913 464 1985 γεωργῶν
500 1914 594 1968 καλ⁹
636 1913 1012 1984 κωπηλατῶνο
1061 1917 1119 1968 al.
1148 1915 1205 1968 δὲ
1257 1915 1646 1985 μαλακώτεραι

59 2007 206 2077 πρὸς
241 2006 340 2076 τὴν
373 2006 517 2077 ἁφὴν
558 2006 986 2079 ἀκρώέστερει,
1040 2006 1230 2080 ὥσπερ
1267 2009 1322 2060 αἱ
1354 2007 1462 2062 τῶν
1508 2024 1649 2080 γρα-

1741 1009 1865 1048 mus
1913 1011 1926 1046 :
1976 991 2176 1062 quibus
2212 1030 2227 1056 ,
2265 986 2410 1058 quod
2463 986 2633 1048 laeve,
2681 1000 2974 1054 asperum,
3012 982 3219 1053 aequale
3273 989 3324 1034 et

1743 1081 2009 1152 inaequale
2055 1090 2139 1136 est
2185 1089 2439 1134 accurate
2476 1075 2953 1146 deprehendimus.
3001 1072 3176 1128 llomo
3224 1088 3328 1126 au-

1742 1193 1850 1238 tem
1914 1191 2110 1253 praeter
2159 1181 2264 1235 alia
2314 1178 2570 1234 animalia
2637 1177 2728 1231 tali
2785 1176 3034 1230 sensorio
3090 1175 3330 1230 exactis-

1743 1275 1882 1330 sime
1914 1273 2172 1345 prazditus
2211 1279 2313 1327 est.
2361 1267 2479 1324 Non
2521 1267 2684 1325 modo
2744 1277 2926 1323 autem
2973 1282 3154 1322 rerum
3194 1265 3326 1336 Opi‘

1744 1369 1830 1423 fex
1859 1407 1874 1431 ,
1915 1381 2111 1421 manus
2159 1366 2325 1434 ipsas,
2360 1364 2783 1420 instrumentum
2844 1361 2910 1414 ad
2978 1375 3068 1415 res
3107 1358 3328 1430 capien-

1745 1459 1864 1523 das,
1897 1471 2087 1512 verum
2128 1457 2291 1509 etiam
2324 1454 2390 1508 ad
2423 1461 2603 1507 tactus
2632 1465 2826 1515 usum,
2855 1449 3142 1504 constituit
3166 1485 3182 1510 .
3227 1449 3328 1502 hac

1745 1551 1812 1604 de
1839 1564 2026 1612 causa,
2051 1548 2183 1618 ipsis
2203 1547 2400 1601 exilem
2425 1555 2628 1610 cutem,
2651 1543 3064 1612 musculosque,
3093 1542 3322 1597 interius

1746 1638 2170 1710 superinduxit;
2207 1652 2368 1708 quam
2421 1645 2632 1706 partem
2665 1634 2791 1714 pilis
2835 1635 2997 1688 etiam
3041 1642 3321 1688 vacantem

1745 1748 1869 1788 esse
1903 1731 2094 1795 voluit,
2125 1743 2237 1799 quo
2267 1727 2675 1798 quamprimum
2701 1725 2880 1781 omnis
2909 1725 3066 1796 123
3110 1725 3326 1795 generis

1747 1841 1838 1881 res
1883 1821 2369 1894 deprehenderent.
2424 1819 2705 1890 Siquidem
2766 1834 2964 1873 manus
3009 1833 3128 1888 qua!
3171 1833 3334 1888 aspe-

1751 1917 1926 1972 riores
1966 1924 2119 1978 sunt,
2158 1922 2215 1968 ut
2250 1912 2618 1983 agricolarum
2646 1927 2710 1967 ac
2741 1912 3040 1982 remigum,
3079 1909 3334 1966 fortiores

1749 2017 2158 2087 validioresque
2199 2015 2492 2082 habentur,
2525 2014 2578 2068 in
2611 2022 2759 2068 tactu
2791 2027 2921 2068 vero
2946 2011 3216 2067 tardiores
3241 2011 3337 2067 he-

58 2099 217 2167 φέων
257 2098 292 2168 ἦ
339 2098 446 2151 τῶν
479 2097 732 2170 ῥαπτῶν·
763 2099 860 2152 καὶ
891 2099 1000 2169 γὰρ
1031 2098 1141 2151 τῶν
1173 2097 1402 2170 νεύρων,
1446 2099 1515 2153 τὰ
1549 2100 1649 2169 μὲν

1874 2124 2120 2182 oresque.
2153 2107 2286 2176 Qua:
2315 2123 2444 2162 vero
2466 2107 2764 2172 molliores,
2793 2106 2982 2176 quales
3004 2103 3335 2174 scriptorum

61 2190 285 2261 σκληρὰ
318 2189 456 2260 πρὸς
503 2189 743 2260 κίνησιν,
771 2189 841 2244 τὰ
867 2189 922 2243 δὲ
975 2189 1199 2260 μαλακὰ
1229 2190 1366 2262 πρὸς
1401 2190 1652 2261 αἴσθησίν
1686 2175 1726 2229 Β

58 2287 208 2337 εἰσιν
233 2284 276 2317 ’⁸
310 2283 745 2354 ἐπιτηδειότερα.
777 2281 964 2337 Ταῦτα
994 2282 1052 2336 δὲ
1085 2285 1181 2338 καὶ
1201 2284 1299 2353 τῆς
1328 2283 1476 2354 ἁφῆς
1504 2287 1653 2337 ἐστιν

59 2376 298 2446 ῦργανα’
323 2374 412 2428 διὰ
433 2373 542 2446 γὰρ
565 2375 770 2427 τούτων
795 2374 828 2443 ὴ
853 2372 954 2443 τῆς
976 2373 1122 2444 ἁφῆς
1144 2373 1400 2444 αἴσθησις
1421 2375 1650 2443 γίνεται·

62 2466 282 2540 Θερμοῦ
327 2468 423 2522 καὶ
447 2465 684 2539 ψυχροῦ,
711 2465 884 2537 ὑγροῦ
914 2467 1011 2520 καὶ
1041 2466 1233 2537 ξηροῦ,
1273 2469 1368 2520 καὶ
1397 2465 1506 2520 τῶν
1531 2466 1656 2520 τού-

60 2576 187 2622 τοις
233 2559 539 2630 ἑπομένων.
594 2560 702 2613 Καὶ
743 2557 918 2612 ταῦτα
961 2559 1060 2628 μὲν
1084 2559 1154 2613 τὰ
1187 2560 1252 2612 ὲκ
1281 2559 1652 2630 κατασκευῆς,

62 2654 172 2706 καὶ
219 2651 484 2722 φυσικῶς,
518 2651 614 2706 καὶ
642 2652 730 2706 διὰ
762 2651 1056 2723 μαθήσεως
1083 2653 1359 2723 προσόντα
1386 2655 1454 2724 τῇ
1475 2653 1620 2725 χειρί
1637 2671 1653 2686 ·

63 2745 220 2814 ἅπερ
251 2745 308 2798 δὲ
355 2745 758 2814 ἑκσχετικοῖς¹⁹
811 2740 923 2798 οἷον
949 2745 1177 2814 ἀγάπης
1222 2745 1484 2816 κέκτηται
1522 2747 1658 2817 πρὸς

63 2839 197 2892 ὅλον
241 2838 302 2892 τὸ
356 2837 539 2909 σῶμα,
582 2837 705 2891 οὐδὲ
734 2837 982 2908 τυφλοῖς,
1020 2839 1049 2890 ὃ
1081 2853 1268 2906 φασιν,
1298 2829 1654 2908 myth-rat“-

67 2929 456 3002 Προσέπταισε
504 2929 616 3001 γὰρ
648 2929 729 2993 είς
768 2927 918 2983 λίθον
950 2930 980 2982 ὁ
1018 2929 1282 2994 δάκτυλος
1327 2929 1424 2983 τοῦ
1465 2929 1658 2997 ποδός;

65 3023 175 3078 καὶ
198 3023 334 3094 αὑτὴ
362 3022 524 3088 εὐθὺς
549 3022 806 3092 ὲρεθεῖσα
835 3022 881 3055 ⁸⁸
905 3023 1024 3076 ἐκεῖ
1052 3021 1470 3093 περιπλέκεται,
1502 3039 1660 3094 περι-

69 3115 343 3185 σφίγγει,
393 3115 753 3187 περισύρεται
810 3115 890 3187 τῷ
934 3115 1260 3187 ὸδυνωμένῳ
1279 3117 1348 3182 ”,
1403 3117 1501 3169 καὶ
1550 3110 1662 3170 οἷον

72 3207 441 3280 ἀσπαζομένη
491 3207 900 3281 παραμυθεῖται
947 3207 1046 3279 τὴν
1076 3205 1412 3262 ἐπελθοῦσαν
1445 3207 1660 3278 ὀδύνην.

74 3301 329 3355 Ἀκανθα
376 3301 625 3371 ὲνεπάγη
651 3301 730 3372 τῷ
771 3299 927 3365 ποδί;
963 3301 1058 3354 καὶ
1080 3300 1276 3354 σκόπει
1310 3300 1482 3374 αὐτὴν
1508 3318 1664 3372 περια-

69 3395 388 3466 τρέχουσαν
433 3393 587 3448 ἔνθεν
631 3393 890 3447 κάκεῖθεν
911 3393 981 3460 ’³,
1034 3393 1433 3458 ἑξελκύσασθαι
1458 3393 1666 3465 ταύτην

1757 2228 2160 2286 sutorumque,
2189 2213 2482 2268 debiliores
2533 2220 2700 2278 sunt,
2749 2226 2816 2266 ac
2875 2219 3020 2266 tactu
3063 2211 3340 2268 exactiore

1756 2317 2006 2364 utuntur.
2043 2303 2152 2359 Sed
2179 2311 2235 2358 et
2262 2301 2414 2357 nervi
2453 2299 2700 2371 quidam,
2734 2299 2787 2354 in
2825 2309 2974 2354 motu
3009 2299 3336 2368 asperiores,

1758 2401 1812 2455 in
1846 2413 2018 2455 sensu
2050 2410 2180 2451 vero
2216 2393 2498 2450 molliores
2537 2401 2694 2458 sunt;
2731 2401 2787 2446 et
2825 2391 2919 2461 qui
2962 2391 3154 2448 molles
3183 2401 3336 2458 sunt,

1762 2492 1829 2548 ad
1867 2500 2070 2546 tactum
2112 2486 2286 2559 magis
2319 2481 2834 2549 accommodantur,
2885 2482 3115 2552 illosque
3161 2491 3339 2538 tactus

1758 2599 1880 2640 esse
1912 2583 2275 2638 instrumenta
2310 2577 2565 2634 dicimus.
2599 2573 2806 2630 Horum
2851 2589 3088 2644 namque
3136 2573 3343 2631 instru-

1761 2687 2066 2731 mentorum
2094 2670 2292 2737 cilicio,
2315 2669 2549 2726 calidum
2580 2681 2644 2723 ac
2665 2664 2946 2736 frigidum,
2976 2665 3265 2720 humidum
3287 2674 3345 2721 et

1761 2768 1992 2831 siccum,
2023 2773 2224 2835 etquae
2251 2763 2355 2818 ista
2389 2770 2721 2831 sequuntur,
2769 2771 2867 2828 per
2897 2772 3118 2812 sensum
3166 2765 3344 2813 tactus

1761 2857 2164 2930 cognoscimus.
2209 2853 2277 2909 Et
2321 2852 2438 2908 hmc
2491 2851 2714 2922 quidem
2771 2859 2902 2904 sunt
2945 2863 3066 2919 qua:
3095 2864 3126 2905 a
3170 2849 3344 2920 prima

1763 2946 2178 3010 constitutione,
2209 2952 2408 2998 natura
2435 2949 2490 2997 et
2514 2937 2803 3009 disciplina
2825 2939 3079 2994 manibus
3107 2939 3240 3008 ipsis
3267 2938 3350 2994 in-

1765 3049 1910 3095 sunt.
1943 3039 2074 3104 Quae
2103 3051 2233 3090 vero
2263 3034 2332 3088 ad
2371 3041 2546 3087 talum
2576 3043 2798 3100 corpus,
2827 3038 3076 3099 respectu
3105 3028 3345 3100 quodam

1767 3129 2021 3188 manibus
2055 3126 2284 3192 insunt,
2313 3140 2475 3195 quem
2508 3137 2750 3178 amorem
2783 3130 2931 3178 recte
2961 3121 3220 3192 appellari
3247 3122 3348 3178 de-

1766 3231 1875 3288 cet,
1917 3235 1986 3275 ne
2022 3233 2204 3275 rerum
2235 3217 2457 3288 quidem
2491 3225 2701 3270 naturae
2725 3213 2948 3285 ignaros
2985 3214 3134 3270 latet.
3185 3212 3346 3280 Nam,

1767 3325 1893 3366 cum
1927 3309 2082 3380 pedis
2111 3307 2344 3376 digitum
2388 3305 2441 3359 in
2488 3304 2725 3370 lapidem
2775 3303 2998 3374 impingi
3043 3304 3346 3375 contingit,

1769 3410 1900 3456 tunc
1953 3399 2192 3470 primum
2249 3412 2446 3452 manus
2497 3395 2696 3451 ibidem
2739 3409 3057 3462 occurrens,
3107 3397 3350 3467 comple-

73 3487 516 3552 σπουδάζουσαν.
563 3487 757 3542 Ψύλλα
773 3487 817 3519 ⁸⁸
843 3487 943 3556 τὴν
971 3486 1216 3558 κεφαλὴν
1259 3487 1467 3556 ἐδηξεν,
1495 3486 1528 3557 ἦ
1566 3486 1664 3558 τὴν

1874 3493 1992 3558 ndo,
2019 3491 2363 3561 fovendoque
2381 3489 2590 3544 doloris
2623 3489 2804 3544 locum
2837 3489 3003 3545 solari
3044 3489 3258 3546 nititur.
3291 3489 3351 3546 Si

77 3580 287 3651 ράχινς
315 3580 407 3633 καὶ
457 3578 596 3650 μετὰ
649 3579 930 3643 συντονίας
975 3578 1112 3650 πρὸς
1167 3578 1382 3649 ἄμυναν
1439 3578 1662 3650 ἔδραμε.

74 3671 200 3726 Καὶ
227 3670 564 3738 ἁπαξαπλῶς
603 3672 785 3724 πᾶσαν
809 3671 1003 3742 ὀδύνην
1045 3670 1181 3724 ὅλων
1219 3670 1326 3723 τῶν
1353 3669 1447 3724 τοῦ
1481 3669 1668 3742 σῶμα·

74 3779 179 3826 τος
198 3763 243 3795 ⁸⁸
273 3763 476 3834 μορίων
527 3762 615 3817 διὰ
646 3763 746 3833 τῆς
800 3762 942 3834 ἁφῆς
990 3763 1164 3833 αὐτῆς
1193 3761 1289 3817 καὶ
1327 3762 1668 3835 περιπλοκῆς

76 3855 508 3924 καταπραΰνει·
565 3853 806 3909 τοσαῦτα
875 3856 1012 3927 αὐτῇ
1081 3857 1512 3928 προτερήματα,
1573 3859 1668 3913 καὶ

76 3949 396 4019 ὲνεργείας,
428 3949 523 4002 καὶ
551 3949 906 4020 εὐστροφίας,
943 3948 1076 4019 πρὸς
1120 3949 1477 4021 παραμυθίαν
1507 3951 1666 4023 ἡμῶν

77 4043 186 4095 καὶ
228 4042 452 4112 ἐτέρων,
496 4043 530 4112 ὴ
570 4043 638 4095 τὰ
683 4041 982 4110 σύμπαντα
1031 4041 1392 4113 οίκονομοῦσα
1437 4044 1668 4116 πρόνοια

79 4133 408 4202 ἐχαρίσατο,
453 4132 528 4196 ὡς
575 4132 711 4204 μηδὲ
743 4131 922 4203 ῥᾴδιον
951 4133 1224 4206 ἑφευρεῖν,
1269 4133 1468 4206 ἢκατὰ
1502 4136 1668 4208 μέρος

79 4227 107 4277 ὲ
117 4241 190 4277 πε
198 4223 422 4289 ξελθεῖν.

1773 3598 1904 3640 vero
1937 3598 2034 3655 pes
2083 3582 2238 3654 spina
2286 3581 2708 3653 eompungitur,
2758 3595 2955 3635 manus
3001 3580 3119 3651 ipsa
3165 3583 3354 3639 solerti

1775 3688 1941 3752 atque
1967 3685 2198 3730 actuoso
2239 3683 2392 3728 motu
2438 3689 2561 3729 sese
2603 3673 2810 3728 circum
2851 3673 3090 3744 undique
3121 3675 3352 3744 agendo,

1773 3768 2008 3824 educere
2040 3766 2187 3821 illam
2217 3763 2435 3835 satagit;
2465 3763 2511 3818 si
2536 3761 2757 3834 quando
2780 3763 2943 3833 capiti
2968 3773 3159 3818 nostro
3203 3766 3357 3835 pedi-

1775 3861 1963 3927 culus,
2022 3860 2137 3914 sive
2170 3858 2336 3914 dorso
2371 3858 2532 3928 pulex
2569 3855 2819 3912 aculeum
2890 3851 3170 3923 inﬁxerit,
3217 3859 3361 3914 ulci~

1773 3950 1959 4008 scendi
1986 3950 2105 4021 ejus
2119 3948 2291 4022 gratia
2316 3963 2510 4002 manus
2531 3947 2785 4002 ocissime
2803 3945 3060 4001 ferturJn
3083 3962 3358 4004 summam

1776 4053 1960 4100 autem
2009 4041 2299 4098 dicendum
2351 4051 2456 4106 est,
2497 4042 2642 4110 quod
2686 4053 3073 4109 quamcunque
3110 4041 3360 4109 corporis

1776 4137 1952 4194 nostri
1997 4143 2206 4206 partem
2233 4173 2249 4198 ,
2301 4132 2385 4187 vel
2439 4132 2760 4202 perspicuo,
2812 4132 2894 4186 vel
2940 4131 3126 4187 abdito
3169 4133 3361 4188 dolore

1775 4231 1952 4302 premi
2009 4225 2330 4296 contigerit,
2368 4239 2566 4280 manus
2611 4224 2764 4294 ipsa,
2799 4223 2963 4290 hinc,
3009 4224 3138 4280 inde
3181 4225 3359 4281 locum

81 4320 501 4392 pertractanda,
564 4321 817 4377 nonnihil
862 4323 984 4394 Opis
1035 4324 1229 4381 afferre
1273 4327 1474 4393 studet,
1530 4327 1799 4397 siquidem
1842 4325 2049 4382 summi
2115 4321 2399 4378 Creatoris
2457 4321 2824 4392 providentia,
2877 4321 3125 4378 omnium
3187 4323 3360 4379 actio-

81 4432 249 4476 num.
274 4432 337 4472 ac
370 4417 667 4487 cujuslibet
699 4421 1096 4475 accommodati
1128 4423 1415 4489 motus,ad
1436 4423 1680 4478 solamen
1720 4431 1836 4477 tum
1866 4421 2192 4486 nostri,tum
2223 4417 2459 4473 aliorum
2485 4414 2758 4482 facientis,
2804 4415 3079 4488 primitias
3105 4417 3358 4474 manibus

81 4511 288 4582 largita
305 4521 388 4566 est
405 4551 418 4575 ,
439 4511 512 4564 ita
535 4518 594 4564 ut
612 4527 718 4566 non
739 4510 896 4566 facile
923 4513 992 4566 sit
1009 4515 1320 4585 singillatim
1343 4517 1525 4570 omnia
1557 4530 1897 4587 percurrere.

345 4625 488 4692 Κεφ.
529 4622 812 4680 ΚΗ’-ΚΘ’.
849 4656 917 4667 —
951 4627 1091 4694 Περὶ
1128 4627 1336 4698 μηρῶν
1367 4630 1432 4683 ’⁸.

167 4741 368 4794 Σκόπει
411 4739 466 4794 δὲ
505 4740 646 4809 μετὰ
672 4741 772 4804 τὰς
811 4743 1028 4811 χεῖρας,
1079 4743 1174 4796 καὶ
1207 4743 1318 4795 τῶν
1352 4741 1531 4795 ποδῶν
1572 4742 1673 4815 τὴν

82 4834 468 4905 κατασκευὴν,
494 4834 590 4887 καὶ
610 4833 712 4898 τὰς
743 4834 1010 4904 ἁρμονίας
1028 4835 1236 4887 τούτων
1254 4833 1348 4886 καὶ
1368 4833 1671 4902 ἐνεργείας

84 4927 216 4990 πῶς
266 4925 630 4996 μεταϐατικὸν
661 4925 893 4995 ὗργανον
934 4923 1028 4978 τοῦ
1073 4924 1273 4987 παντὸς
1318 4924 1603 4994 σώματος,
1640 4927 1673 4995 ἡ

85 5019 265 5090 φύσις
295 5021 330 5089 ἡ
365 5017 696 5088 δημιουργὸς
719 5017 764 5048 ³⁷
795 5017 995 5080 αὐτοὺς
1029 5016 1378 5086 ὲτεχνάσατο.
1411 5017 1522 5071 Καὶ
1556 5016 1674 5080 πῶς

85 5112 202 5182 τὴν
243 5110 384 5164 κατὰ
418 5108 526 5164 τῶν
573 5109 753 5164 τόπων
775 5109 820 5140 ⁸⁸
855 5107 1072 5178 κίνησιν
1112 5107 1200 5160 διὰ
1241 5106 1448 5161 τούτων
1489 5109 1676 5162 ποιού-

90 5201 278 5276 μεθα;
308 5203 406 5256 Διὰ
433 5202 534 5273 τῆς
565 5201 688 5256 καθ’
719 5201 896 5274 ὁρμὴν
919 5201 964 5234 ³⁸
1010 5203 1299 5271 κινήσεως,
1348 5201 1468 5272 ἦτοι
1505 5217 1676 5271 μετα-

86 5295 353 5364 σατικῆς.
419 5291 576 5348 Ἐστι
630 5293 686 5348 δὲ
739 5291 1078 5364 μεταϐατικὴ
1131 5292 1358 5362 κίνησις.
1380 5291 1490 5345 τῶν
1539 5291 1678 5345 ὅλων

84 5384 196 5441 τοῦ
220 5385 265 5417 ⁸⁸
289 5383 544 5456 σώματος
570 5401 634 5456 με
645 5385 752 5456 ρῶν
775 5384 897 5438 καθ’
920 5382 1095 5456 ὁρμὴν
1122 5384 1446 5455 γινομένων·
1472 5384 1679 5456 κατάρ-

86 5494 291 5548 χοντος
323 5477 423 5547 μὲν
445 5476 540 5531 τοῦ
579 5475 934 5548 ἡγεμονικοῦ,
965 5474 1370 5549 ὑπηρετοῦντος
1395 5475 1467 5528 δὲ’
1489 5475 1583 5529 τοῦ
1617 5477 1676 5528 εν

178 5634 450 5718 fragm.
485 5633 548 5690 Β.
625 5635 666 5668 ⁸⁷
690 5634 904 5718 ὁβνθρ.
937 5635 1140 5718 τιρλλ..
1169 5633 1219 5700 ζ.
1378 5636 1436 5718 ,ξε
1471 5637 1610 5718 εί-σὶν
1637 5649 1757 5718 om:

2039 4627 2174 4699 Cap.
2211 4623 2652 4681 XXVIII-XXIX.
2679 4653 2750 4666 -
2778 4624 2854 4681 De
2883 4625 3123 4696 pedibus.

1841 4745 1945 4800 Sed
1989 4760 2019 4800 a
2066 4751 2176 4799 tam
2212 4741 2362 4798 vario
2392 4757 2654 4798 manuum
2688 4757 2871 4812 opere,
2903 4742 2970 4797 ad
3005 4741 3200 4813 pedum
3231 4758 3363 4800 con-

1784 4835 2144 4898 stitutionem,
2170 4841 2224 4887 et
2273 4831 2573 4888 concinnas
2623 4831 2915 4887 admodum
2977 4832 3362 4904 olliciosasque

1783 4929 2024 4983 actiones
2071 4924 2498 4980 considerandas
2521 4933 2892 4991 transeamus;
2929 4941 3166 4994 quonam
3202 4937 3362 4997 pacto

1785 5035 1968 5074 rerum
2001 5016 2181 5089 opifex
2209 5017 2373 5088 pedes
2398 5017 2546 5088 ipsos
2568 5017 2993 5072 instrumentum
3024 5019 3090 5074 ad
3115 5022 3364 5090 corporis

1788 5111 2078 5166 transitum
2139 5110 2446 5180 delegatum
2494 5109 2860 5164 constituerit.
2895 5107 3033 5164 Tum
3085 5112 3362 5182 quomodo

1787 5203 1982 5257 horum
2027 5198 2203 5256 ofﬁcio
2227 5200 2333 5255 loci
2362 5199 2721 5254 mutationem
2747 5209 2897 5254 motu
2934 5201 3200 5258 transitus
3247 5219 3344 5272 per

1786 5292 2017 5362 agimus.
2039 5289 2174 5345 Nam
2199 5289 2465 5345 transitus
2485 5289 2798 5358 motus,qui
2830 5289 2881 5343 in
2911 5291 3167 5347 omnibus
3192 5293 3362 5348 totius

1787 5384 2035 5454 corporis
2063 5381 2313 5452 partibus
2336 5389 2441 5446 est,
2471 5396 2597 5436 cum
2640 5380 2844 5450 impetu
2881 5381 2974 5445 fit,
3007 5382 3062 5437 in
3091 5397 3204 5453 quo
3239 5384 3363 5438 om-

1785 5474 1894 5542 cio,
1925 5471 2246 5544 principalis
2275 5471 2470 5526 animae
2501 5473 2673 5542 partis
2706 5471 2790 5526 vis
2832 5473 3174 5529 dominatum
3221 5475 3364 5530 obti.

1938 5633 2344 5716 ξολὲκσᾈεῖικῆς
2514 5633 2579 5716 53f
2617 5632 2854 5716 σχέςευξς
2899 5632 3019 5716 ἥξοι
3062 5632 3120 5699 ἒξ
3155 5633 3247 5701 ἀγ.

88 5709 150 5742 ⁸⁸
176 5704 268 5776 διὰ
292 5706 395 5774 τῆς
448 5700 882 5775 καταμηνύσεως
910 5700 1178 5769 τοῦ’νοός.
1223 5708 1347 5762 add.
1378 5705 1438 5761 Β.
1515 5706 1558 5737 ³⁸
1600 5705 1886 5776 εὑρεθεῖσα
1914 5703 1954 5756 Β
1978 5702 2043 5758 P.
2113 5700 2159 5776 if
2190 5700 2505 5776 ὀξυνομὲ-νῳΔ
2524 5700 2606 5776 B._
2652 5700 2710 5776 ’ξδ
2739 5701 2853 5776 ενθ.
2887 5700 3270 5776 κᾶ-κη-ιπερισιέρἐ

92 5775 350 5861 ξξ.ψξ).).η
384 5777 445 5832 Β.
538 5777 586 5861 ξξ
616 5775 887 5861 παριμρδ.
928 5777 1030 5861 τὴν
1059 5793 1262 5861 τισωμ.
1299 5777 1379 5861 ολ.
1414 5793 1540 5861 μορ.
1579 5775 1831 5861 gaza.va
1861 5775 1894 5846 ἢ

92 5847 196 5919 ml
219 5845 350 5917 δημὲ
382 5863 494 5917 φυσ
547 5845 607 5902 Β·
683 5845 730 5880 ⁸⁸
746 5847 854 5908 τῶν
882 5845 1064 5902 τόπων
1089 5847 1153 5901 Α.
1184 5845 1325 5905 κατὰ
1371 5845 1532 5902 τόπον
1577 5845 1616 5900 Β
1653 5847 1709 5903 ιι,

1932 5773 2194 5843 ἀσφανῶν
2228 5774 2284 5828 Β.
2354 5771 2428 5805 ⁷³⁸
2463 5773 2542 5843 sic
2566 5771 2702 5827 Cod.
2738 5775 2808 5843 ᾼ.
2849 5774 2980 5842 περὶ⁵
3013 5771 3271 5832 Ποδῶνϊί
3305 5773 3368 5830 P.

1788 5848 1830 5878 ¹⁹
1864 5841 1988 5900 καθ’
2021 5841 2165 5916 ὃμὴν
2195 5846 2262 5903 Α.
2337 5843 2382 5877 ³ο
2422 5842 2516 5898 τοῦ
2562 5843 2688 5897 ὅλου
2740 5841 2803 5897 C.
