3792 6440
405 408 554 470 ’1159
1694 390 1902 449 MELE’]

2136 386 2321 446 ιΑσΗι
3532 388 3633 444 iit-‘4}

408 537 522 596 net,
550 525 773 597 spiritus
796 536 946 590 vero,
972 521 1068 593 qui
1096 519 1150 575 in
1185 518 1370 574 nervis
1420 515 1580 590 124
1606 516 1905 586 musculisq

2141 515 2194 576 ῖς
2225 511 2439 584 νεύροις
2479 509 2575 562 καὶ
2621 507 2755 578 μυσὶ
2799 507 3134 577 πνεύματος*
3172 521 3638 574 συνεκτεινομνιδ

411 618 608 674 insitus
640 625 744 680 est,
778 612 1068 669 ministerii
1093 610 1328 666 ciliciqu
1361 619 1560 682 expiet,
1593 610 1686 678 qui
1721 626 1825 664 una
1851 625 1908 663 cu

2145 603 2291 669 ύτοις
2321 603 2416 656 κει)⁵
2461 601 2853 673 περιφέροντος
2884 599 2956 652 τὰ
2989 600 3162 671 μέλη’
3197 600 3232 669 η
3261 598 3378 669 γὰρ
3417 607 3642 669 xi.qu

410 710 517 764 illis
555 706 916 773 contenditur,
953 705 1305 773 membraque
1331 702 1447 771 ipsa
1477 702 1848 771 circumagere
1869 717 1901 754 n

2150 711 2307 765 ναμις
2335 693 2475 764 αὕτη
2499 691 2649 744 ἐστὶν
2671 692 2704 760 ἡ
2733 691 2790 744 έν
2809 691 2922 753 τοῖς
2945 688 3163 760 νεύροις
3189 691 3293 742 καὶ
3326 688 3506 758 μυσὶν
3528 691 3647 756 svsp-

410 800 630 856 desinit.
671 796 963 851 Enimvero
989 837 1002 856 .
1055 795 1258 849 motiva
1307 782 1398 847 illa
1434 792 1665 853 facultas
1689 801 1806 856 est,
1836 807 1907 861 qu

2152 785 2276 846 ὒσα.
2306 784 2404 837 καὶ
2431 783 2494 835 τὸ
2525 781 2685 850 σῶμα
2710 779 2940 852 ὁχοῦσα⁸
2965 783 3048 834 ὅτι
3079 780 3216 834 αὐτὸ
3241 780 3291 812 ⁸⁸
3327 779 3438 849 μὲν
3463 779 3577 847 ὀχεῖ

411 890 627 961 corpori
662 903 761 944 ceu
788 887 1038 943 vehiculo
1065 886 1345 950 insidens,
1388 886 1442 939 in
1504 885 1688 940 nervis
1762 898 1908 939 musc

2158 874 2286 946 χικὴ
2328 873 2591 950 δύναμιςο
2624 873 2832 943 ὀχεῖται
2864 873 2924 927 δὲ
2962 873 3084 926 ὅλον
3122 873 3189 926 τὸ
3232 870 3413 940 σῶμα
3453 871 3543 923 διὰ

411 984 588 1054 lisque
635 981 878 1037 actiones
917 995 1047 1035 suas
1100 978 1354 1033 ostendit.
1392 977 1513 1046 Ipsa
1555 985 1736 1031 autem
1781 975 1908 1032 moti

2163 985 2190 1020 ν
2224 965 2399 1020 ποδῶν
2431 964 2809 1036 μεταϐάσεως.
2870 964 3115 1035 Ἐδείχθη
3156 963 3273 1036 γὰρ
3313 965 3408 1016 ὅτι
3455 963 3560 1014 ὅσα
3592 963 3657 1014 διὰ

413 1072 664 1138 facultas,
701 1077 887 1140 utpote
911 1069 1108 1123 animae
1129 1071 1244 1133 vis,
1279 1076 1450 1123 totum
1492 1081 1693 1138 corpus
1736 1077 1910 1122 DOSll'l

2162 1057 2293 1130 ὅρων
2318 1056 2414 1110 καὶ
2442 1055 2595 1126 μυῶν
2620 1057 2876 1121 κινεῖται,
2905 1054 3117 1125 ψυχικά
3141 1055 3204 1107 τέ
3230 1059 3384 1115 εστι,
3417 1056 3522 1105 καὶ
3547 1056 3659 1105 uti

411 1164 562 1219 vehit
590 1181 604 1215 :
636 1161 732 1217 sed
761 1171 814 1216 et
847 1159 940 1214 illa
975 1159 1216 1214 vicissim
1240 1198 1254 1224 ,
1288 1157 1516 1228 pedibus
1551 1156 1817 1212 transitus
1865 1171 1908 1209 m

2165 1151 2409 1223 οαίρεσιν
2445 1150 2813 1204 ἀποτελεῖται.
2878 1149 3110 1218 Ὁμοίως
3158 1148 3254 1200 καὶ
3303 1147 3380 1198 τὰ
3414 1146 3661 1214 ὀργανικὰ

414 1256 507 1311 nia
534 1252 916 1324 peragentibus
940 1293 955 1318 ,
995 1266 1026 1305 a
1065 1265 1292 1320 corpore
1315 1249 1550 1305 vehitur.
1585 1247 1720 1303 Nam
1756 1249 1908 1318 prius

2168 1261 2266 1299 ντα
2285 1260 2300 1274 ·
2331 1242 2477 1297 τὰδὲ
2501 1243 2772 1314 ὀργανικὰ
2804 1243 3086 1294 σκοπεῖται
3110 1241 3256 1293 κατὰ
3290 1238 3526 1307 σχῆμα,
3553 1242 3664 1290 κατὰ

415 1345 574 1399 nobis
599 1344 1032 1398 demonstratum
1065 1348 1167 1405 est,
1201 1340 1345 1411 quod
1371 1355 1710 1411 quaecunque
1738 1354 1835 1410 per
1859 1355 1912 1394 nt

2171 1331 2344 1403 γεθος,
2379 1331 2521 1386 κατὰ
2547 1329 2802 1402 ἀριθμὸν,
2827 1330 2969 1383 κατὰ
2999 1329 3174 1383 θέσιν.
3212 1330 3279 1382 Et
3316 1327 3440 1396 γὰρ
3471 1328 3572 1380 καὶ
3599 1330 3668 1379 ἐν.

415 1452 516 1491 vos
566 1434 952 1502 musculosque
999 1441 1308 1498 moventur,
1354 1447 1421 1486 ex
1472 1433 1669 1488 anima:
1717 1431 1912 1487 faculta

2176 1421 2415 1495 ηπτικὴν
2446 1422 2630 1494 ήζχεὶρ
2659 1421 2944 1490 ἐνέργειαν
2974 1419 3087 1489 ἔχει
3117 1420 3194 1483 ³³,
3231 1417 3437 1480 καθὼς
3472 1417 3505 1468 ὁ
3541 1416 3672 1483 λόγος

420 1527 521 1582 bus
573 1534 703 1582 sunt
755 1533 918 1596 atque
970 1525 1038 1578 ad
1085 1523 1259 1578 nostri
1293 1523 1579 1579 arbitrium
1633 1535 1917 1595 peraguntt

2174 1513 2324 1566 τόπιν
2339 1512 2646 1578 ἀπέδειξεν,
2669 1512 2784 1565 ἀλλ’
2805 1511 2906 1564 οὐκ
2927 1509 2993 1563 ἂν
3013 1510 3225 1578 γένοιτο
3243 1509 3398 1577 αὐτῇ
3419 1507 3470 1538 ³³

418 1615 545 1671 Pari
602 1614 764 1668 modo
807 1614 971 1668 etiam
1019 1613 1449 1668 animadvertere
1473 1620 1703 1683 oportet,
1731 1628 1915 1684 quem:

2201 1601 2297 1655 τοῦ
2340 1601 2448 1657 τῶν
2479 1602 2760 1656 δακτύλων
2809 1600 3043 1673 ἀριθμοῦ
3092 1601 3310 1655 τελείου
3360 1600 3573 1663 δντος,
3603 1607 3676 1650 ni

421 1705 644 1760 modum
695 1701 1130 1758 instrumentalia
1177 1717 1301 1757 cum
1337 1702 1742 1773 magnitudine,
1791 1699 1918 1756 forn

2180 1713 2235 1748 τε
2279 1694 2530 1759 ἐλλιποῦς
2554 1695 2621 1756 ³⁸,
2675 1696 2813 1766 μήτε
2863 1694 3279 1758 πλεονάζοντος.
3353 1691 3537 1747 Ἀλλὰ
3591 1695 3677 1761 μὴν

425 1811 658 1852 numero
679 1797 896 1866 situque
925 1794 1277 1850 conveniunt.
1320 1793 1435 1850 Nisi
1476 1795 1620 1849 enim
1674 1808 1872 1849 manus

2182 1810 2189 1840 ι
2221 1787 2318 1842 τοῦ
2354 1788 2652 1859 σχήματος,
2687 1787 2763 1852 ὡς
2792 1782 2934 1842 εἶναι
2965 1787 3392 1858 διηπλωμένηνο
3430 1788 3542 1839 καὶ
3578 1789 3679 1846 τοέσς

421 1886 745 1956 capiendum
775 1861 968 1939 idonea
997 1883 1184 1950 fuerit,
1207 1883 1662 1953 quemadmodum
1699 1899 1872 1954 nuper
1895 1898 1918 1938 ε

2182 1880 2397 1945 ιτύλους
2429 1881 2504 1952 μὴ
2533 1881 2906 1948 ὲξισάζονταςο
2935 1882 3030 1938 καὶ
3057 1883 3115 1934 ὲν
3146 1881 3226 1951 τῷ
3261 1879 3539 1951 μεγέθει,
3565 1883 3679 1948 μήπ

417 1976 765 2047 plicavimus,
789 1975 934 2029 haud
964 1982 1109 2029 recte
1140 1973 1224 2044 agi
1252 1988 1375 2027 cum
1405 1974 1522 2043 ipsa
1543 1972 1769 2028 dixeris.
1799 1972 1865 2027 Et
1886 1988 1914 2027 u

2186 1974 2305 2046 ιρὰν
2326 1974 2468 2044 ἄγαν
2500 1969 2659 2039 εἶναι,
2697 1976 2835 2046 μήτε
2868 1975 3132 2047 μεγάλην·
3161 1977 3262 2028 καὶ
3290 1972 3454 2028 κατά
3481 1974 3588 2042 τὴν
3608 1972 3683 2023 δέ,

421 2067 577 2138 digiti
601 2067 704 2136 ipsi
731 2067 877 2121 omni
902 2079 970 2120 ex
999 2073 1154 2136 parte
1169 2064 1408 2134 perfecto
1429 2063 1516 2119 sui
1547 2078 1802 2128 numero,
1820 2077 1918 2134 neq

2218 2066 2299 2131 δὲ,
2338 2066 2414 2139 μὴ
2448 2065 2555 2134 ἔξω
2592 2066 2692 2138 τῆς
2721 2066 2865 2121 κατὰ
2908 2067 3069 2138 φύσιν
3103 2067 3279 2137 αὐτῆς
3328 2064 3684 2136 εὑρίσκεσθαι

422 2159 740 2225 deficienti,
795 2172 972 2229 neque
1012 2158 1294 2214 excedenti
1336 2157 1721 2223 constiterint,
1775 2157 1919 2212 vitial

1012 2158 1294 2214 excedenti
1336 2157 1721 2223 constiterint,
1775 2157 1995 2212 vitiatus
2101 2155 2507 2230 διαρθρώσεως.

422 2253 693 2310 censebis.
747 2250 854 2308 Sed
885 2261 940 2307 et
985 2251 1066 2307 uti
1097 2251 1268 2323 ﬁgura
1303 2266 1500 2308 manus
1531 2252 1838 2320 conveniat,
1861 2267 2001 2324 opus
2032 2261 2136 2318 est,
2167 2265 2222 2310 et
2247 2254 2547 2325 digitorum
2571 2253 2751 2325 impar
2802 2254 2938 2310 ordo
2964 2255 3017 2310 ei
3076 2255 3339 2311 decorem
3363 2253 3687 2318 aﬂ‘eramd

425 2363 607 2420 neque
646 2349 949 2419 longiorem
989 2347 1165 2417 ipsam
1216 2362 1381 2417 quam
1419 2361 1518 2418 par
1580 2347 1672 2412 sit,
1731 2361 1910 2417 neque
1951 2345 2258 2402 breviorem
2291 2361 2413 2403 esse
2465 2357 2698 2418 oportet.
2757 2346 3057 2415 Praeterea,
3094 2356 3150 2403 et
3197 2347 3355 2417 quod
3406 2346 3488 2401 ad
3539 2349 3688 2401 situ

427 2441 646 2506 attinet,
676 2439 754 2494 uti
786 2439 904 2508 ipsa
935 2436 1042 2494 sibi
1065 2451 1096 2491 a
1126 2445 1324 2492 natura
1357 2435 1688 2506 praescriptis
1729 2435 2273 2492 dearticuiationibus
2304 2445 2538 2492 constet.

494 2531 756 2588 Eamdem
804 2531 1022 2601 quidem
1074 2531 1343 2587 rationem
1386 2527 1773 2601 sapientissimi
1826 2521 1991 2585 reruri

2190 2529 2352 2584 Τοῦτο
2375 2528 2506 2598 γοῦν
2537 2529 2631 2583 καὶ
2655 2528 2748 2582 ἐπὶ
2777 2527 2885 2582 τῶν
2913 2526 3091 2582 ποδῶν
3113 2529 3148 2599 ἡ
3173 2526 3366 2581 πάντα
3396 2526 3591 2595 σοφῶς
3611 2531 3687 2579 καὶ

429 2620 647 2692 opitlcis
707 2617 1044 2690 Providentia
1093 2619 1258 2674 etiam
1328 2619 1385 2672 in
1448 2618 1678 2689 pedibus
1732 2617 1923 2674 ostend

2191 2621 2368 2692 ’έχνως
2427 2619 2790 2691 οἰκονομοῦσα
2845 2619 3070 2689 πρόνοια
3121 2618 3549 2689 ἐξειργάσατοο
3611 2620 3688 2670 κεί

426 2722 550 2782 quae
629 2709 762 2764 nulli
830 2707 972 2779 parti
1041 2722 1153 2763 non
1220 2707 1544 2778 peculiarem
1612 2707 1777 2762 situm
1836 2706 1923 2762 vol

2191 2715 2318 2785 ἱστῳ
2355 2711 2464 2767 τῶν
2498 2712 2704 2783 μορίων
2732 2712 2832 2784 τὴν
2867 2712 3079 2766 οἰκείαν
3113 2711 3284 2766 ἔδωκε
3314 2713 3366 2744 ³⁵
3399 2711 3587 2766 θέσιν.
3613 2713 3688 2764 ει-

425 2802 847 2875 praescripsisse.
879 2799 948 2855 Et
994 2800 1255 2871 quoniam
1293 2801 1422 2856 huic
1466 2800 1712 2868 animali,
1761 2799 1922 2856 homii

2192 2822 2225 2858 α
2256 2804 2366 2875 γὰρ
2392 2803 2472 2858 ὅτι
2501 2805 2566 2857 τὸ
2597 2803 2735 2868 ζῶον
2760 2803 2924 2858 τοῦτο
2952 2805 2980 2857 ὁ
3005 2802 3294 2875 ἄνθρωπος
3333 2806 3409 2874 τῇ
3460 2803 3689 2874 9.31:6:-

428 2894 676 2965 inquam,
713 2889 977 2946 transitus
1031 2898 1180 2946 motu
1213 2889 1283 2946 ad
1338 2890 1459 2946 loca
1503 2890 1863 2962 permutanda

2192 2897 2232 2966 ιῇ
2273 2896 2485 2966 κινήσει
2527 2893 2722 2966 ἔμελλε
2763 2893 3036 2968 χρᾶσθαι,
3063 2897 3131 2966 τῇ
3175 2895 3289 2948 ἀπὸ
3329 2897 3517 2949 τόπου
3541 2897 3587 2928 κ
3615 2901 3689 2949 ἐπὶ

427 2999 568 3057 opus
626 2981 837 3046 fuerat;
866 2981 1113 3051 quaedam
1172 2995 1298 3037 ossa
1360 2996 1491 3036 cava
1521 3023 1536 3048 ,
1573 2981 1830 3036 nonnulla
1879 2997 1924 3052 p1

2191 3005 2289 3054 ιον,
2318 2988 2385 3041 τὰ
2417 2988 2515 3058 μὲν
2541 2987 2650 3043 τῶν
2673 2988 2846 3042 ὀστῶν
2876 2989 3032 3042 κοῖλα
3056 2988 3308 3058 ἐποίησε·
3344 2992 3472 3051 τοῖς
3503 2990 3566 3042 δὲ
3593 2990 3688 3052 ἐξοι-

430 3075 705 3132 minentiis
758 3071 1001 3142 praedita,
1029 3087 1152 3144 quae
1200 3073 1255 3127 in
1315 3087 1447 3130 cava
1496 3073 1613 3144 ipsa
1661 3073 1927 3144 ingredere

2190 3094 2208 3141 ;
2238 3079 2552 3152 εἰργάσατο’
2587 3075 2936 3149 ἐμϐάλλουσα
2957 3077 3002 3110 ⁸⁷
3031 3077 3204 3140 αὐτὰς
3227 3080 3314 3143 εἰς
3336 3077 3448 3143 τὰς
3479 3079 3594 3131 τῶν
3613 3081 3687 3134 ελ-

431 3179 520 3225 ιιιι·
551 3167 648 3222 Dei
667 3163 1004 3237 providentia
1034 3165 1335 3230 constituit,
1365 3179 1476 3236 quo
1505 3164 1785 3236 quodlibet
1815 3179 1878 3220 os
1909 3167 1928 3219 i

2190 3189 2216 3226 ν
2239 3171 2580 3240 κοιλότηταςο
2609 3171 2696 3226 ἵνα
2721 3173 2851 3243 περὶ
2871 3171 3044 3236 αὐτὰς
3060 3172 3104 3205 ³⁸
3137 3173 3374 3243 ποιῆται
3395 3172 3687 3242 τηνικαῦτα

426 3235 686 3329 ,Ῑυεωοάἷ
706 3253 953 3318 ordinem
990 3254 1267 3320 sortitum,
1299 3235 1578 3311 decentem
1631 3265 1840 3311 motum
1883 3271 1923 3325 μ

2191 3280 2209 3316 v
2261 3235 2511 3332 κίνησιν’
2549 3235 2840 3335 περιέδησέ
2875 3281 2934 3318 τε
2978 3235 3153 3319 ταῦτα
3193 3235 3578 3336 συ-νδεσμοῖς,
3616 3268 3688 3318 καὶ

431 3359 654 3422 ageret;
685 3356 746 3404 ut
779 3359 910 3402 vero
937 3356 1120 3404 motus
1153 3362 1384 3404 securus
1434 3346 1617 3412 ﬂeret,
1671 3348 1786 3404 haec
1817 3363 1927 3404 om:

2192 3358 2222 3416 ς
2265 3353 2372 3422 ἔξω
2403 3354 2717 3424 γενομένοις
2758 3354 2975 3424 ᾶμωσιν
3000 3356 3066 3388 ³⁸⁸
3111 3356 3342 3427 ἄμωνες
3369 3358 3422 3390 ⁸⁸
3467 3357 3534 3410 δέ
3575 3361 3689 3410 sim

433 3443 746 3515 ligamentis
776 3449 831 3498 et
881 3440 1094 3512 laqueis
1131 3439 1457 3510 quibusdam
1501 3455 1622 3511 qua:
1665 3440 1883 3512 ᾶμωνες

2190 3445 2293 3515 ›χαί
2320 3444 2363 3477 ⁸¹
2391 3463 2556 3511 τινες,
2585 3440 2696 3499 οἷον
2719 3446 2877 3516 τείχη
2908 3446 3190 3501 κωλύοντα
3209 3447 3256 3479 δ’
3281 3446 3394 3510 τὰς
3424 3447 3687 3518 ὲξαρθρὺ-

433 3534 544 3592 illis
567 3535 805 3591 exterius
838 3532 1102 3599 devinxit,
1134 3531 1350 3602 ᾶμωνες
1400 3540 1579 3586 autem
1624 3533 1865 3587 exterius
1905 3546 1930 3601 ι]

2193 3555 2227 3601 νς
2269 3537 2536 3606 γίνεσθαι.
2580 3537 2752 3591 Τοῦτο
2795 3538 2852 3592 δὲ
2881 3541 2930 3592 οἱ
2968 3541 3206 3610 τεχνῖται
3228 3540 3276 3572 ⁸³
3312 3540 3584 3593 ποιοῦσιν
3618 3540 3690 3592 ἐπὶ

435 3627 556 3683 sitm
596 3625 976 3695 prominentia
1004 3631 1156 3686 sunt,
1188 3637 1311 3692 qua:
1335 3636 1434 3692 pro
1462 3637 1713 3686 numero,
1750 3622 1815 3676 ad
1847 3637 1932 3678 ex:

2193 3645 2220 3682 ν
2255 3629 2342 3682 ἀεὶ
2373 3629 2637 3683 κινεῖσθαι
2670 3630 2973 3702 μελλόντων
3001 3630 3203 3702 θυρῶν,
3237 3632 3536 3703 στροφέας
3567 3634 3690 3693 τινὲς

435 3719 782 3778 ticulationes
825 3715 1154 3773 coercendas
1202 3713 1532 3768 consistunt.
1585 3710 1805 3767 Similes
1838 3725 1932 3780 qua

2190 3719 2256 3773 τὰ
2273 3719 2550 3790 λειότητος
2577 3723 3100 3788 κατασκευάζοντες·
3131 3722 3228 3793 τὴν
3251 3724 3592 3794 ἀεικίνητον
3604 3724 3687 3775 τᾶι

432 3812 558 3866 dam
612 3809 825 3865 ferrarii
893 3807 1116 3878 opiﬁces
1185 3805 1252 3860 ad
1322 3804 1510 3874 jugem
1574 3813 1929 3873 perpetuumq

2190 3809 2297 3881 ρῶν
2345 3811 2586 3876 εὐκόλως
2634 3811 2923 3884 ἐνέργειαν
2974 3814 3404 3886 προνοούμενοι.
3452 3817 3544 3868 Τὰ
3586 3815 3687 3883 τοῖν

433 3912 715 3966 valvarum
756 3917 965 3964 motum
1013 3905 1145 3962 ferri
1189 3917 1484 3974 compages
1515 3903 1792 3974 .levigatas
1825 3902 1930 3957 mol

2192 3923 2220 3957 ν
2260 3903 2500 3958 κοτυλῶν
2552 3904 2944 3977 σφαιρώματα,
2992 3908 3162 3978 ἧγουν
3198 3909 3332 3970 τοὺς
3370 3907 3688 3977 λεγομένας

436 4002 635 4059 solent.
663 3999 954 4055 Femorum
997 3997 1164 4066 igitur
1193 3995 1578 4059 rotunditates,
1615 4010 1739 4065 quae
1764 3994 1830 4048 ad
1853 4005 1933 4048 nal

2195 3996 2428 4063 ουτοὺς,
2446 4000 2566 4061 ταῖς
2599 3997 2850 4063 κοτύλαις
2886 3998 3224 4072 ὲνήρθρωσε·
3259 3999 3366 4072 τὴν
3397 4000 3502 4054 τοῦ
3540 3998 3688 4070 μηρῶ

437 4093 734 4150 circulares
769 4101 918 4155 sunt,
941 4106 1079 4159 quas
1097 4088 1356 4158 γλουτοὺς
1387 4087 1596 4151 dicunt,
1626 4087 1866 4156 ipsorum
1891 4102 1934 4140 ω

2190 4105 2330 4159 θησιν
2364 4089 2759 4162 μηχανωμένη.
2791 4089 3054 4145 Γλουτοὶ
3078 4087 3170 4144 οὖν
3200 4091 3478 4161 λέγονται
3512 4092 3583 4146 τὰ
3605 4089 3687 4142 τῶ

439 4198 556 4244 tum
594 4195 784 4242 natura
833 4181 991 4253 125
1038 4179 1341 4237 constituit.
1404 4177 1725 4249 Sphericum
1775 4193 1936 4247 namq

2191 4177 2360 4232 τυλῶν
2399 4182 2768 4251 σφαιρώματα
2787 4197 2801 4213 ο
2833 4181 3060 4236 κοτύλαι
3089 4182 3146 4235 δὲ
3169 4184 3308 4236 ὅπου
3335 4183 3629 4252 ἐγκεινται
3649 4182 3688 4232 εὶ

439 4280 571 4337 illud
606 4276 882 4333 femoralis
920 4274 1082 4338 ossis,
1119 4271 1362 4341 γλουτὸν,
1393 4271 1445 4326 id
1466 4279 1549 4325 est
1580 4280 1750 4335 nates,
1779 4285 1874 4325 seu
1900 4284 1936 4322 ει

2190 4270 2352 4338 φαλαὶ
2396 4272 2503 4325 τῶν
2551 4271 2760 4344 μηρῶψ
2812 4273 2900 4327 διὰ
2937 4274 2998 4326 δὲ
3039 4272 3139 4346 τὴν
3185 4276 3375 4329 ἐκεῖσε
3419 4277 3687 4346 κοιλότητι

440 4385 555 4424 nem
598 4365 914 4437 appellant;
965 4364 1020 4418 in
1073 4360 1218 4432 quod
1273 4367 1454 4415 autem
1500 4358 1633 4412 illud
1688 4357 1937 4428 ingrediti

2197 4366 2347 4430 τύλη
2387 4363 2615 4435 ἐκλήθη.
2660 4367 2725 4419 0i
2764 4366 2822 4419 δὲ
2857 4367 3102 4436 γλουτοὶ,
3147 4367 3241 4423 διὰ
3270 4373 3594 4440 τρυφερίαν
3618 4376 3688 4424 ut

442 4460 695 4531 κοτύλην,
741 4457 845 4513 hoc
883 4464 967 4511 est
1013 4451 1346 4508 acetabulum
1399 4448 1939 4521 nuncupantzxordl

2193 4454 2396 4525 ρότητα
2420 4495 2435 4518 ,
2466 4451 2580 4509 οἷον
2608 4456 2764 4526 γλυοί
2789 4458 2834 4492 ⁸⁸
2865 4475 3014 4523 τινες
3055 4459 3241 4523 ὄντες·
3285 4461 3387 4513 καὶ
3419 4464 3536 4532 γὰρ
3571 4456 3685 4515 οὗτοι

439 4551 584 4606 enim
647 4547 734 4602 διὰ
786 4545 1102 4616 κοιλότητα,
1131 4543 1192 4597 ob
1235 4558 1348 4612 ejus
1379 4556 1660 4596 concavum
1711 4540 1936 4596 dixerun

2188 4546 2265 4599 τὰ
2296 4546 2572 4618 λειότητος
2612 4549 2832 4620 ἔνυγροί
2859 4553 2998 4616 εἰσι,
3028 4551 3115 4604 διὰ
3143 4552 3244 4624 τὴν
3286 4551 3590 4623 εὐθύτητα
3618 4553 3685 4606 te;

440 4644 662 4714 γλουτὸν
688 4657 817 4698 vero
844 4681 859 4707 ,
892 4641 962 4697 ob
992 4640 1107 4695 leve
1156 4652 1220 4693 ac
1252 4636 1479 4693 ﬂuidum
1511 4635 1657 4707 quod
1687 4634 1742 4689 in
1781 4635 1900 4705 ipso
1930 4649 1937 4664 ε

2194 4636 2454 4708 ρέφεσθαι
2482 4639 2576 4691 καὶ
2610 4639 2911 4705 κινεῖσθαι,
2957 4641 3208 4715 καθάπερ
3243 4645 3296 4697 οἱ
3343 4645 3684 4716 στρόφιγγες.

443 4739 602 4793 situr.
635 4735 915 4791 Circulare
945 4730 1217 4808 siquidem
1272 4729 1448 4800 ipsius
1481 4729 1624 4784 ossis
1650 4726 1873 4798 γλουτὸν
1905 4721 1940 4780 ο’

1668 4726 1873 4798 γλουτὸν
1905 4721 2017 4780 οἷον
2123 4727 2296 4781 Τοῦτο
2317 4729 2427 4800 γὰρ
2453 4729 2616 4801 ἔργον
2638 4731 2737 4802 τῆς
2760 4731 3165 4805 διαρθρώσεως.

443 4828 666 4900 γλουτόν
693 4823 814 4880 τινα
845 4825 974 4878 ὅντα
999 4823 1085 4878 διὰ
1107 4821 1396 4894 τριφέριαν
1425 4820 1519 4875 καὶ
1548 4820 1800 4892 λειότητα
1819 4858 1835 4884 ,
1867 4833 1939 4873 nu

2192 4859 2206 4884 ,
2260 4822 2415 4890 quasi
2468 4820 2529 4876 ob
2588 4823 2672 4877 sui
2700 4823 2960 4879 leuitatem
3017 4825 3358 4897 politiemque
3424 4827 3685 4899 levigatus

445 4921 712 4993 quoddam
738 4921 829 4973 sit.
855 4917 1067 4971 Etenim
1100 4913 1412 4985 hujusmodi
1437 4927 1586 4979 ossa,
1619 4921 1814 4982 praeter
1841 4926 2004 4983 quam
2043 4912 2190 4982 quod
2242 4912 2381 4969 levia
2408 4922 2578 4980 sunt,
2616 4915 2782 4970 etiam
2809 4916 3032 4972 humida
3087 4917 3383 4986 habentur,
3431 4935 3569 4991 quo,
3600 4923 3688 4975 vd-

448 5002 523 5070 titi
563 5021 843 5084 portarum
893 5007 1183 5073 cardines,
1229 5005 1366 5061 verti
1408 5007 1728 5075 moverique
1769 5005 2110 5060 commodius
2137 5015 2361 5076 queant.
2394 5005 2525 5063 Tale
2553 5008 2774 5079 quidem
2803 5009 3271 5066 dearticulationis
3287 5027 3436 5081 opus
3453 5025 3575 5070 est:

470 5093 477 5100 ’
515 5106 652 5176 Ejus
692 5101 892 5159 etenim
937 5099 1146 5171 species
1187 5109 1296 5154 tres
1322 5109 1480 5164 sunt,
1507 5098 1696 5163 altera,
1714 5112 1836 5168 quae
1859 5112 1967 5153 ena‘

2191 5099 2325 5170 Εῐδη
2360 5099 2418 5154 δὲ
2444 5101 2613 5172 αὐτῆς
2636 5101 2784 5174 τρια.
2817 5103 2892 5155 Τὸ
2917 5102 3039 5173 μὲν,
3069 5103 3473 5172 ἐνάρθρωσις,
3514 5107 3639 5159 ὅταν
3665 5110 3686 5173 ἡ

449 5197 671 5261 throsis,
689 5195 742 5250 id
764 5202 848 5250 est
865 5191 1248 5257 inarticulatio,
1274 5191 1493 5258 dicitur,
1515 5206 1639 5246 cum
1657 5205 1848 5246 cavum
1871 5206 1942 5260 qu

2194 5191 2373 5262 ιλότης
2418 5194 2453 5264 ὴ
2496 5193 2871 5266 ὑποδεχομένη
2919 5195 3081 5266 βάθος
3129 5196 3318 5250 ἱκανὸν
3360 5197 3496 5270 ἔχῃ,
3541 5200 3685 5266 καὶὴ

449 5289 660 5355 subest,
686 5285 956 5359 profunda
983 5295 1067 5341 est
1088 5284 1424 5340 concavitate
1452 5282 1760 5353 praeditum,
1787 5289 1842 5336 et
1858 5297 1946 5352 ca;

2186 5284 2599 5339 καταϐαίνουσα
2637 5285 2852 5358 κεφαλὴ
2892 5288 3185 5359 προμήκης
3227 5288 3489 5361 ὑπάρχῃ,
3525 5291 3683 5361 ὥστε

450 5379 599 5450 quod
627 5378 682 5432 in
712 5378 887 5448 ipsum
921 5374 1202 5431 descendit
1230 5373 1632 5446 longiusculum
1653 5372 1947 5442 sit,quema

2187 5376 2398 5448 κεφαλὴ
2424 5377 2517 5431 τοῦ
2549 5379 2724 5450 μηροῦ
2755 5379 2851 5433 καὶ
2882 5380 2916 5450 ἡ
2956 5379 3174 5450 κοτύλη.
3213 5381 3610 5448 Ἄρθρωσις⁸⁵
3629 5384 3682 5442 δὲ.

452 5469 674 5528 modum
707 5469 762 5524 in
785 5467 961 5538 capite
985 5465 1252 5523 femorum
1273 5506 1287 5531 ,
1325 5474 1382 5522 et
1408 5465 1464 5521 in
1503 5464 1788 5520 acetabulo
1817 5479 1949 5521 coxe

2187 5487 2254 5524 αν
2293 5472 2329 5540 η
2351 5470 2599 5541 κοιλότης
2622 5471 2940 5537 ἐπιπόλαιος
2961 5467 3019 5544 ᾖ,
3047 5473 3082 5543 ἦ
3105 5489 3162 5525 τε
3187 5473 3409 5544 κεφαλὴ
3443 5476 3681 5548 ταπεινὴ,

515 5679 565 5760 ξί
603 5678 742 5749 αὕτη
800 5676 864 5731 Β.
938 5676 983 5708 ³³
1010 5671 1201 5778 ipsi?
1252 5679 1333 5748 ὲχ.
1367 5678 1546 5748 ὲνεργ.
1579 5677 1641 5733 Β.
1715 5677 1760 5711 ³³
1800 5677 1939 5748 αὕτη
1971 5677 2031 5733 Β.
2110 5677 2156 5710 ³⁸
2181 5677 2464 5743 ὲλλειποῦς
2491 5677 2551 5732 Β.
2629 5679 2675 5710 ³⁵
2699 5672 2898 5732 δέδιθκε
2919 5676 2982 5732 Β.
3057 5676 3103 5710 ³⁸
3126 5677 3292 5730 τόπον
3317 5675 3378 5733 Β.
3465 5679 3511 5710 ³*
3541 5678 3684 5746 ὶμεσ-

515 5765 612 5778 n.-_
646 5748 683 5778 Ι)
780 5748 825 5778 ³8
853 5746 990 5778 ..εἰη-Α·
1185 5749 1204 5778 9
1236 5747 1490 5778 κηηιηιοι..
1538 5748 1572 5778 II
1674 5748 1920 5778 luR._‘-.u
1952 5749 1991 5778 τ’
2090 5749 2136 5778 ιο
2162 5750 2424 5778 lunt“..-
2452 5751 2492 5778 υ
2548 5749 2798 5778 κυζιιυαιι
2821 5750 2859 5778 l‘
2955 5752 2996 5778 ιι
3035 5745 3234 5778 ιβιηυιιὶ
3265 5747 3304 5778 Ω
3406 5749 3460 5778 ιι
3483 5750 3684 5778 ..ι-,ἱιίιμ

451 5721 632 5803 λοῦσαῖ
644 5721 742 5804 ii."
780 5721 992 5820 ιῗὶιύτᾲ
1017 5721 1204 5820 is???
1233 5721 1641 5820 ἐέῖρᾧὧᾝῗ
1671 5721 2031 5820 ᾰμδῶἓζὲᾇί
2090 5749 2136 5820 εξ
2159 5721 2898 5820 ᾧιὲξὲὶιὶζὶἔξῖιῖᾱμοωᾨὲῗὸἶ
2922 5721 2996 5782 Ἴι
3034 5721 3378 5819 remigiis."
3406 5749 3460 5781 ι·
3483 5721 3684 5803 adio;-

451 5835 542 5883 τες
572 5820 639 5874 Α.
714 5819 761 5852 ⁴⁵³
791 5819 886 5874 καὶ
942 5818 993 5872 οἱ
1039 5835 1090 5872 τ.
1129 5816 1189 5872 Β.
1268 5816 1515 5886 Μγλοιοῑ
1548 5818 1611 5875 Ρ.
1714 5816 1760 5852 ⁸⁸
1788 5817 2062 5891 ἀρθρωδία
2100 5817 2161 5873 Β.
