  <div class='ocr_page' id='page_1' title='image "/cluster/home/n/w/nwhite01/storage/ocr_20150623/64/hvd.32044019207844/672.png"; bbox 0 0 3792 6390; ppageno 0'>
   <div class='ocr_carea' id='block_1_1' title="bbox 59 392 215 452">
    <p class='ocr_par' dir='ltr' id='par_1_1' title="bbox 59 392 215 452">
     <span class='ocr_line' id='line_1_1' title="bbox 59 392 215 452; baseline 0.026 -4"><span class='ocrx_word' id='word_1_1' title='bbox 59 392 215 452; x_wconf 65' lang='grc'><strong>1261</strong></span> 
     </span>
    </p>
   </div>
   <div class='ocr_carea' id='block_1_2' title="bbox 1316 413 2075 480">
    <p class='ocr_par' dir='ltr' id='par_1_2' title="bbox 1316 413 2075 480">
     <span class='ocr_line' id='line_1_2' title="bbox 1316 413 2075 480; baseline 0.016 -12"><span class='ocrx_word' id='word_1_2' title='bbox 1316 413 1406 471; x_wconf 83' lang='lat' dir='ltr'><strong>DE</strong></span> <span class='ocrx_word' id='word_1_3' title='bbox 1437 413 1726 474; x_wconf 78' lang='lat' dir='ltr'><strong>NATURA</strong></span> <span class='ocrx_word' id='word_1_4' title='bbox 1769 417 2075 480; x_wconf 76' lang='lat' dir='ltr'><strong>ilOMlNlS.</strong></span> 
     </span>
    </p>
   </div>
   <div class='ocr_carea' id='block_1_3' title="bbox 56 504 1649 618">
    <p class='ocr_par' dir='ltr' id='par_1_3' title="bbox 56 504 1649 618">
     <span class='ocr_line' id='line_1_3' title="bbox 56 504 1649 618; baseline 0.016 -57"><span class='ocrx_word' id='word_1_5' title='bbox 56 504 265 618; x_wconf 51' lang='grc' dir='ltr'>ᾖσπερ</span> <span class='ocrx_word' id='word_1_6' title='bbox 295 511 329 582; x_wconf 86' lang='grc' dir='ltr'><strong>ή</strong></span> <span class='ocrx_word' id='word_1_7' title='bbox 373 511 468 618; x_wconf 53' lang='grc' dir='ltr'>τος</span> <span class='ocrx_word' id='word_1_8' title='bbox 503 513 790 588; x_wconf 83' lang='grc' dir='ltr'>βραχίονος</span> <span class='ocrx_word' id='word_1_9' title='bbox 825 521 962 590; x_wconf 78' lang='grc' dir='ltr'>πρὸς</span> <span class='ocrx_word' id='word_1_10' title='bbox 1001 522 1099 594; x_wconf 75' lang='grc' dir='ltr'>τὴν</span> <span class='ocrx_word' id='word_1_11' title='bbox 1132 525 1467 598; x_wconf 82' lang='grc' dir='ltr'>ὠμοπλάτην</span> <span class='ocrx_word' id='word_1_12' title='bbox 1483 530 1552 584; x_wconf 77' lang='grc'><strong>⁸⁸.</strong></span> <span class='ocrx_word' id='word_1_13' title='bbox 1595 533 1649 586; x_wconf 80' lang='lat' dir='ltr'><strong>Ti</strong></span> 
     </span>
    </p>
   </div>
   <div class='ocr_carea' id='block_1_4' title="bbox 1804 504 3349 618">
    <p class='ocr_par' dir='ltr' id='par_1_4' title="bbox 1811 535 3349 618">
     <span class='ocr_line' id='line_1_4' title="bbox 1811 535 3349 618; baseline 0.012 -31"><span class='ocrx_word' id='word_1_14' title='bbox 1811 535 1955 589; x_wconf 90' lang='lat' dir='ltr'><strong>icum</strong></span> <span class='ocrx_word' id='word_1_15' title='bbox 1997 536 2215 592; x_wconf 77' lang='lat' dir='ltr'><strong>visitur.</strong></span> <span class='ocrx_word' id='word_1_16' title='bbox 2248 537 2433 596; x_wconf 89' lang='lat' dir='ltr'><strong>Altera</strong></span> <span class='ocrx_word' id='word_1_17' title='bbox 2458 555 2592 598; x_wconf 85' lang='lat' dir='ltr'><strong>vero</strong></span> <span class='ocrx_word' id='word_1_18' title='bbox 2614 543 3084 603; x_wconf 62' lang='lat' dir='ltr'><strong>denticulationis</strong></span> <span class='ocrx_word' id='word_1_19' title='bbox 3117 551 3349 618; x_wconf 87' lang='lat' dir='ltr'><strong>species,</strong></span> 
     </span>
    </p>
   </div>
   <div class='ocr_carea' id='block_1_5' title="bbox 57 595 1665 689">
    <p class='ocr_par' dir='ltr' id='par_1_5' title="bbox 57 595 1665 689">
     <span class='ocr_line' id='line_1_5' title="bbox 57 595 1665 689; baseline 0.016 -41"><span class='ocrx_word' id='word_1_20' title='bbox 57 595 126 649; x_wconf 86' lang='grc' dir='ltr'>δὲ</span> <span class='ocrx_word' id='word_1_21' title='bbox 163 597 355 668; x_wconf 87' lang='grc' dir='ltr'>τρίτον</span> <span class='ocrx_word' id='word_1_22' title='bbox 380 597 522 666; x_wconf 73' lang='grc' dir='ltr'>εἶδος</span> <span class='ocrx_word' id='word_1_23' title='bbox 558 605 659 674; x_wconf 82' lang='grc' dir='ltr'>τῆς</span> <span class='ocrx_word' id='word_1_24' title='bbox 687 605 1075 679; x_wconf 78' lang='grc' dir='ltr'><strong>διαρθρώσεως</strong></span> <span class='ocrx_word' id='word_1_25' title='bbox 1105 595 1457 686; x_wconf 58' lang='grc' dir='ltr'>γιγγλισμὸς·</span> <span class='ocrx_word' id='word_1_26' title='bbox 1502 618 1665 689; x_wconf 84' lang='grc' dir='ltr'>λέγε-</span> 
     </span>
    </p>
   </div>
   <div class='ocr_carea' id='block_1_6' title="bbox 57 689 1666 780">
    <p class='ocr_par' dir='ltr' id='par_1_6' title="bbox 57 689 1666 780">
     <span class='ocr_line' id='line_1_6' title="bbox 57 689 1666 780; baseline 0.018 -42"><span class='ocrx_word' id='word_1_27' title='bbox 57 703 185 740; x_wconf 82' lang='grc' dir='ltr'>ται·</span> <span class='ocrx_word' id='word_1_28' title='bbox 224 689 438 756; x_wconf 84' lang='grc' dir='ltr'>γίνεται</span> <span class='ocrx_word' id='word_1_29' title='bbox 475 693 532 747; x_wconf 80' lang='grc' dir='ltr'>δὲ</span> <span class='ocrx_word' id='word_1_30' title='bbox 566 695 674 751; x_wconf 84' lang='grc' dir='ltr'>τῶν</span> <span class='ocrx_word' id='word_1_31' title='bbox 720 703 1174 771; x_wconf 81' lang='grc' dir='ltr'><strong>συνταττομένων</strong></span> <span class='ocrx_word' id='word_1_32' title='bbox 1208 707 1462 780; x_wconf 87' lang='grc' dir='ltr'>ἀλλήλοις</span> <span class='ocrx_word' id='word_1_33' title='bbox 1491 712 1666 767; x_wconf 73' lang='grc' dir='ltr'>ὀστῶν</span> 
     </span>
    </p>
   </div>
   <div class='ocr_carea' id='block_1_7' title="bbox 57 780 1666 864">
    <p class='ocr_par' dir='ltr' id='par_1_7' title="bbox 57 780 1666 864">
     <span class='ocr_line' id='line_1_7' title="bbox 57 780 1666 864; baseline 0.017 -34"><span class='ocrx_word' id='word_1_34' title='bbox 57 780 586 850; x_wconf 74' lang='grc' dir='ltr'>ἀντεμὸαινόντων,</span> <span class='ocrx_word' id='word_1_35' title='bbox 648 788 902 864; x_wconf 83' lang='grc' dir='ltr'>καθάπερ</span> <span class='ocrx_word' id='word_1_36' title='bbox 959 794 1052 848; x_wconf 88' lang='grc' dir='ltr'>ὲπί</span> <span class='ocrx_word' id='word_1_37' title='bbox 1091 813 1151 849; x_wconf 85' lang='grc' dir='ltr'><strong>τε</strong></span> <span class='ocrx_word' id='word_1_38' title='bbox 1193 797 1302 852; x_wconf 83' lang='grc' dir='ltr'>τῶν</span> <span class='ocrx_word' id='word_1_39' title='bbox 1352 802 1666 858; x_wconf 84' lang='grc' dir='ltr'>σπονδύλων</span> 
     </span>
    </p>
   </div>
   <div class='ocr_carea' id='block_1_8' title="bbox 60 870 1665 968">
    <p class='ocr_par' dir='ltr' id='par_1_8' title="bbox 60 870 1665 968">
     <span class='ocr_line' id='line_1_8' title="bbox 60 870 1665 968; baseline 0.017 -46"><span class='ocrx_word' id='word_1_40' title='bbox 60 870 214 968; x_wconf 47' lang='grc' dir='ltr'>ἔχει,</span> <span class='ocrx_word' id='word_1_41' title='bbox 247 874 344 928; x_wconf 80' lang='grc' dir='ltr'>καὶ</span> <span class='ocrx_word' id='word_1_42' title='bbox 383 878 482 947; x_wconf 83' lang='grc' dir='ltr'>τῆς</span> <span class='ocrx_word' id='word_1_43' title='bbox 509 879 604 932; x_wconf 82' lang='grc' dir='ltr'><strong>τοῦ</strong></span> <span class='ocrx_word' id='word_1_44' title='bbox 643 884 864 953; x_wconf 90' lang='grc' dir='ltr'>πήχεως</span> <span class='ocrx_word' id='word_1_45' title='bbox 895 887 1033 958; x_wconf 79' lang='grc' dir='ltr'>πρὸς</span> <span class='ocrx_word' id='word_1_46' title='bbox 1064 889 1157 942; x_wconf 80' lang='grc' dir='ltr'>τὸν</span> <span class='ocrx_word' id='word_1_47' title='bbox 1205 890 1470 962; x_wconf 84' lang='grc' dir='ltr'><strong>βραχίονα</strong></span> <span class='ocrx_word' id='word_1_48' title='bbox 1512 895 1665 968; x_wconf 90' lang='grc' dir='ltr'>διαρ-</span> 
     </span>
    </p>
   </div>
   <div class='ocr_carea' id='block_1_9' title="bbox 61 961 1667 1056">
    <p class='ocr_par' dir='ltr' id='par_1_9' title="bbox 61 961 1667 1056">
     <span class='ocr_line' id='line_1_9' title="bbox 61 961 1667 1056; baseline 0.017 -41"><span class='ocrx_word' id='word_1_49' title='bbox 61 961 354 1056; x_wconf 68' lang='grc' dir='ltr'>θρώσεως.</span> <span class='ocrx_word' id='word_1_50' title='bbox 387 970 468 1023; x_wconf 92' lang='grc' dir='ltr'><strong>Τά</strong></span> <span class='ocrx_word' id='word_1_51' title='bbox 511 972 568 1026; x_wconf 85' lang='grc' dir='ltr'>δὲ</span> <span class='ocrx_word' id='word_1_52' title='bbox 599 975 968 1046; x_wconf 78' lang='grc' dir='ltr'>σφαιρώματα</span> <span class='ocrx_word' id='word_1_53' title='bbox 1000 980 1176 1035; x_wconf 81' lang='grc' dir='ltr'>ταῦτα</span> <span class='ocrx_word' id='word_1_54' title='bbox 1198 1023 1213 1046; x_wconf 91' lang='grc'><strong>,</strong></span> <span class='ocrx_word' id='word_1_55' title='bbox 1247 961 1390 1038; x_wconf 82' lang='grc' dir='ltr'>ποτὲ</span> <span class='ocrx_word' id='word_1_56' title='bbox 1436 987 1536 1056; x_wconf 82' lang='grc' dir='ltr'>μὲν</span> <span class='ocrx_word' id='word_1_57' title='bbox 1567 961 1667 1043; x_wconf 78' lang='grc' dir='ltr'>κα·-</span> 
     </span>
    </p>
   </div>
   <div class='ocr_carea' id='block_1_10' title="bbox 61 1051 1660 1148">
    <p class='ocr_par' dir='ltr' id='par_1_10' title="bbox 61 1051 1660 1148">
     <span class='ocr_line' id='line_1_10' title="bbox 61 1051 1660 1148; baseline 0.02 -45"><span class='ocrx_word' id='word_1_58' title='bbox 61 1051 251 1148; x_wconf 81' lang='grc' dir='ltr'>λεῖται</span> <span class='ocrx_word' id='word_1_59' title='bbox 287 1060 561 1130; x_wconf 76' lang='grc' dir='ltr'>κεφαλὴ,</span> <span class='ocrx_word' id='word_1_60' title='bbox 598 1065 731 1118; x_wconf 81' lang='grc' dir='ltr'>ποτὲ</span> <span class='ocrx_word' id='word_1_61' title='bbox 770 1067 826 1120; x_wconf 85' lang='grc' dir='ltr'>δὲ</span> <span class='ocrx_word' id='word_1_62' title='bbox 868 1072 1101 1141; x_wconf 77' lang='grc' dir='ltr'>αὐχὴν,</span> <span class='ocrx_word' id='word_1_63' title='bbox 1141 1077 1272 1128; x_wconf 79' lang='grc' dir='ltr'>ποτὲ</span> <span class='ocrx_word' id='word_1_64' title='bbox 1311 1075 1369 1130; x_wconf 87' lang='grc' dir='ltr'>δὲ</span> <span class='ocrx_word' id='word_1_65' title='bbox 1405 1051 1660 1148; x_wconf 67' lang='grc' dir='ltr'>κορώνη,</span> 
     </span>
    </p>
   </div>
   <div class='ocr_carea' id='block_1_11' title="bbox 60 1145 1664 1240">
    <p class='ocr_par' dir='ltr' id='par_1_11' title="bbox 60 1145 1664 1240">
     <span class='ocr_line' id='line_1_11' title="bbox 60 1145 1664 1240; baseline 0.019 -45"><span class='ocrx_word' id='word_1_66' title='bbox 60 1145 207 1240; x_wconf 35' lang='grc' dir='ltr'>ποτ-ὲ</span> <span class='ocrx_word' id='word_1_67' title='bbox 240 1147 297 1201; x_wconf 83' lang='grc' dir='ltr'>δὲ</span> <span class='ocrx_word' id='word_1_68' title='bbox 326 1154 602 1221; x_wconf 76' lang='grc' dir='ltr'>τλουτός.</span> <span class='ocrx_word' id='word_1_69' title='bbox 651 1158 716 1211; x_wconf 84' lang='grc' dir='ltr'><strong>Αἱ</strong></span> <span class='ocrx_word' id='word_1_70' title='bbox 760 1159 816 1213; x_wconf 83' lang='grc' dir='ltr'>δὲ</span> <span class='ocrx_word' id='word_1_71' title='bbox 865 1162 1177 1234; x_wconf 84' lang='grc' dir='ltr'><strong>κοιλότητες</strong></span> <span class='ocrx_word' id='word_1_72' title='bbox 1230 1168 1362 1222; x_wconf 77' lang='grc' dir='ltr'>ποτὲ</span> <span class='ocrx_word' id='word_1_73' title='bbox 1420 1145 1521 1240; x_wconf 74' lang='grc' dir='ltr'><strong>μέν</strong></span> <span class='ocrx_word' id='word_1_74' title='bbox 1567 1145 1664 1226; x_wconf 48' lang='lat' dir='ltr'><strong>ato?</strong></span> 
     </span>
    </p>
   </div>
   <div class='ocr_carea' id='block_1_12' title="bbox 61 1234 1662 1333">
    <p class='ocr_par' dir='ltr' id='par_1_12' title="bbox 61 1234 1662 1333">
     <span class='ocr_line' id='line_1_12' title="bbox 61 1234 1662 1333; baseline 0.021 -50"><span class='ocrx_word' id='word_1_75' title='bbox 61 1234 232 1333; x_wconf 47' lang='lat' dir='ltr'><strong>{Ct-:11]</strong></span> <span class='ocrx_word' id='word_1_76' title='bbox 253 1275 278 1333; x_wconf 30' lang='grc' dir='ltr'>,Δ</span> <span class='ocrx_word' id='word_1_77' title='bbox 299 1240 521 1333; x_wconf 28' lang='grc' dir='ltr'>ποτὲΔδε</span> <span class='ocrx_word' id='word_1_78' title='bbox 554 1244 771 1315; x_wconf 67' lang='grc' dir='ltr'>γλήνη·</span> <span class='ocrx_word' id='word_1_79' title='bbox 807 1252 902 1303; x_wconf 74' lang='grc' dir='ltr'>καὶ</span> <span class='ocrx_word' id='word_1_80' title='bbox 933 1252 1082 1308; x_wconf 74' lang='grc' dir='ltr'>ἐστιν</span> <span class='ocrx_word' id='word_1_81' title='bbox 1113 1256 1146 1326; x_wconf 84' lang='grc' dir='ltr'><strong>ή</strong></span> <span class='ocrx_word' id='word_1_82' title='bbox 1186 1255 1287 1326; x_wconf 84' lang='grc' dir='ltr'>μὲν</span> <span class='ocrx_word' id='word_1_83' title='bbox 1325 1234 1527 1333; x_wconf 65' lang='grc' dir='ltr'>κοτυλη</span> <span class='ocrx_word' id='word_1_84' title='bbox 1564 1261 1662 1332; x_wconf 87' lang='grc' dir='ltr'><strong>βα-</strong></span> 
     </span>
    </p>
   </div>
   <div class='ocr_carea' id='block_1_13' title="bbox 61 1320 962 1409">
    <p class='ocr_par' dir='ltr' id='par_1_13' title="bbox 61 1320 962 1409">
     <span class='ocr_line' id='line_1_13' title="bbox 61 1320 962 1409; baseline 0.026 -38"><span class='ocrx_word' id='word_1_85' title='bbox 61 1320 220 1385; x_wconf 82' lang='grc' dir='ltr'>θεῖα,</span> <span class='ocrx_word' id='word_1_86' title='bbox 253 1327 286 1396; x_wconf 90' lang='grc' dir='ltr'><strong>ή</strong></span> <span class='ocrx_word' id='word_1_87' title='bbox 316 1326 373 1379; x_wconf 86' lang='grc' dir='ltr'>δὲ</span> <span class='ocrx_word' id='word_1_88' title='bbox 405 1329 575 1402; x_wconf 80' lang='grc' dir='ltr'>γλήνη</span> <span class='ocrx_word' id='word_1_89' title='bbox 610 1335 878 1409; x_wconf 79' lang='grc' dir='ltr'><strong>ἐπιπολῆς</strong></span> <span class='ocrx_word' id='word_1_90' title='bbox 898 1340 962 1393; x_wconf 76' lang='grc'><strong>⁸⁷.</strong></span> 
     </span>
    </p>
   </div>
   <div class='ocr_carea' id='block_1_14' title="bbox 1771 628 3349 707">
    <p class='ocr_par' dir='ltr' id='par_1_14' title="bbox 1771 628 3349 707">
     <span class='ocr_line' id='line_1_14' title="bbox 1771 628 3349 707; baseline 0.01 -27"><span class='ocrx_word' id='word_1_91' title='bbox 1771 628 2072 692; x_wconf 85' lang='lat' dir='ltr'><strong>arthrudia,</strong></span> <span class='ocrx_word' id='word_1_92' title='bbox 2093 629 2146 683; x_wconf 98' lang='lat' dir='ltr'><strong>id</strong></span> <span class='ocrx_word' id='word_1_93' title='bbox 2164 639 2248 684; x_wconf 90' lang='lat' dir='ltr'><strong>est</strong></span> <span class='ocrx_word' id='word_1_94' title='bbox 2275 633 2583 688; x_wconf 87' lang='lat' dir='ltr'><strong>articulatio</strong></span> <span class='ocrx_word' id='word_1_95' title='bbox 2603 633 2870 700; x_wconf 88' lang='lat' dir='ltr'><strong>dicitur,a</strong></span> <span class='ocrx_word' id='word_1_96' title='bbox 2904 638 3079 707; x_wconf 90' lang='lat' dir='ltr'><strong>prima</strong></span> <span class='ocrx_word' id='word_1_97' title='bbox 3110 639 3349 707; x_wconf 86' lang='lat' dir='ltr'><strong>diversa,</strong></span> 
     </span>
    </p>
   </div>
   <div class='ocr_carea' id='block_1_15' title="bbox 1768 719 3352 788">
    <p class='ocr_par' dir='ltr' id='par_1_15' title="bbox 1768 719 3352 788">
     <span class='ocr_line' id='line_1_15' title="bbox 1768 719 3352 788; baseline 0.009 -17"><span class='ocrx_word' id='word_1_98' title='bbox 1768 734 1890 788; x_wconf 73' lang='lat' dir='ltr'><strong>qua:</strong></span> <span class='ocrx_word' id='word_1_99' title='bbox 1934 719 2021 787; x_wconf 85' lang='lat' dir='ltr'><strong>fit,</strong></span> <span class='ocrx_word' id='word_1_100' title='bbox 2058 735 2183 775; x_wconf 92' lang='lat' dir='ltr'><strong>cum</strong></span> <span class='ocrx_word' id='word_1_101' title='bbox 2218 725 2536 780; x_wconf 86' lang='lat' dir='ltr'><strong>concavitas</strong></span> <span class='ocrx_word' id='word_1_102' title='bbox 2564 726 2618 779; x_wconf 90' lang='lat' dir='ltr'><strong>in</strong></span> <span class='ocrx_word' id='word_1_103' title='bbox 2659 728 2801 783; x_wconf 91' lang='lat' dir='ltr'><strong>ossis</strong></span> <span class='ocrx_word' id='word_1_104' title='bbox 2842 731 3218 785; x_wconf 73' lang='lat' dir='ltr'><strong>tantummodo</strong></span> <span class='ocrx_word' id='word_1_105' title='bbox 3254 747 3352 786; x_wconf 87' lang='lat' dir='ltr'><strong>su-</strong></span> 
     </span>
    </p>
   </div>
   <div class='ocr_carea' id='block_1_16' title="bbox 1769 811 3350 888">
    <p class='ocr_par' dir='ltr' id='par_1_16' title="bbox 1769 811 3350 888">
     <span class='ocr_line' id='line_1_16' title="bbox 1769 811 3350 888; baseline 0.007 -24"><span class='ocrx_word' id='word_1_106' title='bbox 1769 811 1990 881; x_wconf 82' lang='lat' dir='ltr'><strong>perficie</strong></span> <span class='ocrx_word' id='word_1_107' title='bbox 2022 821 2140 880; x_wconf 91' lang='lat' dir='ltr'><strong>est,</strong></span> <span class='ocrx_word' id='word_1_108' title='bbox 2179 824 2343 884; x_wconf 91' lang='lat' dir='ltr'><strong>caput</strong></span> <span class='ocrx_word' id='word_1_109' title='bbox 2375 831 2505 871; x_wconf 90' lang='lat' dir='ltr'><strong>vero</strong></span> <span class='ocrx_word' id='word_1_110' title='bbox 2548 816 2868 888; x_wconf 88' lang='lat' dir='ltr'><strong>depressum</strong></span> <span class='ocrx_word' id='word_1_111' title='bbox 2914 820 3240 886; x_wconf 83' lang='lat' dir='ltr'><strong>admodum,</strong></span> <span class='ocrx_word' id='word_1_112' title='bbox 3289 831 3350 878; x_wconf 81' lang='lat' dir='ltr'><strong>ut</strong></span> 
     </span>
    </p>
   </div>
   <div class='ocr_carea' id='block_1_17' title="bbox 1769 902 3346 981">
    <p class='ocr_par' dir='ltr' id='par_1_17' title="bbox 1769 902 3346 981">
     <span class='ocr_line' id='line_1_17' title="bbox 1769 902 3346 981; baseline 0.01 -25"><span class='ocrx_word' id='word_1_113' title='bbox 1769 903 1827 958; x_wconf 90' lang='lat' dir='ltr'><strong>in</strong></span> <span class='ocrx_word' id='word_1_114' title='bbox 1892 902 2103 958; x_wconf 85' lang='lat' dir='ltr'><strong>brachii</strong></span> <span class='ocrx_word' id='word_1_115' title='bbox 2152 905 2467 974; x_wconf 72' lang='lat' dir='ltr'><strong>iuncturis,</strong></span> <span class='ocrx_word' id='word_1_116' title='bbox 2512 924 2639 965; x_wconf 91' lang='lat' dir='ltr'><strong>cum</strong></span> <span class='ocrx_word' id='word_1_117' title='bbox 2689 912 2928 981; x_wconf 90' lang='lat' dir='ltr'><strong>scapulis</strong></span> <span class='ocrx_word' id='word_1_118' title='bbox 2973 928 3198 971; x_wconf 88' lang='lat' dir='ltr'><strong>cernere</strong></span> <span class='ocrx_word' id='word_1_119' title='bbox 3237 925 3346 971; x_wconf 91' lang='grc' dir='ltr'>εει.</span> 
     </span>
    </p>
   </div>
   <div class='ocr_carea' id='block_1_18' title="bbox 1773 995 3348 1078">
    <p class='ocr_par' dir='ltr' id='par_1_18' title="bbox 1773 995 3348 1078">
     <span class='ocr_line' id='line_1_18' title="bbox 1773 995 3348 1078; baseline 0.01 -28"><span class='ocrx_word' id='word_1_120' title='bbox 1773 995 1958 1052; x_wconf 86' lang='lat' dir='ltr'><strong>Tertia</strong></span> <span class='ocrx_word' id='word_1_121' title='bbox 1986 1012 2118 1052; x_wconf 86' lang='lat' dir='ltr'><strong>vero</strong></span> <span class='ocrx_word' id='word_1_122' title='bbox 2154 998 2274 1068; x_wconf 87' lang='lat' dir='ltr'><strong>ejus</strong></span> <span class='ocrx_word' id='word_1_123' title='bbox 2319 1000 2531 1071; x_wconf 76' lang='lat' dir='ltr'><strong>species</strong></span> <span class='ocrx_word' id='word_1_124' title='bbox 2573 1009 2689 1072; x_wconf 88' lang='lat' dir='ltr'><strong>est,</strong></span> <span class='ocrx_word' id='word_1_125' title='bbox 2745 1020 2911 1075; x_wconf 89' lang='lat' dir='ltr'><strong>quam</strong></span> <span class='ocrx_word' id='word_1_126' title='bbox 2961 1007 3348 1078; x_wconf 76' lang='lat' dir='ltr'><strong>ginglismum,</strong></span> 
     </span>
    </p>
   </div>
   <div class='ocr_carea' id='block_1_19' title="bbox 1771 1088 3354 1167">
    <p class='ocr_par' dir='ltr' id='par_1_19' title="bbox 1771 1088 3354 1167">
     <span class='ocr_line' id='line_1_19' title="bbox 1771 1088 3354 1167; baseline 0.009 -25"><span class='ocrx_word' id='word_1_127' title='bbox 1771 1088 1824 1142; x_wconf 89' lang='lat' dir='ltr'><strong>id</strong></span> <span class='ocrx_word' id='word_1_128' title='bbox 1849 1097 1932 1143; x_wconf 87' lang='grc' dir='ltr'><strong>εει</strong></span> <span class='ocrx_word' id='word_1_129' title='bbox 1959 1090 2346 1145; x_wconf 68' lang='lat' dir='ltr'><strong>cohaerentiam</strong></span> <span class='ocrx_word' id='word_1_130' title='bbox 2393 1093 2614 1160; x_wconf 88' lang='lat' dir='ltr'><strong>dicunt;</strong></span> <span class='ocrx_word' id='word_1_131' title='bbox 2649 1096 2766 1151; x_wconf 65' lang='lat' dir='ltr'><strong>haec</strong></span> <span class='ocrx_word' id='word_1_132' title='bbox 2806 1113 3044 1167; x_wconf 84' lang='lat' dir='ltr'><strong>namque</strong></span> <span class='ocrx_word' id='word_1_133' title='bbox 3072 1109 3191 1166; x_wconf 87' lang='grc' dir='ltr'>εει,</span> <span class='ocrx_word' id='word_1_134' title='bbox 3223 1117 3354 1156; x_wconf 83' lang='lat' dir='ltr'><strong>cum</strong></span> 
     </span>
    </p>
   </div>
   <div class='ocr_carea' id='block_1_20' title="bbox 1769 1179 3352 1262">
    <p class='ocr_par' dir='ltr' id='par_1_20' title="bbox 1769 1179 3352 1262">
     <span class='ocr_line' id='line_1_20' title="bbox 1769 1179 3352 1262; baseline 0.008 -28"><span class='ocrx_word' id='word_1_135' title='bbox 1769 1179 2001 1234; x_wconf 89' lang='lat' dir='ltr'><strong>alterum</strong></span> <span class='ocrx_word' id='word_1_136' title='bbox 2030 1197 2092 1237; x_wconf 87' lang='lat' dir='ltr'><strong>os</strong></span> <span class='ocrx_word' id='word_1_137' title='bbox 2126 1198 2191 1236; x_wconf 84' lang='lat' dir='ltr'><strong>ex</strong></span> <span class='ocrx_word' id='word_1_138' title='bbox 2218 1183 2448 1238; x_wconf 87' lang='lat' dir='ltr'><strong>adverso</strong></span> <span class='ocrx_word' id='word_1_139' title='bbox 2478 1184 2532 1238; x_wconf 93' lang='lat' dir='ltr'><strong>in</strong></span> <span class='ocrx_word' id='word_1_140' title='bbox 2560 1186 2788 1241; x_wconf 90' lang='lat' dir='ltr'><strong>alterum</strong></span> <span class='ocrx_word' id='word_1_141' title='bbox 2820 1182 3352 1262; x_wconf 54' lang='lat' dir='ltr'><strong>ingreditu&#39;r,quem-</strong></span> 
     </span>
    </p>
   </div>
   <div class='ocr_carea' id='block_1_21' title="bbox 1770 1271 3351 1344">
    <p class='ocr_par' dir='ltr' id='par_1_21' title="bbox 1770 1271 3351 1344">
     <span class='ocr_line' id='line_1_21' title="bbox 1770 1271 3351 1344; baseline 0.008 -18"><span class='ocrx_word' id='word_1_142' title='bbox 1770 1271 2062 1328; x_wconf 88' lang='lat' dir='ltr'><strong>admodum</strong></span> <span class='ocrx_word' id='word_1_143' title='bbox 2097 1275 2151 1328; x_wconf 91' lang='lat' dir='ltr'><strong>in</strong></span> <span class='ocrx_word' id='word_1_144' title='bbox 2197 1275 2368 1344; x_wconf 80' lang='lat' dir='ltr'><strong>spinae</strong></span> <span class='ocrx_word' id='word_1_145' title='bbox 2427 1279 2695 1335; x_wconf 77' lang='lat' dir='ltr'><strong>vertebris</strong></span> <span class='ocrx_word' id='word_1_146' title='bbox 2732 1292 2785 1334; x_wconf 92' lang='lat' dir='ltr'><strong>et</strong></span> <span class='ocrx_word' id='word_1_147' title='bbox 2838 1282 3008 1337; x_wconf 89' lang='lat' dir='ltr'><strong>cubiti</strong></span> <span class='ocrx_word' id='word_1_148' title='bbox 3057 1299 3181 1338; x_wconf 90' lang='lat' dir='ltr'><strong>cum</strong></span> <span class='ocrx_word' id='word_1_149' title='bbox 3227 1284 3351 1340; x_wconf 87' lang='lat' dir='ltr'><strong>bra-</strong></span> 
     </span>
    </p>
   </div>
   <div class='ocr_carea' id='block_1_22' title="bbox 1769 1363 3346 1440">
    <p class='ocr_par' dir='ltr' id='par_1_22' title="bbox 1769 1363 3346 1440">
     <span class='ocr_line' id='line_1_22' title="bbox 1769 1363 3346 1440; baseline 0.01 -23"><span class='ocrx_word' id='word_1_150' title='bbox 1769 1363 1877 1417; x_wconf 89' lang='lat' dir='ltr'><strong>chii</strong></span> <span class='ocrx_word' id='word_1_151' title='bbox 1902 1364 2354 1422; x_wconf 87' lang='lat' dir='ltr'><strong>dearticulatione</strong></span> <span class='ocrx_word' id='word_1_152' title='bbox 2387 1369 2650 1425; x_wconf 88' lang='lat' dir='ltr'><strong>cernitur.</strong></span> <span class='ocrx_word' id='word_1_153' title='bbox 2681 1371 2776 1427; x_wconf 70' lang='lat' dir='ltr'><strong>Ha:</strong></span> <span class='ocrx_word' id='word_1_154' title='bbox 2805 1387 2936 1428; x_wconf 87' lang='lat' dir='ltr'><strong>vero</strong></span> <span class='ocrx_word' id='word_1_155' title='bbox 2965 1375 3346 1440; x_wconf 88' lang='lat' dir='ltr'><strong>rotunditates,</strong></span> 
     </span>
    </p>
   </div>
   <div class='ocr_carea' id='block_1_23' title="bbox 61 1427 3349 1536">
    <p class='ocr_par' dir='ltr' id='par_1_23' title="bbox 61 1427 3349 1536">
     <span class='ocr_line' id='line_1_23' title="bbox 61 1427 3349 1536; baseline 0.011 -49"><span class='ocrx_word' id='word_1_156' title='bbox 61 1427 479 1536; x_wconf 51' lang='grc' dir='ltr'><strong>¹¹⁰¹¹¹¹υ.ηίίυ³Δηι</strong></span> <span class='ocrx_word' id='word_1_157' title='bbox 520 1428 716 1528; x_wconf 57' lang='lat' dir='ltr'><strong>“Pilis</strong></span> <span class='ocrx_word' id='word_1_158' title='bbox 756 1431 1014 1500; x_wconf 69' lang='lat' dir='ltr'><strong>nomine.</strong></span> <span class='ocrx_word' id='word_1_159' title='bbox 1059 1436 1357 1508; x_wconf 76' lang='lat' dir='ltr'><strong>aliqnando</strong></span> <span class='ocrx_word' id='word_1_160' title='bbox 1392 1449 1659 1511; x_wconf 84' lang='lat' dir='ltr'><strong>cervicis.</strong></span> <span class='ocrx_word' id='word_1_161' title='bbox 1717 1455 2045 1526; x_wconf 82' lang='lat' dir='ltr'><strong>quandoque</strong></span> <span class='ocrx_word' id='word_1_162' title='bbox 2073 1473 2330 1522; x_wconf 90' lang='lat' dir='ltr'><strong>corones,</strong></span> <span class='ocrx_word' id='word_1_163' title='bbox 2381 1461 2708 1532; x_wconf 90' lang='lat' dir='ltr'><strong>plerumque</strong></span> <span class='ocrx_word' id='word_1_164' title='bbox 2744 1479 2878 1519; x_wconf 88' lang='lat' dir='ltr'><strong>vero</strong></span> <span class='ocrx_word' id='word_1_165' title='bbox 2903 1466 3349 1536; x_wconf 69' lang='lat' dir='ltr'><strong>sphaerulaanun-</strong></span> 
     </span>
    </p>
   </div>
   <div class='ocr_carea' id='block_1_24' title="bbox 59 1515 368 1573">
    <p class='ocr_par' dir='ltr' id='par_1_24' title="bbox 59 1515 368 1573">
     <span class='ocr_line' id='line_1_24' title="bbox 59 1515 368 1573; baseline 0.023 -17"><span class='ocrx_word' id='word_1_166' title='bbox 59 1515 368 1573; x_wconf 85' lang='lat' dir='ltr'><strong>cupantur.</strong></span> 
     </span>
    </p>
   </div>
   <div class='ocr_carea' id='block_1_25' title="bbox 404 1512 3344 1626">
    <p class='ocr_par' dir='ltr' id='par_1_25' title="bbox 404 1512 3344 1626">
     <span class='ocr_line' id='line_1_25' title="bbox 1734 1512 3320 1536; baseline 0.007 -18"><span class='ocrx_word' id='word_1_167' title='bbox 1734 1512 1748 1523; x_wconf 87' lang='lat'><strong>.</strong></span> <span class='ocrx_word' id='word_1_168' title='bbox 1957 1512 1971 1526; x_wconf 88' lang='lat'><strong>.</strong></span> <span class='ocrx_word' id='word_1_169' title='bbox 2087 1512 2096 1513; x_wconf 36' lang='grc' dir='ltr'><em>κ</em></span> <span class='ocrx_word' id='word_1_170' title='bbox 2383 1512 2706 1532; x_wconf 46' lang='grc' dir='ltr'><strong>τωρ-τ--</strong></span> <span class='ocrx_word' id='word_1_171' title='bbox 2757 1512 3320 1536; x_wconf 59' lang='grc' dir='ltr'><strong>---ην--.ν---ην-η...</strong></span> 
     </span>
     <span class='ocr_line' id='line_1_26' title="bbox 404 1512 3344 1626; baseline 0.017 -60"><span class='ocrx_word' id='word_1_172' title='bbox 404 1512 704 1626; x_wconf 47' lang='grc' dir='ltr'>ήιοεειωη</span> <span class='ocrx_word' id='word_1_173' title='bbox 749 1525 1116 1626; x_wconf 78' lang='lat' dir='ltr'><strong>concavitates</strong></span> <span class='ocrx_word' id='word_1_174' title='bbox 1164 1533 1494 1604; x_wconf 85' lang='lat' dir='ltr'><strong>quandoque</strong></span> <span class='ocrx_word' id='word_1_175' title='bbox 1551 1540 1854 1611; x_wconf 88' lang='lat' dir='ltr'><strong>acetabula,</strong></span> <span class='ocrx_word' id='word_1_176' title='bbox 1922 1549 2250 1618; x_wconf 87' lang='lat' dir='ltr'><strong>quandoque</strong></span> <span class='ocrx_word' id='word_1_177' title='bbox 2275 1550 2466 1620; x_wconf 70' lang='lat' dir='ltr'><strong>glenae,</strong></span> <span class='ocrx_word' id='word_1_178' title='bbox 2501 1553 2603 1608; x_wconf 93' lang='lat' dir='ltr'><strong>hoc</strong></span> <span class='ocrx_word' id='word_1_179' title='bbox 2640 1563 2724 1609; x_wconf 88' lang='grc' dir='ltr'><strong>εει</strong></span> <span class='ocrx_word' id='word_1_180' title='bbox 2755 1556 2900 1611; x_wconf 87' lang='lat' dir='ltr'><strong>leves</strong></span> <span class='ocrx_word' id='word_1_181' title='bbox 2941 1559 3344 1626; x_wconf 89' lang='lat' dir='ltr'><strong>concavitates,</strong></span> 
     </span>
    </p>
   </div>
   <div class='ocr_carea' id='block_1_26' title="bbox 61 1598 3347 1717">
    <p class='ocr_par' dir='ltr' id='par_1_26' title="bbox 61 1598 3347 1717">
     <span class='ocr_line' id='line_1_27' title="bbox 61 1598 3347 1717; baseline 0.016 -68"><span class='ocrx_word' id='word_1_182' title='bbox 61 1598 336 1717; x_wconf 55' lang='lat' dir='ltr'><strong>appellari</strong></span> <span class='ocrx_word' id='word_1_183' title='bbox 359 1603 553 1660; x_wconf 81' lang='lat' dir='ltr'><strong>solent.</strong></span> <span class='ocrx_word' id='word_1_184' title='bbox 575 1604 706 1674; x_wconf 74' lang='lat' dir='ltr'><strong>Quae</strong></span> <span class='ocrx_word' id='word_1_185' title='bbox 728 1613 828 1667; x_wconf 92' lang='lat' dir='ltr'><strong>sub</strong></span> <span class='ocrx_word' id='word_1_186' title='bbox 859 1618 1126 1673; x_wconf 85' lang='lat' dir='ltr'><strong>acetabuli</strong></span> <span class='ocrx_word' id='word_1_187' title='bbox 1173 1637 1372 1679; x_wconf 89' lang='lat' dir='ltr'><strong>nomen</strong></span> <span class='ocrx_word' id='word_1_188' title='bbox 1401 1627 1622 1689; x_wconf 85' lang='lat' dir='ltr'><strong>cadunt,</strong></span> <span class='ocrx_word' id='word_1_189' title='bbox 1643 1640 1697 1686; x_wconf 87' lang='lat' dir='ltr'><strong>et</strong></span> <span class='ocrx_word' id='word_1_190' title='bbox 1724 1648 1847 1702; x_wconf 77' lang='lat' dir='ltr'><strong>quae</strong></span> <span class='ocrx_word' id='word_1_191' title='bbox 1875 1598 2073 1709; x_wconf 53' lang='grc' dir='ltr'>κοῖεύλη</span> <span class='ocrx_word' id='word_1_192' title='bbox 2125 1598 2405 1707; x_wconf 57' lang='lat' dir='ltr'><strong>dicunotur,</strong></span> <span class='ocrx_word' id='word_1_193' title='bbox 2442 1642 2828 1712; x_wconf 87' lang='lat' dir='ltr'><strong>profundiores</strong></span> <span class='ocrx_word' id='word_1_194' title='bbox 2856 1655 3018 1712; x_wconf 89' lang='lat' dir='ltr'><strong>sunt,</strong></span> <span class='ocrx_word' id='word_1_195' title='bbox 3057 1663 3181 1717; x_wconf 64' lang='lat' dir='ltr'><strong>quae</strong></span> <span class='ocrx_word' id='word_1_196' title='bbox 3219 1602 3347 1704; x_wconf 65' lang='lat' dir='ltr'><strong>veri;</strong></span> 
     </span>
    </p>
   </div>
   <div class='ocr_carea' id='block_1_27' title="bbox 62 1693 1772 1791">
    <p class='ocr_par' dir='ltr' id='par_1_27' title="bbox 62 1693 1772 1791">
     <span class='ocr_line' id='line_1_28' title="bbox 62 1693 1772 1791; baseline 0.025 -49"><span class='ocrx_word' id='word_1_197' title='bbox 62 1693 421 1760; x_wconf 81' lang='lat' dir='ltr'><strong>superficiem</strong></span> <span class='ocrx_word' id='word_1_198' title='bbox 458 1699 591 1758; x_wconf 86' lang='lat' dir='ltr'><strong>levis</strong></span> <span class='ocrx_word' id='word_1_199' title='bbox 626 1709 984 1767; x_wconf 88' lang='lat' dir='ltr'><strong>concavitatis</strong></span> <span class='ocrx_word' id='word_1_200' title='bbox 1038 1715 1257 1786; x_wconf 82' lang='lat' dir='ltr'><strong>habent,</strong></span> <span class='ocrx_word' id='word_1_201' title='bbox 1284 1721 1474 1791; x_wconf 74' lang='lat' dir='ltr'><strong>glenas</strong></span> <span class='ocrx_word' id='word_1_202' title='bbox 1497 1693 1772 1782; x_wconf 71' lang='lat' dir='ltr'><strong>dictitant.</strong></span> 
     </span>
    </p>
   </div>
   <div class='ocr_carea' id='block_1_28' title="bbox 144 1829 1649 1950">
    <p class='ocr_par' dir='ltr' id='par_1_28' title="bbox 144 1829 1649 1950">
     <span class='ocr_line' id='line_1_29' title="bbox 144 1829 1649 1932; baseline 0.024 -50"><span class='ocrx_word' id='word_1_203' title='bbox 144 1831 220 1884; x_wconf 84' lang='grc' dir='ltr'>Τὸ</span> <span class='ocrx_word' id='word_1_204' title='bbox 247 1829 341 1886; x_wconf 76' lang='grc' dir='ltr'>οὖν</span> <span class='ocrx_word' id='word_1_205' title='bbox 369 1835 463 1890; x_wconf 82' lang='grc' dir='ltr'><strong>τοῦ</strong></span> <span class='ocrx_word' id='word_1_206' title='bbox 499 1842 676 1912; x_wconf 85' lang='grc' dir='ltr'>μηροῦ</span> <span class='ocrx_word' id='word_1_207' title='bbox 706 1847 918 1915; x_wconf 77' lang='grc' dir='ltr'><strong>ὀστοῦν,</strong></span> <span class='ocrx_word' id='word_1_208' title='bbox 946 1851 1158 1908; x_wconf 84' lang='grc' dir='ltr'>ἔνεστιν</span> <span class='ocrx_word' id='word_1_209' title='bbox 1183 1856 1375 1932; x_wconf 85' lang='grc' dir='ltr'>ὥσπερ</span> <span class='ocrx_word' id='word_1_210' title='bbox 1402 1863 1498 1916; x_wconf 80' lang='grc' dir='ltr'><strong>καὶ</strong></span> <span class='ocrx_word' id='word_1_211' title='bbox 1529 1863 1592 1917; x_wconf 85' lang='grc' dir='ltr'><strong>τὺ</strong></span> <span class='ocrx_word' id='word_1_212' title='bbox 1612 1863 1649 1898; x_wconf 62' lang='grc'><strong>⁸⁸</strong></span> 
     </span>
     <span class='ocr_line' id='line_1_30' title="bbox 144 1922 1113 1950; baseline 0 0"><span class='ocrx_word' id='word_1_213' title='bbox 144 1922 167 1950; x_wconf 63' lang='grc' dir='ltr'>ἱ</span> <span class='ocrx_word' id='word_1_214' title='bbox 199 1925 444 1950; x_wconf 41' lang='lat'><strong>0-..--1-“</strong></span> <span class='ocrx_word' id='word_1_215' title='bbox 472 1946 504 1950; x_wconf 58' lang='lat'><strong>,-</strong></span> <span class='ocrx_word' id='word_1_216' title='bbox 594 1934 605 1950; x_wconf 79' lang='grc' dir='ltr'><em>ο</em></span> <span class='ocrx_word' id='word_1_217' title='bbox 830 1941 880 1950; x_wconf 77' lang='grc'><strong>--</strong></span> <span class='ocrx_word' id='word_1_218' title='bbox 917 1943 929 1950; x_wconf 82' lang='lat'><strong>.</strong></span> <span class='ocrx_word' id='word_1_219' title='bbox 1104 1948 1113 1950; x_wconf 36' lang='grc' dir='ltr'>μ</span> 
     </span>
    </p>
   </div>
   <div class='ocr_carea' id='block_1_29' title="bbox 1804 1829 3348 1950">
    <p class='ocr_par' dir='ltr' id='par_1_29' title="bbox 1830 1866 3348 1950">
     <span class='ocr_line' id='line_1_31' title="bbox 1830 1866 3348 1950; baseline 0.008 -28"><span class='ocrx_word' id='word_1_220' title='bbox 1830 1866 1906 1924; x_wconf 91' lang='lat' dir='ltr'><strong>Os</strong></span> <span class='ocrx_word' id='word_1_221' title='bbox 1963 1869 2229 1940; x_wconf 88' lang='lat' dir='ltr'><strong>siquidem</strong></span> <span class='ocrx_word' id='word_1_222' title='bbox 2293 1871 2886 1942; x_wconf 82' lang='lat' dir='ltr'><strong>femoris,maximum</strong></span> <span class='ocrx_word' id='word_1_223' title='bbox 2946 1877 3191 1933; x_wconf 92' lang='lat' dir='ltr'><strong>omnium</strong></span> <span class='ocrx_word' id='word_1_224' title='bbox 3225 1895 3348 1950; x_wconf 70' lang='lat' dir='ltr'><strong>qua:</strong></span> 
     </span>
    </p>
   </div>
   <div class='ocr_carea' id='block_1_30' title="bbox 57 1922 1663 2010">
    <p class='ocr_par' dir='ltr' id='par_1_30' title="bbox 57 1922 1663 2010">
     <span class='ocr_line' id='line_1_32' title="bbox 57 1922 1663 2010; baseline 0.022 -36"><span class='ocrx_word' id='word_1_225' title='bbox 57 1922 168 1975; x_wconf 77' lang='grc' dir='ltr'>τοῦ</span> <span class='ocrx_word' id='word_1_226' title='bbox 197 1925 505 1997; x_wconf 75' lang='grc' dir='ltr'>βραχίονοςο</span> <span class='ocrx_word' id='word_1_227' title='bbox 537 1934 800 2004; x_wconf 83' lang='grc' dir='ltr'>μέγιστον</span> <span class='ocrx_word' id='word_1_228' title='bbox 825 1941 882 1995; x_wconf 85' lang='grc' dir='ltr'><strong>δέ</strong></span> <span class='ocrx_word' id='word_1_229' title='bbox 913 1943 1062 1998; x_wconf 79' lang='grc' dir='ltr'>ἑστιν</span> <span class='ocrx_word' id='word_1_230' title='bbox 1091 1922 1486 2006; x_wconf 68' lang='grc' dir='ltr'>ἁπάντωντῶν</span> <span class='ocrx_word' id='word_1_231' title='bbox 1519 1956 1663 2010; x_wconf 85' lang='grc' dir='ltr'><strong>κατά</strong></span> 
     </span>
    </p>
   </div>
   <div class='ocr_carea' id='block_1_31' title="bbox 59 2013 1663 2120">
    <p class='ocr_par' dir='ltr' id='par_1_31' title="bbox 59 2013 1663 2120">
     <span class='ocr_line' id='line_1_33' title="bbox 59 2013 1663 2120; baseline 0.025 -57"><span class='ocrx_word' id='word_1_232' title='bbox 59 2013 134 2120; x_wconf 65' lang='grc' dir='ltr'><strong>’τὸ</strong></span> <span class='ocrx_word' id='word_1_233' title='bbox 162 2014 304 2120; x_wconf 46' lang='lat' dir='ltr'><strong>eam</strong></span> <span class='ocrx_word' id='word_1_234' title='bbox 350 2018 524 2120; x_wconf 69' lang='grc' dir='ltr'>όστῶν</span> <span class='ocrx_word' id='word_1_235' title='bbox 549 2026 614 2058; x_wconf 71' lang='grc'><strong>⁸³·</strong></span> <span class='ocrx_word' id='word_1_236' title='bbox 672 2027 1028 2102; x_wconf 84' lang='grc' dir='ltr'>διαρθροῦται</span> <span class='ocrx_word' id='word_1_237' title='bbox 1080 2038 1139 2092; x_wconf 84' lang='grc' dir='ltr'>δὲ</span> <span class='ocrx_word' id='word_1_238' title='bbox 1188 2041 1302 2095; x_wconf 82' lang='grc' dir='ltr'>ἄνω</span> <span class='ocrx_word' id='word_1_239' title='bbox 1354 2043 1474 2115; x_wconf 78' lang='grc' dir='ltr'>μὲν,</span> <span class='ocrx_word' id='word_1_240' title='bbox 1525 2048 1663 2120; x_wconf 86' lang='grc' dir='ltr'>πρὸς</span> 
     </span>
    </p>
   </div>
   <div class='ocr_carea' id='block_1_32' title="bbox 65 2106 1664 2207">
    <p class='ocr_par' dir='ltr' id='par_1_32' title="bbox 65 2106 1664 2207">
     <span class='ocr_line' id='line_1_34' title="bbox 65 2106 1664 2207; baseline 0.024 -52"><span class='ocrx_word' id='word_1_241' title='bbox 65 2106 248 2207; x_wconf 45' lang='lat' dir='ltr'><strong>laxior</strong></span> <span class='ocrx_word' id='word_1_242' title='bbox 278 2111 374 2164; x_wconf 78' lang='grc' dir='ltr'>καὶ</span> <span class='ocrx_word' id='word_1_243' title='bbox 405 2113 676 2184; x_wconf 76' lang='grc' dir='ltr'>βουϐῶνα,</span> <span class='ocrx_word' id='word_1_244' title='bbox 704 2122 856 2176; x_wconf 85' lang='grc' dir='ltr'>κάτω</span> <span class='ocrx_word' id='word_1_245' title='bbox 881 2125 959 2192; x_wconf 85' lang='grc' dir='ltr'>δὲ,</span> <span class='ocrx_word' id='word_1_246' title='bbox 992 2129 1129 2200; x_wconf 79' lang='grc' dir='ltr'>πρὸς</span> <span class='ocrx_word' id='word_1_247' title='bbox 1152 2131 1251 2203; x_wconf 83' lang='grc' dir='ltr'><strong>τὴν</strong></span> <span class='ocrx_word' id='word_1_248' title='bbox 1284 2106 1519 2207; x_wconf 73' lang='grc' dir='ltr'>κνήμην.</span> <span class='ocrx_word' id='word_1_249' title='bbox 1552 2106 1664 2192; x_wconf 41' lang='lat' dir='ltr'><strong>lini.</strong></span> 
     </span>
    </p>
   </div>
   <div class='ocr_carea' id='block_1_33' title="bbox 59 2198 1657 2300">
    <p class='ocr_par' dir='ltr' id='par_1_33' title="bbox 59 2198 1657 2300">
     <span class='ocr_line' id='line_1_35' title="bbox 59 2198 1657 2300; baseline 0.024 -52"><span class='ocrx_word' id='word_1_250' title='bbox 59 2198 187 2300; x_wconf 70' lang='grc' dir='ltr'>ἔχει</span> <span class='ocrx_word' id='word_1_251' title='bbox 209 2201 320 2300; x_wconf 68' lang='grc' dir='ltr'>ἄνω</span> <span class='ocrx_word' id='word_1_252' title='bbox 344 2206 462 2275; x_wconf 88' lang='grc' dir='ltr'>μὲν,</span> <span class='ocrx_word' id='word_1_253' title='bbox 487 2210 749 2280; x_wconf 77' lang='grc' dir='ltr'>ἐπίφυσιν</span> <span class='ocrx_word' id='word_1_254' title='bbox 768 2217 1014 2288; x_wconf 81' lang='grc' dir='ltr'><strong>κεφαλῆς</strong></span> <span class='ocrx_word' id='word_1_255' title='bbox 1035 2198 1282 2295; x_wconf 58' lang='grc' dir='ltr'>ἀκριϐῶς</span> <span class='ocrx_word' id='word_1_256' title='bbox 1302 2198 1657 2300; x_wconf 30' lang='grc' dir='ltr'>πευριςρεροῦς,</span> 
     </span>
    </p>
   </div>
   <div class='ocr_carea' id='block_1_34' title="bbox 63 2291 1662 2388">
    <p class='ocr_par' dir='ltr' id='par_1_34' title="bbox 63 2291 1662 2388">
     <span class='ocr_line' id='line_1_36' title="bbox 63 2291 1662 2388; baseline 0.024 -47"><span class='ocrx_word' id='word_1_257' title='bbox 63 2291 234 2388; x_wconf 84' lang='grc' dir='ltr'><strong>κάτω</strong></span> <span class='ocrx_word' id='word_1_258' title='bbox 269 2295 324 2348; x_wconf 83' lang='grc' dir='ltr'>δὲ</span> <span class='ocrx_word' id='word_1_259' title='bbox 368 2300 451 2363; x_wconf 89' lang='grc' dir='ltr'><strong>είς</strong></span> <span class='ocrx_word' id='word_1_260' title='bbox 493 2301 590 2356; x_wconf 80' lang='grc' dir='ltr'>δύο</span> <span class='ocrx_word' id='word_1_261' title='bbox 637 2307 932 2374; x_wconf 87' lang='grc' dir='ltr'>κονδύλους</span> <span class='ocrx_word' id='word_1_262' title='bbox 972 2291 1227 2388; x_wconf 74' lang='grc' dir='ltr'>τελευτᾷ·</span> <span class='ocrx_word' id='word_1_263' title='bbox 1261 2291 1662 2380; x_wconf 45' lang='grc' dir='ltr'>καὶ-συνδεῖται</span> 
     </span>
    </p>
   </div>
   <div class='ocr_carea' id='block_1_35' title="bbox 62 2385 1662 2488">
    <p class='ocr_par' dir='ltr' id='par_1_35' title="bbox 62 2385 1662 2488">
     <span class='ocr_line' id='line_1_37' title="bbox 62 2385 1662 2488; baseline 0.024 -54"><span class='ocrx_word' id='word_1_264' title='bbox 62 2385 361 2488; x_wconf 36' lang='grc' dir='ltr'>πρὸς-τὴν</span> <span class='ocrx_word' id='word_1_265' title='bbox 407 2395 660 2488; x_wconf 80' lang='grc' dir='ltr'>κνήμην,</span> <span class='ocrx_word' id='word_1_266' title='bbox 711 2402 771 2453; x_wconf 80' lang='grc' dir='ltr'>οὐ</span> <span class='ocrx_word' id='word_1_267' title='bbox 827 2403 918 2458; x_wconf 85' lang='grc' dir='ltr'><strong>διά</strong></span> <span class='ocrx_word' id='word_1_268' title='bbox 979 2407 1091 2460; x_wconf 84' lang='grc' dir='ltr'>τῶν</span> <span class='ocrx_word' id='word_1_269' title='bbox 1139 2385 1432 2480; x_wconf 85' lang='grc' dir='ltr'>ὑμενωδῶν</span> <span class='ocrx_word' id='word_1_270' title='bbox 1498 2419 1662 2488; x_wconf 88' lang='grc' dir='ltr'>μόνον</span> 
     </span>
    </p>
   </div>
   <div class='ocr_carea' id='block_1_36' title="bbox 62 2480 1663 2578">
    <p class='ocr_par' dir='ltr' id='par_1_36' title="bbox 62 2480 1663 2578">
     <span class='ocr_line' id='line_1_38' title="bbox 62 2480 1663 2578; baseline 0.022 -48"><span class='ocrx_word' id='word_1_271' title='bbox 62 2480 392 2552; x_wconf 78' lang='grc' dir='ltr'>συνδέσμων</span> <span class='ocrx_word' id='word_1_272' title='bbox 442 2487 552 2541; x_wconf 82' lang='grc' dir='ltr'><strong>τῶν</strong></span> <span class='ocrx_word' id='word_1_273' title='bbox 593 2491 654 2543; x_wconf 72' lang='grc' dir='ltr'>ὲν</span> <span class='ocrx_word' id='word_1_274' title='bbox 703 2492 893 2565; x_wconf 80' lang='grc' dir='ltr'>κύκλῳ</span> <span class='ocrx_word' id='word_1_275' title='bbox 943 2499 1124 2552; x_wconf 86' lang='grc' dir='ltr'>πᾶσαν</span> <span class='ocrx_word' id='word_1_276' title='bbox 1183 2480 1518 2578; x_wconf 72' lang='grc' dir='ltr'>διάρθρωσιν</span> <span class='ocrx_word' id='word_1_277' title='bbox 1564 2528 1663 2564; x_wconf 89' lang='grc' dir='ltr'>πε-</span> 
     </span>
    </p>
   </div>
   <div class='ocr_carea' id='block_1_37' title="bbox 65 2571 1662 2675">
    <p class='ocr_par' dir='ltr' id='par_1_37' title="bbox 65 2571 1662 2675">
     <span class='ocr_line' id='line_1_39' title="bbox 65 2571 1662 2675; baseline 0.024 -54"><span class='ocrx_word' id='word_1_278' title='bbox 65 2571 468 2675; x_wconf 58' lang='grc' dir='ltr'>ριειληφότων,</span> <span class='ocrx_word' id='word_1_279' title='bbox 509 2579 646 2640; x_wconf 89' lang='grc' dir='ltr'><strong>ἀλλά</strong></span> <span class='ocrx_word' id='word_1_280' title='bbox 709 2587 803 2654; x_wconf 70' lang='grc' dir='ltr'>καὶ</span> <span class='ocrx_word' id='word_1_281' title='bbox 843 2587 909 2642; x_wconf 88' lang='grc' dir='ltr'><strong>δι’</strong></span> <span class='ocrx_word' id='word_1_282' title='bbox 957 2591 1131 2648; x_wconf 80' lang='grc' dir='ltr'>ἄλλων</span> <span class='ocrx_word' id='word_1_283' title='bbox 1152 2595 1198 2627; x_wconf 76' lang='grc' dir='ltr'><strong>⁸ο</strong></span> <span class='ocrx_word' id='word_1_284' title='bbox 1245 2571 1412 2668; x_wconf 71' lang='grc' dir='ltr'>τριέὸν</span> <span class='ocrx_word' id='word_1_285' title='bbox 1465 2619 1662 2675; x_wconf 88' lang='grc' dir='ltr'>στρογ-</span> 
     </span>
    </p>
   </div>
   <div class='ocr_carea' id='block_1_38' title="bbox 63 2661 1661 2764">
    <p class='ocr_par' dir='ltr' id='par_1_38' title="bbox 63 2661 1661 2764">
     <span class='ocr_line' id='line_1_40' title="bbox 63 2661 1661 2764; baseline 0.024 -54"><span class='ocrx_word' id='word_1_286' title='bbox 63 2661 260 2764; x_wconf 47' lang='lat' dir='ltr'><strong>xtime</strong></span> <span class='ocrx_word' id='word_1_287' title='bbox 301 2666 398 2718; x_wconf 73' lang='grc' dir='ltr'><strong>καὶ</strong></span> <span class='ocrx_word' id='word_1_288' title='bbox 442 2668 707 2764; x_wconf 82' lang='grc' dir='ltr'>δυνατῶν.</span> <span class='ocrx_word' id='word_1_289' title='bbox 755 2680 958 2746; x_wconf 79' lang='grc' dir='ltr'>Μηρὸς</span> <span class='ocrx_word' id='word_1_290' title='bbox 1007 2682 1065 2736; x_wconf 83' lang='grc' dir='ltr'>δὲ</span> <span class='ocrx_word' id='word_1_291' title='bbox 1127 2661 1376 2742; x_wconf 67' lang='grc' dir='ltr'>καλεῖται</span> <span class='ocrx_word' id='word_1_292' title='bbox 1426 2661 1661 2764; x_wconf 52' lang='grc' dir='ltr'><strong>δτίμὶ-</strong></span> 
     </span>
    </p>
   </div>
   <div class='ocr_carea' id='block_1_39' title="bbox 68 2753 1662 2856">
    <p class='ocr_par' dir='ltr' id='par_1_39' title="bbox 68 2753 1662 2856">
     <span class='ocr_line' id='line_1_41' title="bbox 68 2753 1662 2856; baseline 0.023 -54"><span class='ocrx_word' id='word_1_293' title='bbox 68 2753 457 2856; x_wconf 53' lang='grc' dir='ltr'>ρῖςεται.κατ’</span> <span class='ocrx_word' id='word_1_294' title='bbox 511 2761 688 2856; x_wconf 75' lang='grc' dir='ltr'>έκεῖνο</span> <span class='ocrx_word' id='word_1_295' title='bbox 740 2766 801 2819; x_wconf 79' lang='grc' dir='ltr'><strong>τὸ</strong></span> <span class='ocrx_word' id='word_1_296' title='bbox 853 2769 1020 2840; x_wconf 81' lang='grc' dir='ltr'>μέρος</span> <span class='ocrx_word' id='word_1_297' title='bbox 1069 2774 1132 2827; x_wconf 80' lang='grc' dir='ltr'>τὸ</span> <span class='ocrx_word' id='word_1_298' title='bbox 1184 2777 1382 2846; x_wconf 85' lang='grc' dir='ltr'>σῶμα·</span> <span class='ocrx_word' id='word_1_299' title='bbox 1435 2781 1496 2834; x_wconf 86' lang='grc' dir='ltr'>τὸ</span> <span class='ocrx_word' id='word_1_300' title='bbox 1551 2753 1662 2856; x_wconf 79' lang='grc' dir='ltr'>γὰρ</span> 
     </span>
    </p>
   </div>
   <div class='ocr_carea' id='block_1_40' title="bbox 63 2842 1658 2942">
    <p class='ocr_par' dir='ltr' id='par_1_40' title="bbox 63 2842 1658 2942">
     <span class='ocr_line' id='line_1_42' title="bbox 63 2842 1658 2942; baseline 0.024 -51"><span class='ocrx_word' id='word_1_301' title='bbox 63 2842 186 2942; x_wconf 46' lang='grc' dir='ltr'>ἀπὸ</span> <span class='ocrx_word' id='word_1_302' title='bbox 252 2843 347 2897; x_wconf 81' lang='grc' dir='ltr'>τοῦ</span> <span class='ocrx_word' id='word_1_303' title='bbox 386 2849 670 2942; x_wconf 65' lang='grc' dir='ltr'><strong>Δτραχήλου</strong></span> <span class='ocrx_word' id='word_1_304' title='bbox 735 2855 973 2926; x_wconf 72' lang='grc' dir='ltr'>μῆκοςυί</span> <span class='ocrx_word' id='word_1_305' title='bbox 1038 2863 1202 2934; x_wconf 88' lang='grc' dir='ltr'>μέχρι</span> <span class='ocrx_word' id='word_1_306' title='bbox 1249 2842 1357 2920; x_wconf 75' lang='grc' dir='ltr'><strong>τῶν</strong></span> <span class='ocrx_word' id='word_1_307' title='bbox 1410 2842 1658 2942; x_wconf 39' lang='grc' dir='ltr'>αἰδοίωνι,</span> 
     </span>
    </p>
   </div>
   <div class='ocr_carea' id='block_1_41' title="bbox 63 2930 1656 3027">
    <p class='ocr_par' dir='ltr' id='par_1_41' title="bbox 63 2930 1656 3027">
     <span class='ocr_line' id='line_1_43' title="bbox 63 2930 1656 3027; baseline 0.024 -44"><span class='ocrx_word' id='word_1_308' title='bbox 63 2930 264 3001; x_wconf 77' lang='grc' dir='ltr'>ὅλμος</span> <span class='ocrx_word' id='word_1_309' title='bbox 297 2937 558 3027; x_wconf 68' lang='grc' dir='ltr'><strong>Δκαλεῖται</strong></span> <span class='ocrx_word' id='word_1_310' title='bbox 613 2944 701 3000; x_wconf 83' lang='grc' dir='ltr'><strong>διὰ</strong></span> <span class='ocrx_word' id='word_1_311' title='bbox 746 2948 847 3020; x_wconf 81' lang='grc' dir='ltr'><strong>τὴν</strong></span> <span class='ocrx_word' id='word_1_312' title='bbox 885 2930 1232 3027; x_wconf 48' lang='grc' dir='ltr'>εὐρυχωρίαν</span> <span class='ocrx_word' id='word_1_313' title='bbox 1289 2961 1381 3014; x_wconf 81' lang='grc' dir='ltr'>τοῦ</span> <span class='ocrx_word' id='word_1_314' title='bbox 1452 2930 1656 3022; x_wconf 46' lang='grc' dir='ltr'>τόπουί</span> 
     </span>
    </p>
   </div>
   <div class='ocr_carea' id='block_1_42' title="bbox 64 3025 1654 3120">
    <p class='ocr_par' dir='ltr' id='par_1_42' title="bbox 64 3025 1654 3120">
     <span class='ocr_line' id='line_1_44' title="bbox 64 3025 1654 3120; baseline 0.021 -46"><span class='ocrx_word' id='word_1_315' title='bbox 64 3025 530 3120; x_wconf 59' lang='grc' dir='ltr'>ἀποκεκλιμένων</span> <span class='ocrx_word' id='word_1_316' title='bbox 599 3036 709 3106; x_wconf 86' lang='grc' dir='ltr'><strong>γὰρ</strong></span> <span class='ocrx_word' id='word_1_317' title='bbox 774 3037 884 3092; x_wconf 84' lang='grc' dir='ltr'><strong>τῶν</strong></span> <span class='ocrx_word' id='word_1_318' title='bbox 965 3025 1166 3114; x_wconf 71' lang='grc' dir='ltr'>χειρῶν</span> <span class='ocrx_word' id='word_1_319' title='bbox 1217 3046 1368 3120; x_wconf 75' lang='grc' dir='ltr'>ὅλμῳ</span> <span class='ocrx_word' id='word_1_320' title='bbox 1437 3051 1654 3106; x_wconf 80' lang='grc' dir='ltr'>ἔοικεν·</span> 
     </span>
    </p>
   </div>
   <div class='ocr_carea' id='block_1_43' title="bbox 63 3111 1660 3215">
    <p class='ocr_par' dir='ltr' id='par_1_43' title="bbox 63 3111 1660 3215">
     <span class='ocr_line' id='line_1_45' title="bbox 63 3111 1660 3215; baseline 0.022 -49"><span class='ocrx_word' id='word_1_321' title='bbox 63 3113 194 3215; x_wconf 58' lang='grc' dir='ltr'>έστι</span> <span class='ocrx_word' id='word_1_322' title='bbox 230 3111 286 3171; x_wconf 79' lang='grc' dir='ltr'>δὲ</span> <span class='ocrx_word' id='word_1_323' title='bbox 323 3119 442 3184; x_wconf 84' lang='grc' dir='ltr'>ὅλος</span> <span class='ocrx_word' id='word_1_324' title='bbox 485 3123 514 3176; x_wconf 90' lang='grc' dir='ltr'><strong>ό</strong></span> <span class='ocrx_word' id='word_1_325' title='bbox 568 3127 744 3197; x_wconf 75' lang='grc' dir='ltr'>μηρὸς</span> <span class='ocrx_word' id='word_1_326' title='bbox 799 3128 878 3200; x_wconf 84' lang='grc' dir='ltr'>τῷ</span> <span class='ocrx_word' id='word_1_327' title='bbox 917 3111 1158 3203; x_wconf 85' lang='grc' dir='ltr'>σχήματι</span> <span class='ocrx_word' id='word_1_328' title='bbox 1184 3137 1253 3202; x_wconf 80' lang='grc'><strong>⁸⁸,</strong></span> <span class='ocrx_word' id='word_1_329' title='bbox 1282 3111 1500 3213; x_wconf 41' lang='grc' dir='ltr'>’κυρτὸς</span> <span class='ocrx_word' id='word_1_330' title='bbox 1559 3146 1660 3215; x_wconf 87' lang='grc' dir='ltr'>μὲν</span> 
     </span>
    </p>
   </div>
   <div class='ocr_carea' id='block_1_44' title="bbox 64 3209 1730 3300">
    <p class='ocr_par' dir='ltr' id='par_1_44' title="bbox 64 3209 1730 3300">
     <span class='ocr_line' id='line_1_46' title="bbox 64 3209 1730 3300; baseline 0.022 -41"><span class='ocrx_word' id='word_1_331' title='bbox 64 3209 136 3260; x_wconf 77' lang='grc' dir='ltr'>ἐν</span> <span class='ocrx_word' id='word_1_332' title='bbox 185 3213 300 3274; x_wconf 82' lang='grc' dir='ltr'>τοῖς</span> <span class='ocrx_word' id='word_1_333' title='bbox 350 3215 542 3286; x_wconf 90' lang='grc' dir='ltr'>πρόσω</span> <span class='ocrx_word' id='word_1_334' title='bbox 601 3219 697 3273; x_wconf 78' lang='grc' dir='ltr'>καὶ</span> <span class='ocrx_word' id='word_1_335' title='bbox 755 3221 861 3287; x_wconf 79' lang='grc' dir='ltr'><strong>ἔξω</strong></span> <span class='ocrx_word' id='word_1_336' title='bbox 889 3242 901 3256; x_wconf 80' lang='grc' dir='ltr'><strong><em>ο</em></strong></span> <span class='ocrx_word' id='word_1_337' title='bbox 949 3227 1108 3298; x_wconf 84' lang='grc' dir='ltr'>σιμὸς</span> <span class='ocrx_word' id='word_1_338' title='bbox 1140 3229 1197 3283; x_wconf 85' lang='grc' dir='ltr'>δὲ</span> <span class='ocrx_word' id='word_1_339' title='bbox 1241 3232 1300 3287; x_wconf 84' lang='grc' dir='ltr'>ὲν</span> <span class='ocrx_word' id='word_1_340' title='bbox 1337 3209 1450 3300; x_wconf 84' lang='grc' dir='ltr'>τοῖς</span> <span class='ocrx_word' id='word_1_341' title='bbox 1480 3209 1656 3294; x_wconf 84' lang='grc' dir='ltr'>ὀπίσω</span> <span class='ocrx_word' id='word_1_342' title='bbox 1685 3215 1730 3276; x_wconf 76' lang='lat' dir='ltr'><strong>C</strong></span> 
     </span>
    </p>
   </div>
   <div class='ocr_carea' id='block_1_45' title="bbox 67 3300 1656 3400">
    <p class='ocr_par' dir='ltr' id='par_1_45' title="bbox 67 3300 1656 3400">
     <span class='ocr_line' id='line_1_47' title="bbox 67 3300 1656 3400; baseline 0.022 -49"><span class='ocrx_word' id='word_1_343' title='bbox 67 3301 172 3400; x_wconf 67' lang='grc' dir='ltr'>καὶ</span> <span class='ocrx_word' id='word_1_344' title='bbox 225 3300 391 3400; x_wconf 74' lang='grc' dir='ltr'>ἔνδον.</span> <span class='ocrx_word' id='word_1_345' title='bbox 448 3307 776 3380; x_wconf 82' lang='grc' dir='ltr'>Ἀποφύσεις</span> <span class='ocrx_word' id='word_1_346' title='bbox 812 3314 868 3368; x_wconf 85' lang='grc' dir='ltr'>δὲ</span> <span class='ocrx_word' id='word_1_347' title='bbox 897 3315 1012 3388; x_wconf 82' lang='grc' dir='ltr'>ἔχει</span> <span class='ocrx_word' id='word_1_348' title='bbox 1057 3319 1151 3373; x_wconf 82' lang='grc' dir='ltr'>δύο</span> <span class='ocrx_word' id='word_1_349' title='bbox 1185 3324 1264 3386; x_wconf 83' lang='grc' dir='ltr'><strong>είς</strong></span> <span class='ocrx_word' id='word_1_350' title='bbox 1303 3325 1472 3397; x_wconf 78' lang='grc' dir='ltr'>ἀκρον</span> <span class='ocrx_word' id='word_1_351' title='bbox 1523 3347 1656 3400; x_wconf 88' lang='grc' dir='ltr'>μικ-</span> 
     </span>
    </p>
   </div>
   <div class='ocr_carea' id='block_1_46' title="bbox 69 3391 1656 3488">
    <p class='ocr_par' dir='ltr' id='par_1_46' title="bbox 69 3391 1656 3488">
     <span class='ocr_line' id='line_1_48' title="bbox 69 3391 1656 3488; baseline 0.018 -44"><span class='ocrx_word' id='word_1_352' title='bbox 220 3393 497 3488; x_wconf 27' lang='grc' dir='ltr'>ῌύποκάτω</span> <span class='ocrx_word' id='word_1_353' title='bbox 559 3402 654 3455; x_wconf 78' lang='grc' dir='ltr'><strong>τοῦ</strong></span> <span class='ocrx_word' id='word_1_354' title='bbox 717 3406 983 3478; x_wconf 78' lang='grc' dir='ltr'>αὐχένοςο</span> <span class='ocrx_word' id='word_1_355' title='bbox 1051 3411 1118 3476; x_wconf 78' lang='grc' dir='ltr'>ἃς</span> <span class='ocrx_word' id='word_1_356' title='bbox 1179 3391 1592 3488; x_wconf 62' lang='grc' dir='ltr'>τροχαντῆρξις</span> <span class='ocrx_word' id='word_1_357' title='bbox 1611 3423 1656 3455; x_wconf 83' lang='grc'><strong><em>⁵³</em></strong></span> 
     </span>
    </p>
   </div>
   <div class='ocr_carea' id='block_1_47' title="bbox 67 3483 1652 3579">
    <p class='ocr_par' dir='ltr' id='par_1_47' title="bbox 67 3483 1652 3579">
     <span class='ocr_line' id='line_1_49' title="bbox 67 3483 1652 3579; baseline 0.023 -45"><span class='ocrx_word' id='word_1_358' title='bbox 67 3483 332 3579; x_wconf 78' lang='grc' dir='ltr'>καλοῦσι·</span> <span class='ocrx_word' id='word_1_359' title='bbox 365 3490 547 3564; x_wconf 85' lang='grc' dir='ltr'>πολλῷ</span> <span class='ocrx_word' id='word_1_360' title='bbox 579 3493 635 3549; x_wconf 84' lang='grc' dir='ltr'>δὲ</span> <span class='ocrx_word' id='word_1_361' title='bbox 676 3497 881 3568; x_wconf 73' lang='grc' dir='ltr'>μείζων</span> <span class='ocrx_word' id='word_1_362' title='bbox 918 3504 950 3574; x_wconf 88' lang='grc' dir='ltr'><strong>ή</strong></span> <span class='ocrx_word' id='word_1_363' title='bbox 987 3503 1098 3558; x_wconf 75' lang='grc' dir='ltr'>ἔσω</span> <span class='ocrx_word' id='word_1_364' title='bbox 1142 3509 1242 3579; x_wconf 86' lang='grc' dir='ltr'><strong>τῆς</strong></span> <span class='ocrx_word' id='word_1_365' title='bbox 1275 3483 1492 3577; x_wconf 61' lang='grc' dir='ltr'><strong>ἐξωθεῖ</strong></span> <span class='ocrx_word' id='word_1_366' title='bbox 1514 3483 1652 3569; x_wconf 79' lang='grc' dir='ltr'>ἐστι’</span> 
     </span>
    </p>
   </div>
   <div class='ocr_carea' id='block_1_48' title="bbox 66 3577 1656 3679">
    <p class='ocr_par' dir='ltr' id='par_1_48' title="bbox 66 3577 1656 3679">
     <span class='ocr_line' id='line_1_50' title="bbox 66 3577 1656 3679; baseline 0.023 -52"><span class='ocrx_word' id='word_1_367' title='bbox 66 3577 174 3679; x_wconf 58' lang='grc' dir='ltr'>καὶ</span> <span class='ocrx_word' id='word_1_368' title='bbox 203 3581 236 3650; x_wconf 90' lang='grc' dir='ltr'><strong>ή</strong></span> <span class='ocrx_word' id='word_1_369' title='bbox 263 3581 384 3679; x_wconf 30' lang='grc' dir='ltr'>μὲν.</span> <span class='ocrx_word' id='word_1_370' title='bbox 423 3583 564 3655; x_wconf 78' lang='grc' dir='ltr'>ἔσω,</span> <span class='ocrx_word' id='word_1_371' title='bbox 595 3588 926 3664; x_wconf 85' lang='grc' dir='ltr'>διήρθρωται</span> <span class='ocrx_word' id='word_1_372' title='bbox 973 3599 1054 3662; x_wconf 80' lang='grc' dir='ltr'><strong>είς</strong></span> <span class='ocrx_word' id='word_1_373' title='bbox 1092 3577 1207 3654; x_wconf 35' lang='grc' dir='ltr'>τδν-</span> <span class='ocrx_word' id='word_1_374' title='bbox 1229 3601 1502 3674; x_wconf 75' lang='grc' dir='ltr'>βουϐῶναο</span> <span class='ocrx_word' id='word_1_375' title='bbox 1535 3609 1567 3679; x_wconf 83' lang='grc' dir='ltr'><strong>ἡ</strong></span> <span class='ocrx_word' id='word_1_376' title='bbox 1598 3609 1656 3663; x_wconf 84' lang='grc' dir='ltr'>δὲ</span> 
     </span>
    </p>
   </div>
   <div class='ocr_carea' id='block_1_49' title="bbox 64 3666 1022 3754">
    <p class='ocr_par' dir='ltr' id='par_1_49' title="bbox 64 3666 1022 3754">
     <span class='ocr_line' id='line_1_51' title="bbox 64 3666 1022 3754; baseline 0.03 -36"><span class='ocrx_word' id='word_1_377' title='bbox 64 3666 203 3733; x_wconf 75' lang='grc' dir='ltr'>ἔξω,</span> <span class='ocrx_word' id='word_1_378' title='bbox 227 3673 308 3737; x_wconf 85' lang='grc' dir='ltr'><strong>είς</strong></span> <span class='ocrx_word' id='word_1_379' title='bbox 333 3675 432 3747; x_wconf 75' lang='grc' dir='ltr'><strong>τήν</strong></span> <span class='ocrx_word' id='word_1_380' title='bbox 453 3680 710 3754; x_wconf 80' lang='grc' dir='ltr'>κοτύλην.</span> <span class='ocrx_word' id='word_1_381' title='bbox 1000 3698 1022 3719; x_wconf 85' lang='grc'><strong><em>⁸</em></strong></span> 
     </span>
    </p>
   </div>
   <div class='ocr_carea' id='block_1_50' title="bbox 1766 1959 3342 2038">
    <p class='ocr_par' dir='ltr' id='par_1_50' title="bbox 1766 1959 3342 2038">
     <span class='ocr_line' id='line_1_52' title="bbox 1766 1959 3342 2038; baseline 0.008 -26"><span class='ocrx_word' id='word_1_382' title='bbox 1766 1959 1819 2012; x_wconf 94' lang='lat' dir='ltr'><strong>in</strong></span> <span class='ocrx_word' id='word_1_383' title='bbox 1856 1960 2076 2016; x_wconf 86' lang='lat' dir='ltr'><strong>homine</strong></span> <span class='ocrx_word' id='word_1_384' title='bbox 2109 1971 2240 2016; x_wconf 90' lang='lat' dir='ltr'><strong>sunt</strong></span> <span class='ocrx_word' id='word_1_385' title='bbox 2269 1964 2475 2019; x_wconf 88' lang='lat' dir='ltr'><strong>ossium</strong></span> <span class='ocrx_word' id='word_1_386' title='bbox 2523 1965 2774 2031; x_wconf 88' lang='lat' dir='ltr'><strong>habetur,</strong></span> <span class='ocrx_word' id='word_1_387' title='bbox 2807 1967 2954 2037; x_wconf 87' lang='lat' dir='ltr'><strong>quod</strong></span> <span class='ocrx_word' id='word_1_388' title='bbox 2985 1969 3205 2038; x_wconf 86' lang='lat' dir='ltr'><strong>quidem</strong></span> <span class='ocrx_word' id='word_1_389' title='bbox 3249 1986 3342 2025; x_wconf 91' lang='lat' dir='ltr'><strong>su-</strong></span> 
     </span>
    </p>
   </div>
   <div class='ocr_carea' id='block_1_51' title="bbox 1763 2056 3342 2125">
    <p class='ocr_par' dir='ltr' id='par_1_51' title="bbox 1763 2056 3342 2125">
     <span class='ocr_line' id='line_1_53' title="bbox 1763 2056 3342 2125; baseline 0.006 -19"><span class='ocrx_word' id='word_1_390' title='bbox 1763 2067 1931 2122; x_wconf 85' lang='lat' dir='ltr'><strong>perne</strong></span> <span class='ocrx_word' id='word_1_391' title='bbox 1983 2067 2106 2107; x_wconf 88' lang='lat' dir='ltr'><strong>cum</strong></span> <span class='ocrx_word' id='word_1_392' title='bbox 2158 2056 2412 2124; x_wconf 84' lang='lat' dir='ltr'><strong>pectine,</strong></span> <span class='ocrx_word' id='word_1_393' title='bbox 2459 2067 2512 2111; x_wconf 92' lang='lat' dir='ltr'><strong>et</strong></span> <span class='ocrx_word' id='word_1_394' title='bbox 2545 2060 2972 2124; x_wconf 86' lang='lat' dir='ltr'><strong>coxendicibus,</strong></span> <span class='ocrx_word' id='word_1_395' title='bbox 3021 2059 3160 2114; x_wconf 88' lang='lat' dir='ltr'><strong>infra</strong></span> <span class='ocrx_word' id='word_1_396' title='bbox 3193 2077 3342 2125; x_wconf 86' lang='lat' dir='ltr'><strong>vero,</strong></span> 
     </span>
    </p>
   </div>
   <div class='ocr_carea' id='block_1_52' title="bbox 1763 2143 3348 2221">
    <p class='ocr_par' dir='ltr' id='par_1_52' title="bbox 1763 2143 3348 2221">
     <span class='ocr_line' id='line_1_54' title="bbox 1763 2143 3348 2221; baseline 0.007 -23"><span class='ocrx_word' id='word_1_397' title='bbox 1763 2159 1888 2198; x_wconf 91' lang='lat' dir='ltr'><strong>cum</strong></span> <span class='ocrx_word' id='word_1_398' title='bbox 1944 2143 2077 2199; x_wconf 89' lang='lat' dir='ltr'><strong>tibia</strong></span> <span class='ocrx_word' id='word_1_399' title='bbox 2120 2145 2536 2202; x_wconf 88' lang='lat' dir='ltr'><strong>dearticulatur.</strong></span> <span class='ocrx_word' id='word_1_400' title='bbox 2578 2148 2691 2205; x_wconf 86' lang='lat' dir='ltr'><strong>Hoc</strong></span> <span class='ocrx_word' id='word_1_401' title='bbox 2733 2151 3000 2221; x_wconf 87' lang='lat' dir='ltr'><strong>siquidem</strong></span> <span class='ocrx_word' id='word_1_402' title='bbox 3037 2167 3120 2215; x_wconf 91' lang='lat' dir='ltr'><strong>os,</strong></span> <span class='ocrx_word' id='word_1_403' title='bbox 3154 2151 3210 2206; x_wconf 91' lang='lat' dir='ltr'><strong>in</strong></span> <span class='ocrx_word' id='word_1_404' title='bbox 3252 2169 3348 2208; x_wconf 59' lang='lat' dir='ltr'><strong>sun</strong></span> 
     </span>
    </p>
   </div>
   <div class='ocr_carea' id='block_1_53' title="bbox 1764 2235 3342 2309">
    <p class='ocr_par' dir='ltr' id='par_1_53' title="bbox 1764 2235 3342 2309">
     <span class='ocr_line' id='line_1_55' title="bbox 1764 2235 3342 2309; baseline 0.006 -21"><span class='ocrx_word' id='word_1_405' title='bbox 1764 2235 1966 2304; x_wconf 89' lang='lat' dir='ltr'><strong>periori</strong></span> <span class='ocrx_word' id='word_1_406' title='bbox 1997 2243 2180 2305; x_wconf 86' lang='lat' dir='ltr'><strong>parte,</strong></span> <span class='ocrx_word' id='word_1_407' title='bbox 2226 2237 2280 2291; x_wconf 92' lang='lat' dir='ltr'><strong>in</strong></span> <span class='ocrx_word' id='word_1_408' title='bbox 2311 2249 2474 2308; x_wconf 88' lang='lat' dir='ltr'><strong>caput</strong></span> <span class='ocrx_word' id='word_1_409' title='bbox 2506 2249 2696 2296; x_wconf 85' lang='lat' dir='ltr'><strong>exacte</strong></span> <span class='ocrx_word' id='word_1_410' title='bbox 2723 2242 3089 2297; x_wconf 87' lang='lat' dir='ltr'><strong>orbiculatum</strong></span> <span class='ocrx_word' id='word_1_411' title='bbox 3123 2243 3342 2309; x_wconf 86' lang='lat' dir='ltr'><strong>desinit,</strong></span> 
     </span>
    </p>
   </div>
   <div class='ocr_carea' id='block_1_54' title="bbox 1764 2327 3342 2398">
    <p class='ocr_par' dir='ltr' id='par_1_54' title="bbox 1764 2327 3342 2398">
     <span class='ocr_line' id='line_1_56' title="bbox 1764 2327 3342 2398; baseline 0.006 -18"><span class='ocrx_word' id='word_1_412' title='bbox 1764 2327 1906 2382; x_wconf 88' lang='lat' dir='ltr'><strong>infra</strong></span> <span class='ocrx_word' id='word_1_413' title='bbox 1934 2343 2082 2394; x_wconf 89' lang='lat' dir='ltr'><strong>vero,</strong></span> <span class='ocrx_word' id='word_1_414' title='bbox 2117 2329 2173 2384; x_wconf 89' lang='lat' dir='ltr'><strong>in</strong></span> <span class='ocrx_word' id='word_1_415' title='bbox 2205 2331 2481 2398; x_wconf 84' lang='lat' dir='ltr'><strong>geminum</strong></span> <span class='ocrx_word' id='word_1_416' title='bbox 2518 2332 2859 2388; x_wconf 89' lang='lat' dir='ltr'><strong>tuberculum</strong></span> <span class='ocrx_word' id='word_1_417' title='bbox 2891 2334 3099 2388; x_wconf 86' lang='lat' dir='ltr'><strong>finitur.</strong></span> <span class='ocrx_word' id='word_1_418' title='bbox 3133 2333 3342 2390; x_wconf 89' lang='lat' dir='ltr'><strong>Etcum</strong></span> 
     </span>
    </p>
   </div>
   <div class='ocr_carea' id='block_1_55' title="bbox 1764 2421 3345 2498">
    <p class='ocr_par' dir='ltr' id='par_1_55' title="bbox 1764 2421 3345 2498">
     <span class='ocr_line' id='line_1_57' title="bbox 1764 2421 3345 2498; baseline 0.004 -23"><span class='ocrx_word' id='word_1_419' title='bbox 1764 2421 1916 2489; x_wconf 83' lang='lat' dir='ltr'><strong>tibia,</strong></span> <span class='ocrx_word' id='word_1_420' title='bbox 1955 2422 2264 2476; x_wconf 39' lang='lat' dir='ltr'><strong>non..medo</strong></span> <span class='ocrx_word' id='word_1_421' title='bbox 2291 2424 2663 2481; x_wconf 89' lang='lat' dir='ltr'><strong>membraneis</strong></span> <span class='ocrx_word' id='word_1_422' title='bbox 2689 2426 3198 2498; x_wconf 78' lang='lat' dir='ltr'><strong>126ligamentis,</strong></span> <span class='ocrx_word' id='word_1_423' title='bbox 3222 2441 3345 2495; x_wconf 63' lang='lat' dir='ltr'><strong>qua</strong></span> 
     </span>
    </p>
   </div>
   <div class='ocr_carea' id='block_1_56' title="bbox 1764 2515 3345 2587">
    <p class='ocr_par' dir='ltr' id='par_1_56' title="bbox 1764 2515 3345 2587">
     <span class='ocr_line' id='line_1_58' title="bbox 1764 2515 3345 2587; baseline 0.002 -19"><span class='ocrx_word' id='word_1_424' title='bbox 1764 2519 1930 2568; x_wconf 90' lang='lat' dir='ltr'><strong>totam</strong></span> <span class='ocrx_word' id='word_1_425' title='bbox 1983 2515 2487 2571; x_wconf 86' lang='lat' dir='ltr'><strong>dearticulationem</strong></span> <span class='ocrx_word' id='word_1_426' title='bbox 2535 2517 2790 2572; x_wconf 87' lang='lat' dir='ltr'><strong>circulari</strong></span> <span class='ocrx_word' id='word_1_427' title='bbox 2858 2517 3051 2572; x_wconf 92' lang='lat' dir='ltr'><strong>ordine</strong></span> <span class='ocrx_word' id='word_1_428' title='bbox 3101 2517 3345 2587; x_wconf 81' lang='lat' dir='ltr'><strong>comple-</strong></span> 
     </span>
    </p>
   </div>
   <div class='ocr_carea' id='block_1_57' title="bbox 1762 2608 3342 2670">
    <p class='ocr_par' dir='ltr' id='par_1_57' title="bbox 1762 2608 3342 2670">
     <span class='ocr_line' id='line_1_59' title="bbox 1762 2608 3342 2670; baseline 0.004 -10"><span class='ocrx_word' id='word_1_429' title='bbox 1762 2614 2005 2670; x_wconf 88' lang='lat' dir='ltr'><strong>ctuntur,</strong></span> <span class='ocrx_word' id='word_1_430' title='bbox 2036 2608 2130 2662; x_wconf 90' lang='lat' dir='ltr'><strong>sed</strong></span> <span class='ocrx_word' id='word_1_431' title='bbox 2162 2608 2230 2662; x_wconf 92' lang='lat' dir='ltr'><strong>ad</strong></span> <span class='ocrx_word' id='word_1_432' title='bbox 2263 2624 2348 2670; x_wconf 87' lang='lat' dir='ltr'><strong>ea.</strong></span> <span class='ocrx_word' id='word_1_433' title='bbox 2388 2609 2564 2665; x_wconf 86' lang='lat' dir='ltr'><strong>tribus</strong></span> <span class='ocrx_word' id='word_1_434' title='bbox 2595 2610 2719 2665; x_wconf 88' lang='lat' dir='ltr'><strong>aliis</strong></span> <span class='ocrx_word' id='word_1_435' title='bbox 2743 2611 2996 2667; x_wconf 89' lang='lat' dir='ltr'><strong>rotundis</strong></span> <span class='ocrx_word' id='word_1_436' title='bbox 3021 2621 3075 2666; x_wconf 88' lang='lat' dir='ltr'><strong>et</strong></span> <span class='ocrx_word' id='word_1_437' title='bbox 3104 2610 3342 2668; x_wconf 85' lang='lat' dir='ltr'><strong>fortibus</strong></span> 
     </span>
    </p>
   </div>
   <div class='ocr_carea' id='block_1_58' title="bbox 1762 2695 3344 2772">
    <p class='ocr_par' dir='ltr' id='par_1_58' title="bbox 1762 2695 3344 2772">
     <span class='ocr_line' id='line_1_60' title="bbox 1762 2695 3344 2772; baseline 0.003 -23"><span class='ocrx_word' id='word_1_438' title='bbox 1762 2695 1965 2765; x_wconf 88' lang='lat' dir='ltr'><strong>alioqui</strong></span> <span class='ocrx_word' id='word_1_439' title='bbox 1997 2697 2328 2752; x_wconf 80' lang='lat' dir='ltr'><strong>adneCIitur.</strong></span> <span class='ocrx_word' id='word_1_440' title='bbox 2359 2697 2562 2754; x_wconf 90' lang='lat' dir='ltr'><strong>Femur</strong></span> <span class='ocrx_word' id='word_1_441' title='bbox 2587 2715 2736 2766; x_wconf 89' lang='lat' dir='ltr'><strong>vero,</strong></span> <span class='ocrx_word' id='word_1_442' title='bbox 2753 2701 2821 2755; x_wconf 89' lang='lat' dir='ltr'><strong>ab</strong></span> <span class='ocrx_word' id='word_1_443' title='bbox 2844 2700 2980 2771; x_wconf 89' lang='lat' dir='ltr'><strong>ipsis</strong></span> <span class='ocrx_word' id='word_1_444' title='bbox 3007 2702 3215 2772; x_wconf 77' lang='grc' dir='ltr'>μηροὺς</span> <span class='ocrx_word' id='word_1_445' title='bbox 3234 2701 3344 2756; x_wconf 76' lang='grc' dir='ltr'>ἀπὸ</span> 
     </span>
    </p>
   </div>
   <div class='ocr_carea' id='block_1_59' title="bbox 1759 2785 3341 2860">
    <p class='ocr_par' dir='ltr' id='par_1_59' title="bbox 1759 2785 3341 2860">
     <span class='ocr_line' id='line_1_61' title="bbox 1759 2785 3341 2860; baseline 0.004 -21"><span class='ocrx_word' id='word_1_446' title='bbox 1759 2785 1854 2840; x_wconf 79' lang='grc' dir='ltr'><strong>τοῦ</strong></span> <span class='ocrx_word' id='word_1_447' title='bbox 1916 2785 2272 2859; x_wconf 84' lang='grc' dir='ltr'>μερίζεσθαι,</span> <span class='ocrx_word' id='word_1_448' title='bbox 2335 2789 2474 2860; x_wconf 86' lang='lat' dir='ltr'><strong>quod</strong></span> <span class='ocrx_word' id='word_1_449' title='bbox 2520 2791 2747 2844; x_wconf 81' lang='lat' dir='ltr'><strong>dividere</strong></span> <span class='ocrx_word' id='word_1_450' title='bbox 2811 2791 3043 2860; x_wconf 76' lang='lat' dir='ltr'><strong>faceret,</strong></span> <span class='ocrx_word' id='word_1_451' title='bbox 3095 2805 3222 2845; x_wconf 87' lang='lat' dir='ltr'><strong>nam</strong></span> <span class='ocrx_word' id='word_1_452' title='bbox 3277 2807 3341 2846; x_wconf 87' lang='lat' dir='ltr'><strong>ea</strong></span> 
     </span>
    </p>
   </div>
   <div class='ocr_carea' id='block_1_60' title="bbox 1760 2881 3343 2954">
    <p class='ocr_par' dir='ltr' id='par_1_60' title="bbox 1760 2881 3343 2954">
     <span class='ocr_line' id='line_1_62' title="bbox 1760 2881 3343 2954; baseline 0.002 -20"><span class='ocrx_word' id='word_1_453' title='bbox 1760 2888 1912 2950; x_wconf 89' lang='lat' dir='ltr'><strong>parte</strong></span> <span class='ocrx_word' id='word_1_454' title='bbox 1963 2895 2162 2950; x_wconf 86' lang='lat' dir='ltr'><strong>corpus</strong></span> <span class='ocrx_word' id='word_1_455' title='bbox 2194 2891 2445 2937; x_wconf 87' lang='lat' dir='ltr'><strong>nostrum</strong></span> <span class='ocrx_word' id='word_1_456' title='bbox 2497 2881 2751 2938; x_wconf 83' lang='lat' dir='ltr'><strong>bifariam</strong></span> <span class='ocrx_word' id='word_1_457' title='bbox 2793 2883 3032 2938; x_wconf 86' lang='lat' dir='ltr'><strong>divisum</strong></span> <span class='ocrx_word' id='word_1_458' title='bbox 3072 2883 3343 2954; x_wconf 88' lang='lat' dir='ltr'><strong>conspici-</strong></span> 
     </span>
    </p>
   </div>
   <div class='ocr_carea' id='block_1_61' title="bbox 1761 2978 3341 3052">
    <p class='ocr_par' dir='ltr' id='par_1_61' title="bbox 1761 2978 3341 3052">
     <span class='ocr_line' id='line_1_63' title="bbox 1761 2978 3341 3052; baseline 0.001 -19"><span class='ocrx_word' id='word_1_459' title='bbox 1761 2987 1870 3034; x_wconf 89' lang='lat' dir='ltr'><strong>tur.</strong></span> <span class='ocrx_word' id='word_1_460' title='bbox 1914 2978 2158 3050; x_wconf 91' lang='lat' dir='ltr'><strong>Spatium</strong></span> <span class='ocrx_word' id='word_1_461' title='bbox 2185 2996 2318 3036; x_wconf 90' lang='lat' dir='ltr'><strong>vero</strong></span> <span class='ocrx_word' id='word_1_462' title='bbox 2342 2982 2484 3051; x_wconf 92' lang='lat' dir='ltr'><strong>quod</strong></span> <span class='ocrx_word' id='word_1_463' title='bbox 2519 2997 2547 3036; x_wconf 88' lang='lat' dir='ltr'><strong>a</strong></span> <span class='ocrx_word' id='word_1_464' title='bbox 2581 2982 2706 3038; x_wconf 93' lang='lat' dir='ltr'><strong>colli</strong></span> <span class='ocrx_word' id='word_1_465' title='bbox 2744 2983 2944 3038; x_wconf 89' lang='lat' dir='ltr'><strong>tinibus</strong></span> <span class='ocrx_word' id='word_1_466' title='bbox 2984 2981 3052 3038; x_wconf 90' lang='lat' dir='ltr'><strong>ad</strong></span> <span class='ocrx_word' id='word_1_467' title='bbox 3087 2981 3341 3052; x_wconf 90' lang='lat' dir='ltr'><strong>pudenda</strong></span> 
     </span>
    </p>
   </div>
   <div class='ocr_carea' id='block_1_62' title="bbox 1761 3068 3339 3138">
    <p class='ocr_par' dir='ltr' id='par_1_62' title="bbox 1761 3068 3339 3138">
     <span class='ocr_line' id='line_1_64' title="bbox 1761 3068 3339 3138; baseline 0.001 -16"><span class='ocrx_word' id='word_1_468' title='bbox 1761 3083 1937 3138; x_wconf 89' lang='lat' dir='ltr'><strong>usque</strong></span> <span class='ocrx_word' id='word_1_469' title='bbox 1994 3068 2279 3134; x_wconf 83' lang='lat' dir='ltr'><strong>defertur,</strong></span> <span class='ocrx_word' id='word_1_470' title='bbox 2328 3071 2401 3126; x_wconf 91' lang='lat' dir='ltr'><strong>ob</strong></span> <span class='ocrx_word' id='word_1_471' title='bbox 2450 3071 2554 3126; x_wconf 90' lang='lat' dir='ltr'><strong>loci</strong></span> <span class='ocrx_word' id='word_1_472' title='bbox 2594 3071 2937 3127; x_wconf 88' lang='lat' dir='ltr'><strong>latitudinem</strong></span> <span class='ocrx_word' id='word_1_473' title='bbox 2972 3071 3339 3125; x_wconf 88' lang='lat' dir='ltr'><strong>mortuarinm</strong></span> 
     </span>
    </p>
   </div>
   <div class='ocr_carea' id='block_1_63' title="bbox 1761 3160 3342 3234">
    <p class='ocr_par' dir='ltr' id='par_1_63' title="bbox 1761 3160 3342 3234">
     <span class='ocr_line' id='line_1_65' title="bbox 1761 3160 3342 3234; baseline 0.003 -20"><span class='ocrx_word' id='word_1_474' title='bbox 1761 3168 2131 3230; x_wconf 88' lang='lat' dir='ltr'><strong>nuncupatur.</strong></span> <span class='ocrx_word' id='word_1_475' title='bbox 2165 3160 2302 3217; x_wconf 87' lang='lat' dir='ltr'><strong>Nam</strong></span> <span class='ocrx_word' id='word_1_476' title='bbox 2333 3164 2381 3218; x_wconf 89' lang='lat' dir='ltr'><strong>si</strong></span> <span class='ocrx_word' id='word_1_477' title='bbox 2411 3178 2610 3220; x_wconf 84' lang='lat' dir='ltr'><strong>manus</strong></span> <span class='ocrx_word' id='word_1_478' title='bbox 2634 3164 2945 3230; x_wconf 82' lang='lat' dir='ltr'><strong>flectantur,</strong></span> <span class='ocrx_word' id='word_1_479' title='bbox 2981 3163 3227 3234; x_wconf 90' lang='lat' dir='ltr'><strong>corporis</strong></span> <span class='ocrx_word' id='word_1_480' title='bbox 3249 3163 3342 3219; x_wconf 84' lang='lat' dir='ltr'><strong>illa</strong></span> 
     </span>
    </p>
   </div>
   <div class='ocr_carea' id='block_1_64' title="bbox 1760 3253 3342 3321">
    <p class='ocr_par' dir='ltr' id='par_1_64' title="bbox 1760 3253 3342 3321">
     <span class='ocr_line' id='line_1_66' title="bbox 1760 3253 3342 3321; baseline 0.004 -15"><span class='ocrx_word' id='word_1_481' title='bbox 1760 3266 1886 3321; x_wconf 90' lang='lat' dir='ltr'><strong>pars</strong></span> <span class='ocrx_word' id='word_1_482' title='bbox 1922 3253 2016 3308; x_wconf 91' lang='lat' dir='ltr'><strong>tali</strong></span> <span class='ocrx_word' id='word_1_483' title='bbox 2058 3253 2423 3311; x_wconf 89' lang='lat' dir='ltr'><strong>instrumento</strong></span> <span class='ocrx_word' id='word_1_484' title='bbox 2451 3257 2646 3313; x_wconf 88' lang='lat' dir='ltr'><strong>similis</strong></span> <span class='ocrx_word' id='word_1_485' title='bbox 2678 3258 2768 3312; x_wconf 90' lang='lat' dir='ltr'><strong>sit.</strong></span> <span class='ocrx_word' id='word_1_486' title='bbox 2803 3257 3000 3313; x_wconf 86' lang='lat' dir='ltr'><strong>Totum</strong></span> <span class='ocrx_word' id='word_1_487' title='bbox 3042 3266 3222 3313; x_wconf 88' lang='lat' dir='ltr'><strong>autem</strong></span> <span class='ocrx_word' id='word_1_488' title='bbox 3261 3254 3342 3312; x_wconf 90' lang='lat' dir='ltr'><strong>fe-</strong></span> 
     </span>
    </p>
   </div>
   <div class='ocr_carea' id='block_1_65' title="bbox 1761 3346 3337 3418">
    <p class='ocr_par' dir='ltr' id='par_1_65' title="bbox 1761 3346 3337 3418">
     <span class='ocr_line' id='line_1_67' title="bbox 1761 3346 3337 3418; baseline 0.003 -21"><span class='ocrx_word' id='word_1_489' title='bbox 1761 3359 1905 3407; x_wconf 89' lang='lat' dir='ltr'><strong>mur,</strong></span> <span class='ocrx_word' id='word_1_490' title='bbox 1931 3346 2317 3413; x_wconf 85' lang='lat' dir='ltr'><strong>exterioribus,</strong></span> <span class='ocrx_word' id='word_1_491' title='bbox 2352 3357 2404 3403; x_wconf 91' lang='lat' dir='ltr'><strong>et</strong></span> <span class='ocrx_word' id='word_1_492' title='bbox 2431 3364 2553 3418; x_wconf 64' lang='lat' dir='ltr'><strong>qua;</strong></span> <span class='ocrx_word' id='word_1_493' title='bbox 2579 3350 2888 3405; x_wconf 80' lang='lat' dir='ltr'><strong>anteriores</strong></span> <span class='ocrx_word' id='word_1_494' title='bbox 2914 3358 3044 3404; x_wconf 87' lang='lat' dir='ltr'><strong>sunt</strong></span> <span class='ocrx_word' id='word_1_495' title='bbox 3070 3347 3337 3418; x_wconf 89' lang='lat' dir='ltr'><strong>partibus,</strong></span> 
     </span>
    </p>
   </div>
   <div class='ocr_carea' id='block_1_66' title="bbox 1759 3432 3337 3507">
    <p class='ocr_par' dir='ltr' id='par_1_66' title="bbox 1759 3432 3337 3507">
     <span class='ocr_line' id='line_1_68' title="bbox 1759 3432 3337 3507; baseline 0.002 -20"><span class='ocrx_word' id='word_1_496' title='bbox 1759 3432 2022 3489; x_wconf 84' lang='lat' dir='ltr'><strong>devexam</strong></span> <span class='ocrx_word' id='word_1_497' title='bbox 2047 3437 2306 3506; x_wconf 87' lang='lat' dir='ltr'><strong>exprimit</strong></span> <span class='ocrx_word' id='word_1_498' title='bbox 2331 3436 2568 3492; x_wconf 84' lang='lat' dir='ltr'><strong>formam</strong></span> <span class='ocrx_word' id='word_1_499' title='bbox 2597 3456 2611 3495; x_wconf 88' lang='lat'><strong>:</strong></span> <span class='ocrx_word' id='word_1_500' title='bbox 2646 3439 2700 3492; x_wconf 92' lang='lat' dir='ltr'><strong>in</strong></span> <span class='ocrx_word' id='word_1_501' title='bbox 2740 3438 2849 3494; x_wconf 88' lang='lat' dir='ltr'><strong>illis</strong></span> <span class='ocrx_word' id='word_1_502' title='bbox 2878 3453 3032 3502; x_wconf 88' lang='lat' dir='ltr'><strong>vero,</strong></span> <span class='ocrx_word' id='word_1_503' title='bbox 3060 3451 3182 3507; x_wconf 67' lang='lat' dir='ltr'><strong>quae</strong></span> <span class='ocrx_word' id='word_1_504' title='bbox 3212 3451 3337 3505; x_wconf 80' lang='lat' dir='ltr'><strong>pos—</strong></span> 
     </span>
    </p>
   </div>
   <div class='ocr_carea' id='block_1_67' title="bbox 1761 3526 3337 3600">
    <p class='ocr_par' dir='ltr' id='par_1_67' title="bbox 1761 3526 3337 3600">
     <span class='ocr_line' id='line_1_69' title="bbox 1761 3526 3337 3600; baseline 0.002 -22"><span class='ocrx_word' id='word_1_505' title='bbox 1761 3526 2011 3592; x_wconf 90' lang='lat' dir='ltr'><strong>teriores,</strong></span> <span class='ocrx_word' id='word_1_506' title='bbox 2041 3539 2096 3582; x_wconf 90' lang='lat' dir='ltr'><strong>et</strong></span> <span class='ocrx_word' id='word_1_507' title='bbox 2124 3529 2412 3585; x_wconf 86' lang='lat' dir='ltr'><strong>interiores</strong></span> <span class='ocrx_word' id='word_1_508' title='bbox 2443 3539 2591 3600; x_wconf 89' lang='lat' dir='ltr'><strong>sunt,</strong></span> <span class='ocrx_word' id='word_1_509' title='bbox 2625 3531 2821 3587; x_wconf 90' lang='lat' dir='ltr'><strong>simam</strong></span> <span class='ocrx_word' id='word_1_510' title='bbox 2852 3530 3118 3586; x_wconf 87' lang='lat' dir='ltr'><strong>obtinent.</strong></span> <span class='ocrx_word' id='word_1_511' title='bbox 3149 3527 3337 3584; x_wconf 74' lang='lat' dir='ltr'><strong>Gemi-</strong></span> 
     </span>
    </p>
   </div>
   <div class='ocr_carea' id='block_1_68' title="bbox 1760 3622 3336 3693">
    <p class='ocr_par' dir='ltr' id='par_1_68' title="bbox 1760 3622 3336 3693">
     <span class='ocr_line' id='line_1_70' title="bbox 1760 3622 3336 3693; baseline 0.002 -22"><span class='ocrx_word' id='word_1_512' title='bbox 1760 3632 1864 3672; x_wconf 88' lang='lat' dir='ltr'><strong>nos</strong></span> <span class='ocrx_word' id='word_1_513' title='bbox 1891 3629 2072 3675; x_wconf 90' lang='lat' dir='ltr'><strong>autem</strong></span> <span class='ocrx_word' id='word_1_514' title='bbox 2104 3635 2395 3691; x_wconf 85' lang='lat' dir='ltr'><strong>processus</strong></span> <span class='ocrx_word' id='word_1_515' title='bbox 2421 3638 2639 3693; x_wconf 89' lang='lat' dir='ltr'><strong>parvos,</strong></span> <span class='ocrx_word' id='word_1_516' title='bbox 2676 3638 2706 3678; x_wconf 89' lang='lat' dir='ltr'><strong>a</strong></span> <span class='ocrx_word' id='word_1_517' title='bbox 2736 3624 2948 3680; x_wconf 85' lang='lat' dir='ltr'><strong>cervice</strong></span> <span class='ocrx_word' id='word_1_518' title='bbox 2977 3622 3336 3683; x_wconf 86' lang='lat' dir='ltr'><strong>declinantes,</strong></span> 
     </span>
    </p>
   </div>
   <div class='ocr_carea' id='block_1_69' title="bbox 1761 3708 3340 3786">
    <p class='ocr_par' dir='ltr' id='par_1_69' title="bbox 1761 3708 3340 3786">
     <span class='ocr_line' id='line_1_71' title="bbox 1761 3708 3340 3786; baseline 0.003 -24"><span class='ocrx_word' id='word_1_519' title='bbox 1761 3708 1962 3766; x_wconf 90' lang='lat' dir='ltr'><strong>habere</strong></span> <span class='ocrx_word' id='word_1_520' title='bbox 2005 3711 2182 3767; x_wconf 89' lang='lat' dir='ltr'><strong>femur</strong></span> <span class='ocrx_word' id='word_1_521' title='bbox 2234 3714 2497 3781; x_wconf 89' lang='lat' dir='ltr'><strong>cernitur,</strong></span> <span class='ocrx_word' id='word_1_522' title='bbox 2533 3729 2675 3786; x_wconf 91' lang='lat' dir='ltr'><strong>quos</strong></span> <span class='ocrx_word' id='word_1_523' title='bbox 2725 3717 3103 3771; x_wconf 89' lang='lat' dir='ltr'><strong>trochanteras</strong></span> <span class='ocrx_word' id='word_1_524' title='bbox 3153 3711 3340 3782; x_wconf 86' lang='lat' dir='ltr'><strong>appel-</strong></span> 
     </span>
    </p>
   </div>
   <div class='ocr_carea' id='block_1_70' title="bbox 65 3760 3337 3874">
    <p class='ocr_par' dir='ltr' id='par_1_70' title="bbox 65 3760 3337 3874">
     <span class='ocr_line' id='line_1_72' title="bbox 65 3760 3337 3874; baseline 0.006 -38"><span class='ocrx_word' id='word_1_525' title='bbox 65 3760 210 3862; x_wconf 60' lang='grc' dir='ltr'><strong>δεξηιν</strong></span> <span class='ocrx_word' id='word_1_526' title='bbox 239 3778 301 3818; x_wconf 68' lang='grc' dir='ltr'><strong>οι</strong></span> <span class='ocrx_word' id='word_1_527' title='bbox 329 3767 530 3836; x_wconf 66' lang='grc' dir='ltr'>(ιυίιιιιε</span> <span class='ocrx_word' id='word_1_528' title='bbox 559 3771 647 3828; x_wconf 69' lang='lat' dir='ltr'><strong>ille</strong></span> <span class='ocrx_word' id='word_1_529' title='bbox 676 3773 770 3844; x_wconf 66' lang='lat' dir='ltr'><strong>(Illi</strong></span> <span class='ocrx_word' id='word_1_530' title='bbox 802 3775 1028 3833; x_wconf 63' lang='lat' dir='ltr'><strong>interior</strong></span> <span class='ocrx_word' id='word_1_531' title='bbox 1061 3789 1167 3846; x_wconf 69' lang='lat' dir='ltr'><strong>est.</strong></span> <span class='ocrx_word' id='word_1_532' title='bbox 1194 3784 1330 3840; x_wconf 83' lang='lat' dir='ltr'><strong>satis</strong></span> <span class='ocrx_word' id='word_1_533' title='bbox 1376 3785 1668 3845; x_wconf 88' lang='lat' dir='ltr'><strong>admodum</strong></span> <span class='ocrx_word' id='word_1_534' title='bbox 1737 3799 2110 3868; x_wconf 80' lang='lat' dir='ltr'><strong>magnitudine</strong></span> <span class='ocrx_word' id='word_1_535' title='bbox 2146 3801 2298 3858; x_wconf 86' lang='lat' dir='ltr'><strong>illum</strong></span> <span class='ocrx_word' id='word_1_536' title='bbox 2363 3804 2459 3874; x_wconf 89' lang='lat' dir='ltr'><strong>qui</strong></span> <span class='ocrx_word' id='word_1_537' title='bbox 2483 3760 2655 3860; x_wconf 54' lang='grc' dir='ltr'>ἐξα-ε</span> <span class='ocrx_word' id='word_1_538' title='bbox 2696 3812 2783 3860; x_wconf 84' lang='grc' dir='ltr'><strong>εει</strong></span> <span class='ocrx_word' id='word_1_539' title='bbox 2818 3804 3059 3870; x_wconf 80' lang='lat' dir='ltr'><strong>excedit,</strong></span> <span class='ocrx_word' id='word_1_540' title='bbox 3100 3811 3157 3859; x_wconf 92' lang='lat' dir='ltr'><strong>et</strong></span> <span class='ocrx_word' id='word_1_541' title='bbox 3189 3760 3337 3857; x_wconf 63' lang='lat' dir='ltr'><strong>inte-</strong></span> 
     </span>
    </p>
   </div>
   <div class='ocr_carea' id='block_1_71' title="bbox 63 3863 3351 3964">
    <p class='ocr_par' dir='ltr' id='par_1_71' title="bbox 63 3863 3351 3964">
     <span class='ocr_line' id='line_1_73' title="bbox 63 3863 3351 3964; baseline 0.013 -58"><span class='ocrx_word' id='word_1_542' title='bbox 63 3867 225 3920; x_wconf 80' lang='lat' dir='ltr'><strong>rior,</strong></span> <span class='ocrx_word' id='word_1_543' title='bbox 274 3871 397 3913; x_wconf 91' lang='lat' dir='ltr'><strong>cum</strong></span> <span class='ocrx_word' id='word_1_544' title='bbox 440 3863 654 3930; x_wconf 89' lang='lat' dir='ltr'><strong>pectine</strong></span> <span class='ocrx_word' id='word_1_545' title='bbox 701 3865 1126 3940; x_wconf 90' lang='lat' dir='ltr'><strong>dearticulatur,</strong></span> <span class='ocrx_word' id='word_1_546' title='bbox 1176 3875 1271 3944; x_wconf 91' lang='lat' dir='ltr'><strong>qui</strong></span> <span class='ocrx_word' id='word_1_547' title='bbox 1320 3891 1452 3932; x_wconf 87' lang='lat' dir='ltr'><strong>vero</strong></span> <span class='ocrx_word' id='word_1_548' title='bbox 1500 3889 1653 3937; x_wconf 79' lang='lat' dir='ltr'><strong>extra</strong></span> <span class='ocrx_word' id='word_1_549' title='bbox 1685 3895 1788 3956; x_wconf 89' lang='lat' dir='ltr'><strong>est,</strong></span> <span class='ocrx_word' id='word_1_550' title='bbox 1823 3863 1999 3964; x_wconf 75' lang='lat' dir='ltr'><strong>coter</strong></span> <span class='ocrx_word' id='word_1_551' title='bbox 2054 3892 2340 3962; x_wconf 85' lang='lat' dir='ltr'><strong>videlicet,</strong></span> <span class='ocrx_word' id='word_1_552' title='bbox 2380 3863 2757 3953; x_wconf 47' lang='lat' dir='ltr'><strong>.acetabulum</strong></span> <span class='ocrx_word' id='word_1_553' title='bbox 2823 3906 2926 3955; x_wconf 86' lang='lat' dir='ltr'><strong>est.</strong></span> <span class='ocrx_word' id='word_1_554' title='bbox 2975 3863 3102 3952; x_wconf 63' lang='lat' dir='ltr'><strong>Haec</strong></span> <span class='ocrx_word' id='word_1_555' title='bbox 3150 3894 3351 3963; x_wconf 78' lang='lat' dir='ltr'><strong>itaque-</strong></span> 
     </span>
    </p>
   </div>
   <div class='ocr_carea' id='block_1_72' title="bbox 63 3955 1406 4028">
    <p class='ocr_par' dir='ltr' id='par_1_72' title="bbox 63 3955 1406 4028">
     <span class='ocr_line' id='line_1_74' title="bbox 63 3955 1406 4028; baseline 0.017 -23"><span class='ocrx_word' id='word_1_556' title='bbox 63 3958 204 4005; x_wconf 84' lang='lat' dir='ltr'><strong>sunt</strong></span> <span class='ocrx_word' id='word_1_557' title='bbox 231 3968 350 4022; x_wconf 68' lang='lat' dir='ltr'><strong>quae</strong></span> <span class='ocrx_word' id='word_1_558' title='bbox 378 3955 518 4012; x_wconf 89' lang='lat' dir='ltr'><strong>inter</strong></span> <span class='ocrx_word' id='word_1_559' title='bbox 545 3958 768 4019; x_wconf 85' lang='lat' dir='ltr'><strong>femoris</strong></span> <span class='ocrx_word' id='word_1_560' title='bbox 799 3979 924 4021; x_wconf 90' lang='lat' dir='ltr'><strong>ossa</strong></span> <span class='ocrx_word' id='word_1_561' title='bbox 958 3967 1406 4028; x_wconf 86' lang='lat' dir='ltr'><strong>adnumerantur.</strong></span> 
     </span>
    </p>
   </div>
   <div class='ocr_carea' id='block_1_73' title="bbox 143 4094 1653 4186">
    <p class='ocr_par' dir='ltr' id='par_1_73' title="bbox 143 4094 1653 4186">
     <span class='ocr_line' id='line_1_75' title="bbox 143 4094 1653 4186; baseline 0.018 -39"><span class='ocrx_word' id='word_1_562' title='bbox 143 4094 226 4149; x_wconf 88' lang='grc' dir='ltr'><strong>Τά</strong></span> <span class='ocrx_word' id='word_1_563' title='bbox 249 4095 306 4150; x_wconf 80' lang='grc' dir='ltr'>δὲ</span> <span class='ocrx_word' id='word_1_564' title='bbox 332 4097 429 4152; x_wconf 80' lang='grc' dir='ltr'>τοῦ</span> <span class='ocrx_word' id='word_1_565' title='bbox 466 4099 694 4167; x_wconf 76' lang='grc' dir='ltr'>σκέλους</span> <span class='ocrx_word' id='word_1_566' title='bbox 730 4103 867 4159; x_wconf 80' lang='grc' dir='ltr'>ὀστᾶ</span> <span class='ocrx_word' id='word_1_567' title='bbox 891 4106 956 4173; x_wconf 65' lang='grc'><strong>⁸⁸,</strong></span> <span class='ocrx_word' id='word_1_568' title='bbox 989 4109 1050 4163; x_wconf 79' lang='grc' dir='ltr'>τὸ</span> <span class='ocrx_word' id='word_1_569' title='bbox 1096 4110 1197 4182; x_wconf 86' lang='grc' dir='ltr'>μὲν</span> <span class='ocrx_word' id='word_1_570' title='bbox 1233 4111 1294 4167; x_wconf 77' lang='grc' dir='ltr'>ἓν</span> <span class='ocrx_word' id='word_1_571' title='bbox 1325 4116 1523 4186; x_wconf 80' lang='grc' dir='ltr'>κνήμη</span> <span class='ocrx_word' id='word_1_572' title='bbox 1562 4118 1653 4172; x_wconf 83' lang='grc' dir='ltr'><strong>λέ-</strong></span> 
     </span>
    </p>
   </div>
   <div class='ocr_carea' id='block_1_74' title="bbox 1822 4118 3347 4191">
    <p class='ocr_par' dir='ltr' id='par_1_74' title="bbox 1822 4118 3347 4191">
     <span class='ocr_line' id='line_1_76' title="bbox 1822 4118 3347 4191; baseline 0.007 -19"><span class='ocrx_word' id='word_1_573' title='bbox 1822 4118 1893 4174; x_wconf 88' lang='lat' dir='ltr'><strong>At</strong></span> <span class='ocrx_word' id='word_1_574' title='bbox 1911 4133 2034 4190; x_wconf 69' lang='lat' dir='ltr'><strong>quae</strong></span> <span class='ocrx_word' id='word_1_575' title='bbox 2065 4120 2245 4177; x_wconf 81' lang='lat' dir='ltr'><strong>cruris</strong></span> <span class='ocrx_word' id='word_1_576' title='bbox 2282 4135 2409 4178; x_wconf 90' lang='lat' dir='ltr'><strong>ossa</strong></span> <span class='ocrx_word' id='word_1_577' title='bbox 2435 4132 2584 4189; x_wconf 89' lang='lat' dir='ltr'><strong>sunt,</strong></span> <span class='ocrx_word' id='word_1_578' title='bbox 2617 4121 2764 4178; x_wconf 88' lang='lat' dir='ltr'><strong>intus</strong></span> <span class='ocrx_word' id='word_1_579' title='bbox 2798 4133 2851 4177; x_wconf 90' lang='lat' dir='ltr'><strong>et</strong></span> <span class='ocrx_word' id='word_1_580' title='bbox 2883 4133 3066 4191; x_wconf 82' lang='lat' dir='ltr'><strong>extra,</strong></span> <span class='ocrx_word' id='word_1_581' title='bbox 3103 4124 3347 4182; x_wconf 81' lang='lat' dir='ltr'><strong>alterum</strong></span> 
     </span>
    </p>
   </div>
   <div class='ocr_carea' id='block_1_75' title="bbox 61 4186 1649 4285">
    <p class='ocr_par' dir='ltr' id='par_1_75' title="bbox 61 4186 1649 4279">
     <span class='ocr_line' id='line_1_77' title="bbox 61 4186 1649 4279; baseline 0.016 -42"><span class='ocrx_word' id='word_1_582' title='bbox 61 4199 252 4252; x_wconf 84' lang='grc' dir='ltr'>γεται,</span> <span class='ocrx_word' id='word_1_583' title='bbox 273 4186 335 4240; x_wconf 86' lang='grc' dir='ltr'>τὸ</span> <span class='ocrx_word' id='word_1_584' title='bbox 362 4187 419 4241; x_wconf 86' lang='grc' dir='ltr'>δὲ</span> <span class='ocrx_word' id='word_1_585' title='bbox 448 4188 578 4244; x_wconf 83' lang='grc' dir='ltr'>ἀλλο</span> <span class='ocrx_word' id='word_1_586' title='bbox 597 4194 643 4226; x_wconf 75' lang='grc'><strong>⁸⁵</strong></span> <span class='ocrx_word' id='word_1_587' title='bbox 667 4196 916 4264; x_wconf 78' lang='grc' dir='ltr'>περόνη.</span> <span class='ocrx_word' id='word_1_588' title='bbox 947 4199 1058 4252; x_wconf 79' lang='grc' dir='ltr'><strong>Καὶ</strong></span> <span class='ocrx_word' id='word_1_589' title='bbox 1087 4199 1239 4255; x_wconf 75' lang='grc' dir='ltr'>ἐστιν</span> <span class='ocrx_word' id='word_1_590' title='bbox 1269 4205 1303 4275; x_wconf 86' lang='grc' dir='ltr'><strong>ή</strong></span> <span class='ocrx_word' id='word_1_591' title='bbox 1333 4206 1432 4276; x_wconf 84' lang='grc' dir='ltr'>μὲν</span> <span class='ocrx_word' id='word_1_592' title='bbox 1463 4208 1649 4279; x_wconf 88' lang='grc' dir='ltr'>κνήμη</span> 
     </span>
    </p>
   </div>
   <div class='ocr_carea' id='block_1_76' title="bbox 1804 4186 3341 4285">
    <p class='ocr_par' dir='ltr' id='par_1_76' title="bbox 1804 4186 3341 4285">
     <span class='ocr_line' id='line_1_78' title="bbox 1804 4186 3341 4285; baseline 0.003 -19"><span class='ocrx_word' id='word_1_593' title='bbox 1804 4210 1904 4276; x_wconf 86' lang='lat' dir='ltr'><strong>bia,</strong></span> <span class='ocrx_word' id='word_1_594' title='bbox 1929 4186 2190 4268; x_wconf 46' lang='lat' dir='ltr'><strong>alterum</strong></span> <span class='ocrx_word' id='word_1_595' title='bbox 2233 4228 2362 4268; x_wconf 87' lang='lat' dir='ltr'><strong>vero</strong></span> <span class='ocrx_word' id='word_1_596' title='bbox 2401 4229 2530 4269; x_wconf 90' lang='lat' dir='ltr'><strong>sura</strong></span> <span class='ocrx_word' id='word_1_597' title='bbox 2571 4186 2798 4268; x_wconf 82' lang='lat' dir='ltr'><strong>dicitur.</strong></span> <span class='ocrx_word' id='word_1_598' title='bbox 2824 4211 2891 4268; x_wconf 92' lang='lat' dir='ltr'><strong>Et</strong></span> <span class='ocrx_word' id='word_1_599' title='bbox 2922 4186 3062 4268; x_wconf 20' lang='lat' dir='ltr'><strong>tibia:</strong></span> <span class='ocrx_word' id='word_1_600' title='bbox 3076 4215 3341 4285; x_wconf 77' lang='lat' dir='ltr'><strong>quidem,</strong></span> 
     </span>
    </p>
   </div>
   <div class='ocr_carea' id='block_1_77' title="bbox 60 4277 1655 4370">
    <p class='ocr_par' dir='ltr' id='par_1_77' title="bbox 60 4277 1655 4370">
     <span class='ocr_line' id='line_1_79' title="bbox 60 4277 1655 4370; baseline 0.018 -43"><span class='ocrx_word' id='word_1_601' title='bbox 60 4277 382 4370; x_wconf 77' lang='grc' dir='ltr'>ἔμπροσθεν</span> <span class='ocrx_word' id='word_1_602' title='bbox 411 4283 507 4335; x_wconf 80' lang='grc' dir='ltr'>καὶ</span> <span class='ocrx_word' id='word_1_603' title='bbox 541 4285 754 4358; x_wconf 77' lang='grc' dir='ltr'>μεγάλη</span> <span class='ocrx_word' id='word_1_604' title='bbox 783 4289 829 4320; x_wconf 76' lang='grc'><strong>⁵⁸</strong></span> <span class='ocrx_word' id='word_1_605' title='bbox 853 4307 866 4319; x_wconf 86' lang='grc'><strong>·</strong></span> <span class='ocrx_word' id='word_1_606' title='bbox 897 4291 1074 4344; x_wconf 83' lang='grc' dir='ltr'>ὀπίσω</span> <span class='ocrx_word' id='word_1_607' title='bbox 1124 4293 1180 4347; x_wconf 85' lang='grc' dir='ltr'>δὲ</span> <span class='ocrx_word' id='word_1_608' title='bbox 1213 4297 1246 4366; x_wconf 88' lang='grc' dir='ltr'><strong>ή</strong></span> <span class='ocrx_word' id='word_1_609' title='bbox 1281 4298 1487 4370; x_wconf 84' lang='grc' dir='ltr'>περόνη</span> <span class='ocrx_word' id='word_1_610' title='bbox 1519 4277 1655 4354; x_wconf 50' lang='grc' dir='ltr'>ἀποέ</span> 
     </span>
    </p>
   </div>
   <div class='ocr_carea' id='block_1_78' title="bbox 58 4369 1654 4460">
    <p class='ocr_par' dir='ltr' id='par_1_78' title="bbox 58 4369 1654 4460">
     <span class='ocr_line' id='line_1_80' title="bbox 58 4369 1654 4460; baseline 0.015 -38"><span class='ocrx_word' id='word_1_611' title='bbox 58 4369 264 4422; x_wconf 79' lang='grc' dir='ltr'>δέουσα</span> <span class='ocrx_word' id='word_1_612' title='bbox 289 4371 387 4442; x_wconf 81' lang='grc' dir='ltr'><strong>τῆς</strong></span> <span class='ocrx_word' id='word_1_613' title='bbox 408 4375 625 4447; x_wconf 82' lang='grc' dir='ltr'>κνήμης</span> <span class='ocrx_word' id='word_1_614' title='bbox 652 4379 746 4432; x_wconf 77' lang='grc' dir='ltr'>καὶ</span> <span class='ocrx_word' id='word_1_615' title='bbox 769 4379 848 4450; x_wconf 81' lang='grc' dir='ltr'>τῷ</span> <span class='ocrx_word' id='word_1_616' title='bbox 879 4383 1043 4453; x_wconf 82' lang='grc' dir='ltr'>πάχει</span> <span class='ocrx_word' id='word_1_617' title='bbox 1072 4385 1167 4438; x_wconf 80' lang='grc' dir='ltr'>καὶ</span> <span class='ocrx_word' id='word_1_618' title='bbox 1191 4387 1269 4457; x_wconf 84' lang='grc' dir='ltr'><strong>τῷ</strong></span> <span class='ocrx_word' id='word_1_619' title='bbox 1293 4389 1457 4460; x_wconf 83' lang='grc' dir='ltr'>μήκει</span> <span class='ocrx_word' id='word_1_620' title='bbox 1482 4408 1495 4420; x_wconf 84' lang='grc'><strong>·</strong></span> <span class='ocrx_word' id='word_1_621' title='bbox 1529 4409 1654 4445; x_wconf 88' lang='grc' dir='ltr'>συν-</span> 
     </span>
    </p>
   </div>
   <div class='ocr_carea' id='block_1_79' title="bbox 1750 4304 3339 4377">
    <p class='ocr_par' dir='ltr' id='par_1_79' title="bbox 1750 4304 3339 4377">
     <span class='ocr_line' id='line_1_81' title="bbox 1750 4304 3339 4377; baseline 0.004 -20"><span class='ocrx_word' id='word_1_622' title='bbox 1750 4304 1992 4359; x_wconf 88' lang='lat' dir='ltr'><strong>anterior</strong></span> <span class='ocrx_word' id='word_1_623' title='bbox 2028 4317 2175 4374; x_wconf 87' lang='lat' dir='ltr'><strong>pars,</strong></span> <span class='ocrx_word' id='word_1_624' title='bbox 2196 4313 2251 4359; x_wconf 91' lang='lat' dir='ltr'><strong>et</strong></span> <span class='ocrx_word' id='word_1_625' title='bbox 2285 4320 2406 4375; x_wconf 66' lang='lat' dir='ltr'><strong>qure</strong></span> <span class='ocrx_word' id='word_1_626' title='bbox 2465 4304 2840 4376; x_wconf 77' lang='lat' dir='ltr'><strong>magnitudine</strong></span> <span class='ocrx_word' id='word_1_627' title='bbox 2895 4305 3080 4376; x_wconf 75' lang='lat' dir='ltr'><strong>aliqua</strong></span> <span class='ocrx_word' id='word_1_628' title='bbox 3111 4308 3339 4377; x_wconf 63' lang='lat' dir='ltr'><strong>praedita</strong></span> 
     </span>
    </p>
   </div>
   <div class='ocr_carea' id='block_1_80' title="bbox 1750 4395 3336 4470">
    <p class='ocr_par' dir='ltr' id='par_1_80' title="bbox 1750 4395 3336 4470">
     <span class='ocr_line' id='line_1_82' title="bbox 1750 4395 3336 4470; baseline 0.005 -23"><span class='ocrx_word' id='word_1_629' title='bbox 1750 4401 1834 4448; x_wconf 88' lang='lat' dir='ltr'><strong>est</strong></span> <span class='ocrx_word' id='word_1_630' title='bbox 1853 4402 2218 4463; x_wconf 88' lang='lat' dir='ltr'><strong>nuncupatur.</strong></span> <span class='ocrx_word' id='word_1_631' title='bbox 2240 4395 2284 4447; x_wconf 87' lang='lat' dir='ltr'><strong>A</strong></span> <span class='ocrx_word' id='word_1_632' title='bbox 2316 4396 2605 4464; x_wconf 88' lang='lat' dir='ltr'><strong>posteriori</strong></span> <span class='ocrx_word' id='word_1_633' title='bbox 2629 4411 2758 4450; x_wconf 92' lang='lat' dir='ltr'><strong>vero</strong></span> <span class='ocrx_word' id='word_1_634' title='bbox 2778 4404 2929 4465; x_wconf 83' lang='lat' dir='ltr'><strong>parte</strong></span> <span class='ocrx_word' id='word_1_635' title='bbox 2950 4411 3080 4452; x_wconf 80' lang='lat' dir='ltr'><strong>sura</strong></span> <span class='ocrx_word' id='word_1_636' title='bbox 3105 4407 3190 4453; x_wconf 84' lang='lat' dir='ltr'><strong>est</strong></span> <span class='ocrx_word' id='word_1_637' title='bbox 3213 4414 3336 4470; x_wconf 75' lang='lat' dir='ltr'><strong>qua:</strong></span> 
     </span>
    </p>
   </div>
   <div class='ocr_carea' id='block_1_81' title="bbox 59 4458 1649 4554">
    <p class='ocr_par' dir='ltr' id='par_1_81' title="bbox 59 4458 1649 4553">
     <span class='ocr_line' id='line_1_83' title="bbox 59 4458 1649 4553; baseline 0.018 -43"><span class='ocrx_word' id='word_1_638' title='bbox 59 4458 372 4530; x_wconf 83' lang='grc' dir='ltr'>αρθροῦται</span> <span class='ocrx_word' id='word_1_639' title='bbox 407 4463 464 4518; x_wconf 83' lang='grc' dir='ltr'>δὲ</span> <span class='ocrx_word' id='word_1_640' title='bbox 502 4469 570 4538; x_wconf 82' lang='grc' dir='ltr'><strong>τῇ</strong></span> <span class='ocrx_word' id='word_1_641' title='bbox 601 4470 786 4542; x_wconf 81' lang='grc' dir='ltr'>κνήμῃ</span> <span class='ocrx_word' id='word_1_642' title='bbox 821 4473 959 4543; x_wconf 85' lang='grc' dir='ltr'>πρὸς</span> <span class='ocrx_word' id='word_1_643' title='bbox 993 4476 1164 4546; x_wconf 79' lang='grc' dir='ltr'>ἄμφω</span> <span class='ocrx_word' id='word_1_644' title='bbox 1209 4479 1278 4532; x_wconf 84' lang='grc' dir='ltr'><strong>τά</strong></span> <span class='ocrx_word' id='word_1_645' title='bbox 1299 4458 1548 4553; x_wconf 83' lang='grc' dir='ltr'>πέρατα·</span> <span class='ocrx_word' id='word_1_646' title='bbox 1580 4485 1649 4538; x_wconf 87' lang='grc' dir='ltr'><strong>τά</strong></span> 
     </span>
    </p>
   </div>
   <div class='ocr_carea' id='block_1_82' title="bbox 1804 4458 3335 4554">
    <p class='ocr_par' dir='ltr' id='par_1_82' title="bbox 1804 4458 3335 4554">
     <span class='ocr_line' id='line_1_84' title="bbox 1804 4458 3335 4554; baseline 0.003 -17"><span class='ocrx_word' id='word_1_647' title='bbox 1804 4500 1868 4537; x_wconf 88' lang='lat' dir='ltr'><strong>nn</strong></span> <span class='ocrx_word' id='word_1_648' title='bbox 1886 4458 2268 4549; x_wconf 81' lang='lat' dir='ltr'><strong>crassitudine,</strong></span> <span class='ocrx_word' id='word_1_649' title='bbox 2284 4495 2394 4539; x_wconf 88' lang='lat' dir='ltr'><strong>tum</strong></span> <span class='ocrx_word' id='word_1_650' title='bbox 2411 4487 2744 4554; x_wconf 74' lang='lat' dir='ltr'><strong>longitudine</strong></span> <span class='ocrx_word' id='word_1_651' title='bbox 2758 4492 2904 4542; x_wconf 75' lang='lat' dir='ltr'><strong>tibiae</strong></span> <span class='ocrx_word' id='word_1_652' title='bbox 2927 4489 3190 4544; x_wconf 88' lang='lat' dir='ltr'><strong>concedit.</strong></span> <span class='ocrx_word' id='word_1_653' title='bbox 3209 4488 3335 4545; x_wconf 81' lang='lat' dir='ltr'><strong>Haec</strong></span> 
     </span>
    </p>
   </div>
   <div class='ocr_carea' id='block_1_83' title="bbox 56 4553 1649 4647">
    <p class='ocr_par' dir='ltr' id='par_1_83' title="bbox 56 4553 1649 4647">
     <span class='ocr_line' id='line_1_85' title="bbox 56 4553 1649 4647; baseline 0.017 -43"><span class='ocrx_word' id='word_1_654' title='bbox 56 4553 124 4606; x_wconf 78' lang='grc' dir='ltr'>δὲ</span> <span class='ocrx_word' id='word_1_655' title='bbox 158 4554 216 4605; x_wconf 79' lang='grc' dir='ltr'>ἐν</span> <span class='ocrx_word' id='word_1_656' title='bbox 244 4553 322 4626; x_wconf 80' lang='grc' dir='ltr'><strong>τῷ</strong></span> <span class='ocrx_word' id='word_1_657' title='bbox 352 4557 504 4628; x_wconf 86' lang='grc' dir='ltr'>μέσῳ</span> <span class='ocrx_word' id='word_1_658' title='bbox 534 4561 913 4632; x_wconf 76' lang='grc' dir='ltr'>ἀφεστήκασιν</span> <span class='ocrx_word' id='word_1_659' title='bbox 949 4567 1200 4640; x_wconf 86' lang='grc' dir='ltr'>ἀλλήλοις</span> <span class='ocrx_word' id='word_1_660' title='bbox 1223 4572 1292 4626; x_wconf 84' lang='grc'><strong>⁵⁷.</strong></span> <span class='ocrx_word' id='word_1_661' title='bbox 1337 4575 1448 4628; x_wconf 76' lang='grc' dir='ltr'><strong>Καὶ</strong></span> <span class='ocrx_word' id='word_1_662' title='bbox 1477 4577 1511 4645; x_wconf 87' lang='grc' dir='ltr'><strong>ή</strong></span> <span class='ocrx_word' id='word_1_663' title='bbox 1549 4578 1649 4647; x_wconf 84' lang='grc' dir='ltr'>μὲν</span> 
     </span>
    </p>
   </div>
   <div class='ocr_carea' id='block_1_84' title="bbox 1804 4553 3330 4647">
    <p class='ocr_par' dir='ltr' id='par_1_84' title="bbox 1804 4575 3330 4646">
     <span class='ocr_line' id='line_1_86' title="bbox 1804 4575 3330 4646; baseline 0.005 -18"><span class='ocrx_word' id='word_1_664' title='bbox 1804 4575 2016 4642; x_wconf 83' lang='lat' dir='ltr'><strong>quidem</strong></span> <span class='ocrx_word' id='word_1_665' title='bbox 2053 4589 2216 4639; x_wconf 87' lang='lat' dir='ltr'><strong>ossa,</strong></span> <span class='ocrx_word' id='word_1_666' title='bbox 2262 4577 2477 4630; x_wconf 77' lang='lat' dir='ltr'><strong>tametsi</strong></span> <span class='ocrx_word' id='word_1_667' title='bbox 2519 4584 2755 4646; x_wconf 88' lang='lat' dir='ltr'><strong>utroque</strong></span> <span class='ocrx_word' id='word_1_668' title='bbox 2799 4585 3048 4634; x_wconf 85' lang='lat' dir='ltr'><strong>extremo</strong></span> <span class='ocrx_word' id='word_1_669' title='bbox 3099 4580 3330 4636; x_wconf 84' lang='lat' dir='ltr'><strong>invicem</strong></span> 
     </span>
    </p>
   </div>
   <div class='ocr_carea' id='block_1_85' title="bbox 59 4646 1649 4737">
    <p class='ocr_par' dir='ltr' id='par_1_85' title="bbox 59 4646 1649 4737">
     <span class='ocr_line' id='line_1_87' title="bbox 59 4646 1649 4737; baseline 0.014 -37"><span class='ocrx_word' id='word_1_670' title='bbox 59 4646 258 4719; x_wconf 82' lang='grc' dir='ltr'>κνήμη</span> <span class='ocrx_word' id='word_1_671' title='bbox 307 4651 669 4708; x_wconf 86' lang='grc' dir='ltr'>συντέτακται</span> <span class='ocrx_word' id='word_1_672' title='bbox 717 4655 796 4726; x_wconf 83' lang='grc' dir='ltr'><strong>τῷ</strong></span> <span class='ocrx_word' id='word_1_673' title='bbox 850 4659 1046 4730; x_wconf 84' lang='grc' dir='ltr'>μηρῷ,</span> <span class='ocrx_word' id='word_1_674' title='bbox 1092 4663 1342 4735; x_wconf 84' lang='grc' dir='ltr'>μεγάλην</span> <span class='ocrx_word' id='word_1_675' title='bbox 1390 4646 1649 4737; x_wconf 78' lang='grc' dir='ltr'>ἐπίφυσιν</span> 
     </span>
    </p>
   </div>
   <div class='ocr_carea' id='block_1_86' title="bbox 1804 4646 3330 4737">
    <p class='ocr_par' dir='ltr' id='par_1_86' title="bbox 1804 4667 3330 4736">
     <span class='ocr_line' id='line_1_88' title="bbox 1804 4667 3330 4736; baseline 0.006 -20"><span class='ocrx_word' id='word_1_676' title='bbox 1804 4673 1978 4730; x_wconf 63' lang='grc' dir='ltr'>νείκη,</span> <span class='ocrx_word' id='word_1_677' title='bbox 2015 4675 2253 4721; x_wconf 90' lang='lat' dir='ltr'><strong>attamen</strong></span> <span class='ocrx_word' id='word_1_678' title='bbox 2290 4667 2470 4722; x_wconf 88' lang='lat' dir='ltr'><strong>medio</strong></span> <span class='ocrx_word' id='word_1_679' title='bbox 2494 4667 2670 4736; x_wconf 91' lang='lat' dir='ltr'><strong>spatio</strong></span> <span class='ocrx_word' id='word_1_680' title='bbox 2693 4668 2835 4723; x_wconf 89' lang='lat' dir='ltr'><strong>inter</strong></span> <span class='ocrx_word' id='word_1_681' title='bbox 2869 4683 2928 4725; x_wconf 88' lang='lat' dir='ltr'><strong>se</strong></span> <span class='ocrx_word' id='word_1_682' title='bbox 2957 4669 3330 4728; x_wconf 86' lang='lat' dir='ltr'><strong>dirimuntur:</strong></span> 
     </span>
    </p>
   </div>
   <div class='ocr_carea' id='block_1_87' title="bbox 57 4737 1652 4829">
    <p class='ocr_par' dir='ltr' id='par_1_87' title="bbox 57 4737 1652 4829">
     <span class='ocr_line' id='line_1_89' title="bbox 57 4737 1652 4829; baseline 0.016 -41"><span class='ocrx_word' id='word_1_683' title='bbox 57 4737 272 4806; x_wconf 72' lang='grc' dir='ltr'>ἔχουσα</span> <span class='ocrx_word' id='word_1_684' title='bbox 313 4741 456 4795; x_wconf 88' lang='grc' dir='ltr'><strong>κατά</strong></span> <span class='ocrx_word' id='word_1_685' title='bbox 483 4742 546 4796; x_wconf 83' lang='grc' dir='ltr'>τὸ</span> <span class='ocrx_word' id='word_1_686' title='bbox 578 4745 692 4798; x_wconf 84' lang='grc' dir='ltr'>ἄνω</span> <span class='ocrx_word' id='word_1_687' title='bbox 739 4748 913 4819; x_wconf 84' lang='grc' dir='ltr'>πέρας</span> <span class='ocrx_word' id='word_1_688' title='bbox 959 4752 1152 4822; x_wconf 63' lang='grc' dir='ltr'>αὐτῆς</span> <span class='ocrx_word' id='word_1_689' title='bbox 1195 4756 1291 4808; x_wconf 65' lang='grc' dir='ltr'><strong>καὶ⁷</strong></span> <span class='ocrx_word' id='word_1_690' title='bbox 1331 4757 1652 4829; x_wconf 84' lang='grc' dir='ltr'>ὑποδέχεται</span> 
     </span>
    </p>
   </div>
   <div class='ocr_carea' id='block_1_88' title="bbox 56 4831 1438 4913">
    <p class='ocr_par' dir='ltr' id='par_1_88' title="bbox 56 4831 1438 4913">
     <span class='ocr_line' id='line_1_90' title="bbox 56 4831 1438 4913; baseline 0.017 -34"><span class='ocrx_word' id='word_1_691' title='bbox 56 4831 161 4880; x_wconf 80' lang='grc' dir='ltr'>τὸν</span> <span class='ocrx_word' id='word_1_692' title='bbox 195 4831 372 4901; x_wconf 81' lang='grc' dir='ltr'>μηρὸν</span> <span class='ocrx_word' id='word_1_693' title='bbox 393 4832 488 4887; x_wconf 86' lang='grc' dir='ltr'>δύο</span> <span class='ocrx_word' id='word_1_694' title='bbox 515 4836 825 4909; x_wconf 85' lang='grc' dir='ltr'>κοιλότησιν</span> <span class='ocrx_word' id='word_1_695' title='bbox 861 4842 1036 4913; x_wconf 78' lang='grc' dir='ltr'>αὐτῆς</span> <span class='ocrx_word' id='word_1_696' title='bbox 1065 4845 1438 4904; x_wconf 75' lang='grc' dir='ltr'>ἐπιϐαίνοντα.</span> 
     </span>
    </p>
   </div>
   <div class='ocr_carea' id='block_1_89' title="bbox 153 5035 1645 5120">
    <p class='ocr_par' dir='ltr' id='par_1_89' title="bbox 153 5035 1645 5120">
     <span class='ocr_line' id='line_1_91' title="bbox 153 5035 1645 5120; baseline 0.009 -30"><span class='ocrx_word' id='word_1_697' title='bbox 153 5035 275 5091; x_wconf 78' lang='grc' dir='ltr'><strong>Ἐπὶ</strong></span> <span class='ocrx_word' id='word_1_698' title='bbox 297 5037 355 5092; x_wconf 83' lang='grc' dir='ltr'>δὲ</span> <span class='ocrx_word' id='word_1_699' title='bbox 384 5041 498 5105; x_wconf 83' lang='grc' dir='ltr'>τοῖς</span> <span class='ocrx_word' id='word_1_700' title='bbox 529 5041 681 5094; x_wconf 87' lang='grc' dir='ltr'><strong>κάτω</strong></span> <span class='ocrx_word' id='word_1_701' title='bbox 708 5041 904 5112; x_wconf 84' lang='grc' dir='ltr'>μέρεσι</span> <span class='ocrx_word' id='word_1_702' title='bbox 929 5044 1150 5116; x_wconf 80' lang='grc' dir='ltr'>κνήμης</span> <span class='ocrx_word' id='word_1_703' title='bbox 1174 5062 1233 5098; x_wconf 86' lang='grc' dir='ltr'><strong>τε</strong></span> <span class='ocrx_word' id='word_1_704' title='bbox 1259 5048 1351 5100; x_wconf 73' lang='grc' dir='ltr'>καὶ</span> <span class='ocrx_word' id='word_1_705' title='bbox 1374 5048 1610 5120; x_wconf 85' lang='grc' dir='ltr'>περόνης</span> <span class='ocrx_word' id='word_1_706' title='bbox 1631 5088 1645 5114; x_wconf 88' lang='grc'><strong>,</strong></span> 
     </span>
    </p>
   </div>
   <div class='ocr_carea' id='block_1_90' title="bbox 58 5129 1649 5206">
    <p class='ocr_par' dir='ltr' id='par_1_90' title="bbox 58 5129 1649 5206">
     <span class='ocr_line' id='line_1_92' title="bbox 58 5129 1649 5206; baseline 0.008 -25"><span class='ocrx_word' id='word_1_707' title='bbox 58 5131 93 5182; x_wconf 84' lang='grc' dir='ltr'><strong>ὁ</strong></span> <span class='ocrx_word' id='word_1_708' title='bbox 133 5129 482 5200; x_wconf 81' lang='grc' dir='ltr'>ἀστράγαλος</span> <span class='ocrx_word' id='word_1_709' title='bbox 529 5133 1025 5206; x_wconf 80' lang='grc' dir='ltr'>περιλαμϐάνεται.</span> <span class='ocrx_word' id='word_1_710' title='bbox 1064 5137 1298 5206; x_wconf 84' lang='grc' dir='ltr'>Λέγεται</span> <span class='ocrx_word' id='word_1_711' title='bbox 1343 5139 1399 5192; x_wconf 80' lang='grc' dir='ltr'>δὲ</span> <span class='ocrx_word' id='word_1_712' title='bbox 1437 5140 1498 5192; x_wconf 88' lang='grc' dir='ltr'>τὸ</span> <span class='ocrx_word' id='word_1_713' title='bbox 1528 5139 1649 5194; x_wconf 82' lang='grc' dir='ltr'>ὅλον</span> 
     </span>
    </p>
   </div>
   <div class='ocr_carea' id='block_1_91' title="bbox 63 5219 1648 5302">
    <p class='ocr_par' dir='ltr' id='par_1_91' title="bbox 63 5219 1648 5302">
     <span class='ocr_line' id='line_1_93' title="bbox 63 5219 1648 5302; baseline 0.009 -30"><span class='ocrx_word' id='word_1_714' title='bbox 63 5219 242 5291; x_wconf 82' lang='grc' dir='ltr'>μέρος</span> <span class='ocrx_word' id='word_1_715' title='bbox 273 5221 434 5275; x_wconf 84' lang='grc' dir='ltr'>τοῦτο</span> <span class='ocrx_word' id='word_1_716' title='bbox 474 5225 583 5278; x_wconf 81' lang='grc' dir='ltr'>ἀπὸ</span> <span class='ocrx_word' id='word_1_717' title='bbox 629 5225 725 5279; x_wconf 84' lang='grc' dir='ltr'><strong>τοῦ</strong></span> <span class='ocrx_word' id='word_1_718' title='bbox 770 5228 998 5296; x_wconf 88' lang='grc' dir='ltr'>γόνατος</span> <span class='ocrx_word' id='word_1_719' title='bbox 1027 5229 1132 5294; x_wconf 70' lang='grc' dir='ltr'>ἕως</span> <span class='ocrx_word' id='word_1_720' title='bbox 1172 5229 1266 5283; x_wconf 76' lang='grc' dir='ltr'><strong>τοῦ</strong></span> <span class='ocrx_word' id='word_1_721' title='bbox 1296 5231 1648 5302; x_wconf 80' lang='grc' dir='ltr'>ἀστραγάλου</span> 
     </span>
    </p>
   </div>
   <div class='ocr_carea' id='block_1_92' title="bbox 61 5311 1649 5393">
    <p class='ocr_par' dir='ltr' id='par_1_92' title="bbox 61 5311 1649 5393">
     <span class='ocr_line' id='line_1_94' title="bbox 61 5311 1649 5393; baseline 0.007 -25"><span class='ocrx_word' id='word_1_722' title='bbox 61 5311 302 5382; x_wconf 79' lang='grc' dir='ltr'>κνήμη,</span> <span class='ocrx_word' id='word_1_723' title='bbox 337 5316 445 5370; x_wconf 76' lang='grc' dir='ltr'>ἀπὸ</span> <span class='ocrx_word' id='word_1_724' title='bbox 487 5317 583 5371; x_wconf 84' lang='grc' dir='ltr'>τοῦ</span> <span class='ocrx_word' id='word_1_725' title='bbox 611 5319 973 5390; x_wconf 85' lang='grc' dir='ltr'>ὑπερέχοντος</span> <span class='ocrx_word' id='word_1_726' title='bbox 993 5321 1041 5352; x_wconf 81' lang='grc'><strong>⁸⁸</strong></span> <span class='ocrx_word' id='word_1_727' title='bbox 1072 5321 1408 5393; x_wconf 59' lang='grc' dir='ltr'>ὀνομασθέν</span> <span class='ocrx_word' id='word_1_728' title='bbox 1438 5325 1563 5378; x_wconf 85' lang='grc' dir='ltr'>ὅσον</span> <span class='ocrx_word' id='word_1_729' title='bbox 1591 5325 1649 5379; x_wconf 86' lang='grc' dir='ltr'>δὲ</span> 
     </span>
    </p>
   </div>
   <div class='ocr_carea' id='block_1_93' title="bbox 58 5408 1648 5486">
    <p class='ocr_par' dir='ltr' id='par_1_93' title="bbox 58 5408 1648 5486">
     <span class='ocr_line' id='line_1_95' title="bbox 58 5408 1648 5486; baseline 0.006 -26"><span class='ocrx_word' id='word_1_730' title='bbox 58 5409 314 5477; x_wconf 74' lang='grc' dir='ltr'>ἄσαρκον</span> <span class='ocrx_word' id='word_1_731' title='bbox 345 5408 512 5462; x_wconf 84' lang='grc' dir='ltr'>αὐτοῦ</span> <span class='ocrx_word' id='word_1_732' title='bbox 541 5409 635 5463; x_wconf 68' lang='grc' dir='ltr'><strong>καὶ⁵</strong></span> <span class='ocrx_word' id='word_1_733' title='bbox 671 5410 731 5464; x_wconf 89' lang='grc' dir='ltr'><strong>λε</strong></span> <span class='ocrx_word' id='word_1_734' title='bbox 743 5411 868 5465; x_wconf 70' lang='grc' dir='ltr'>κτὸν</span> <span class='ocrx_word' id='word_1_735' title='bbox 891 5453 906 5479; x_wconf 93' lang='grc'><strong>,</strong></span> <span class='ocrx_word' id='word_1_736' title='bbox 939 5412 998 5466; x_wconf 81' lang='grc' dir='ltr'>ὲν</span> <span class='ocrx_word' id='word_1_737' title='bbox 1031 5416 1143 5478; x_wconf 89' lang='grc' dir='ltr'>τοῖς</span> <span class='ocrx_word' id='word_1_738' title='bbox 1173 5413 1357 5484; x_wconf 87' lang='grc' dir='ltr'>πρόσω</span> <span class='ocrx_word' id='word_1_739' title='bbox 1383 5414 1486 5484; x_wconf 83' lang='grc' dir='ltr'>τῆς</span> <span class='ocrx_word' id='word_1_740' title='bbox 1516 5417 1648 5486; x_wconf 86' lang='grc' dir='ltr'>κνή-</span> 
     </span>
    </p>
   </div>
   <div class='ocr_carea' id='block_1_94' title="bbox 64 5499 1648 5578">
    <p class='ocr_par' dir='ltr' id='par_1_94' title="bbox 64 5499 1648 5578">
     <span class='ocr_line' id='line_1_96' title="bbox 64 5499 1648 5578; baseline 0.006 -26"><span class='ocrx_word' id='word_1_741' title='bbox 64 5515 184 5571; x_wconf 84' lang='grc' dir='ltr'><strong>μης</strong></span> <span class='ocrx_word' id='word_1_742' title='bbox 205 5539 219 5563; x_wconf 94' lang='grc'><strong>,</strong></span> <span class='ocrx_word' id='word_1_743' title='bbox 250 5499 644 5571; x_wconf 79' lang='grc' dir='ltr'>ἀντικνήμιον</span> <span class='ocrx_word' id='word_1_744' title='bbox 674 5502 1001 5575; x_wconf 68' lang='grc' dir='ltr'>ὀνομάζεται</span> <span class='ocrx_word' id='word_1_745' title='bbox 1022 5521 1035 5535; x_wconf 77' lang='grc'><strong><em>⁸</em></strong></span> <span class='ocrx_word' id='word_1_746' title='bbox 1067 5505 1130 5558; x_wconf 81' lang='grc' dir='ltr'>τὸ</span> <span class='ocrx_word' id='word_1_747' title='bbox 1159 5507 1204 5559; x_wconf 90' lang='grc' dir='ltr'>δ’</span> <span class='ocrx_word' id='word_1_748' title='bbox 1239 5506 1466 5560; x_wconf 76' lang='grc' dir='ltr'>ὄπισθεν</span> <span class='ocrx_word' id='word_1_749' title='bbox 1508 5507 1648 5578; x_wconf 78' lang='grc' dir='ltr'>μετὰ</span> 
     </span>
    </p>
   </div>
   <div class='ocr_carea' id='block_1_95' title="bbox 140 5669 1195 5748">
    <p class='ocr_par' dir='ltr' id='par_1_95' title="bbox 140 5669 1195 5748">
     <span class='ocr_line' id='line_1_97' title="bbox 140 5669 1195 5748; baseline 0.025 -44"><span class='ocrx_word' id='word_1_750' title='bbox 140 5674 188 5748; x_wconf 57' lang='grc' dir='ltr'><strong>οε</strong></span> <span class='ocrx_word' id='word_1_751' title='bbox 217 5674 547 5748; x_wconf 43' lang='grc' dir='ltr'>ὠμοπλάτιν-</span> <span class='ocrx_word' id='word_1_752' title='bbox 567 5669 627 5726; x_wconf 85' lang='grc' dir='ltr'><strong>Β.</strong></span> <span class='ocrx_word' id='word_1_753' title='bbox 678 5745 707 5748; x_wconf 43' lang='grc' dir='ltr'><strong><em>υ</em></strong></span> <span class='ocrx_word' id='word_1_754' title='bbox 744 5672 789 5748; x_wconf 61' lang='grc' dir='ltr'><strong>ξτ</strong></span> <span class='ocrx_word' id='word_1_755' title='bbox 815 5677 1109 5748; x_wconf 77' lang='grc' dir='ltr'>ὲπιπολλῆς</span> <span class='ocrx_word' id='word_1_756' title='bbox 1137 5675 1195 5731; x_wconf 87' lang='grc' dir='ltr'><strong>Β.</strong></span> 
     </span>
    </p>
   </div>
   <div class='ocr_carea' id='block_1_96' title="bbox 60 5812 1650 5889">
    <p class='ocr_par' dir='ltr' id='par_1_96' title="bbox 60 5812 1650 5889">
     <span class='ocr_line' id='line_1_98' title="bbox 60 5812 1650 5889; baseline 0.002 -21"><span class='ocrx_word' id='word_1_757' title='bbox 60 5815 167 5870; x_wconf 79' lang='grc' dir='ltr'>καὶ</span> <span class='ocrx_word' id='word_1_758' title='bbox 200 5812 302 5880; x_wconf 74' lang='grc' dir='ltr'><strong>ἔξω</strong></span> <span class='ocrx_word' id='word_1_759' title='bbox 328 5815 367 5869; x_wconf 82' lang='grc' dir='ltr'><strong>Β</strong></span> <span class='ocrx_word' id='word_1_760' title='bbox 395 5816 453 5871; x_wconf 84' lang='grc' dir='ltr'><strong>Ρ.</strong></span> <span class='ocrx_word' id='word_1_761' title='bbox 532 5816 575 5846; x_wconf 81' lang='grc'><strong>⁸⁷</strong></span> <span class='ocrx_word' id='word_1_762' title='bbox 630 5816 876 5887; x_wconf 86' lang='grc' dir='ltr'>ἀλλήλων</span> <span class='ocrx_word' id='word_1_763' title='bbox 931 5816 970 5870; x_wconf 83' lang='grc' dir='ltr'><strong>Β</strong></span> <span class='ocrx_word' id='word_1_764' title='bbox 1002 5817 1060 5873; x_wconf 80' lang='grc' dir='ltr'><strong>Ρ.</strong></span> <span class='ocrx_word' id='word_1_765' title='bbox 1141 5812 1185 5848; x_wconf 73' lang='grc'><strong>⁸⁸</strong></span> <span class='ocrx_word' id='word_1_766' title='bbox 1213 5817 1558 5889; x_wconf 81' lang='grc' dir='ltr'>περιέχοντος</span> <span class='ocrx_word' id='word_1_767' title='bbox 1591 5818 1650 5872; x_wconf 89' lang='grc' dir='ltr'><strong>Β.</strong></span> 
     </span>
    </p>
   </div>
   <div class='ocr_carea' id='block_1_97' title="bbox 1306 5675 1351 5709">
    <p class='ocr_par' dir='ltr' id='par_1_97' title="bbox 1306 5675 1351 5709">
     <span class='ocr_line' id='line_1_99' title="bbox 1306 5675 1351 5709; baseline 0.022 -1"><span class='ocrx_word' id='word_1_768' title='bbox 1306 5675 1351 5709; x_wconf 71' lang='grc' dir='ltr'><strong>ιε</strong></span> 
     </span>
    </p>
   </div>
   <div class='ocr_carea' id='block_1_98' title="bbox 59 5677 2234 5820">
    <p class='ocr_par' dir='ltr' id='par_1_98' title="bbox 59 5677 2234 5820">
     <span class='ocr_line' id='line_1_100' title="bbox 140 5677 2232 5748; baseline 0.004 -21"><span class='ocrx_word' id='word_1_769' title='bbox 140 5677 188 5706; x_wconf 72' lang='grc'><strong>⁸⁵</strong></span> <span class='ocrx_word' id='word_1_770' title='bbox 217 5677 529 5746; x_wconf 85' lang='grc' dir='ltr'>ὡμοπλάτιν</span> <span class='ocrx_word' id='word_1_771' title='bbox 568 5677 627 5726; x_wconf 85' lang='grc' dir='ltr'><strong>Β.</strong></span> <span class='ocrx_word' id='word_1_772' title='bbox 744 5677 789 5705; x_wconf 73' lang='grc'><strong>⁵⁷</strong></span> <span class='ocrx_word' id='word_1_773' title='bbox 815 5677 1109 5748; x_wconf 77' lang='grc' dir='ltr'>ὲπιπολλῆς</span> <span class='ocrx_word' id='word_1_774' title='bbox 1137 5677 1195 5731; x_wconf 89' lang='grc' dir='ltr'><strong>Β.</strong></span> <span class='ocrx_word' id='word_1_775' title='bbox 1306 5677 1351 5709; x_wconf 75' lang='grc'><strong>⁸⁸</strong></span> <span class='ocrx_word' id='word_1_776' title='bbox 1381 5677 1441 5730; x_wconf 81' lang='grc' dir='ltr'>τὸ</span> <span class='ocrx_word' id='word_1_777' title='bbox 1473 5693 1582 5733; x_wconf 87' lang='lat' dir='ltr'><strong>om.</strong></span> <span class='ocrx_word' id='word_1_778' title='bbox 1611 5677 1671 5732; x_wconf 86' lang='grc' dir='ltr'>Β,</span> <span class='ocrx_word' id='word_1_779' title='bbox 1808 5677 1853 5712; x_wconf 67' lang='grc' dir='ltr'><strong>δ’</strong></span> <span class='ocrx_word' id='word_1_780' title='bbox 1879 5681 2026 5733; x_wconf 81' lang='grc' dir='ltr'>ἐστιν</span> <span class='ocrx_word' id='word_1_781' title='bbox 2051 5683 2159 5734; x_wconf 83' lang='grc' dir='ltr'>τῶν</span> <span class='ocrx_word' id='word_1_782' title='bbox 2201 5700 2232 5736; x_wconf 89' lang='grc' dir='ltr'><strong>κ</strong></span> 
     </span>
     <span class='ocr_line' id='line_1_101' title="bbox 59 5742 2234 5820; baseline 0.004 -20"><span class='ocrx_word' id='word_1_783' title='bbox 59 5744 360 5820; x_wconf 33' lang='lat' dir='ltr'><strong>inquit:</strong></span> <span class='ocrx_word' id='word_1_784' title='bbox 398 5747 454 5820; x_wconf 58' lang='grc' dir='ltr'>ξι</span> <span class='ocrx_word' id='word_1_785' title='bbox 484 5742 715 5820; x_wconf 60' lang='grc' dir='ltr'>κῖρτος</span> <span class='ocrx_word' id='word_1_786' title='bbox 872 5748 1074 5820; x_wconf 37' lang='grc' dir='ltr'>δίεν-τ.</span> <span class='ocrx_word' id='word_1_787' title='bbox 1115 5764 1201 5820; x_wconf 51' lang='lat' dir='ltr'><strong>ex.</strong></span> <span class='ocrx_word' id='word_1_788' title='bbox 1243 5747 1301 5800; x_wconf 85' lang='grc' dir='ltr'><strong>Β.</strong></span> <span class='ocrx_word' id='word_1_789' title='bbox 1356 5749 1423 5820; x_wconf 25' lang='grc'><strong>,⁵³</strong></span> <span class='ocrx_word' id='word_1_790' title='bbox 1454 5747 1520 5811; x_wconf 77' lang='grc' dir='ltr'><strong>ἃς</strong></span> <span class='ocrx_word' id='word_1_791' title='bbox 1555 5751 1650 5820; x_wconf 69' lang='grc' dir='ltr'>καὶ</span> <span class='ocrx_word' id='word_1_792' title='bbox 1683 5766 1768 5820; x_wconf 80' lang='grc' dir='ltr'>τρ.</span> <span class='ocrx_word' id='word_1_793' title='bbox 1805 5751 1864 5807; x_wconf 70' lang='grc' dir='ltr'><strong>Β.</strong></span> <span class='ocrx_word' id='word_1_794' title='bbox 1942 5751 1990 5782; x_wconf 66' lang='grc'><strong>⁸⁵</strong></span> <span class='ocrx_word' id='word_1_795' title='bbox 2015 5752 2144 5806; x_wconf 84' lang='grc' dir='ltr'>ὀστά</span> <span class='ocrx_word' id='word_1_796' title='bbox 2178 5755 2234 5808; x_wconf 83' lang='grc' dir='ltr'><strong>Β.</strong></span> 
     </span>
    </p>
   </div>
   <div class='ocr_carea' id='block_1_99' title="bbox 1749 4755 3329 4832">
    <p class='ocr_par' dir='ltr' id='par_1_99' title="bbox 1749 4755 3329 4832">
     <span class='ocr_line' id='line_1_102' title="bbox 1749 4755 3329 4832; baseline 0.008 -24"><span class='ocrx_word' id='word_1_797' title='bbox 1749 4769 1873 4809; x_wconf 91' lang='lat' dir='ltr'><strong>nam</strong></span> <span class='ocrx_word' id='word_1_798' title='bbox 1916 4755 2073 4820; x_wconf 90' lang='lat' dir='ltr'><strong>tibia,</strong></span> <span class='ocrx_word' id='word_1_799' title='bbox 2116 4757 2171 4810; x_wconf 90' lang='lat' dir='ltr'><strong>in</strong></span> <span class='ocrx_word' id='word_1_800' title='bbox 2209 4757 2562 4813; x_wconf 86' lang='lat' dir='ltr'><strong>immodicam</strong></span> <span class='ocrx_word' id='word_1_801' title='bbox 2605 4760 2957 4830; x_wconf 89' lang='lat' dir='ltr'><strong>appendicem</strong></span> <span class='ocrx_word' id='word_1_802' title='bbox 2985 4776 3329 4832; x_wconf 78' lang='lat' dir='ltr'><strong>excresoens,</strong></span> 
     </span>
    </p>
   </div>
   <div class='ocr_carea' id='block_1_100' title="bbox 1749 4845 3332 4924">
    <p class='ocr_par' dir='ltr' id='par_1_100' title="bbox 1749 4845 3332 4924">
     <span class='ocr_line' id='line_1_103' title="bbox 1749 4845 3332 4924; baseline 0.007 -24"><span class='ocrx_word' id='word_1_803' title='bbox 1749 4845 1943 4903; x_wconf 87' lang='lat' dir='ltr'><strong>femori</strong></span> <span class='ocrx_word' id='word_1_804' title='bbox 1979 4863 2008 4902; x_wconf 92' lang='lat' dir='ltr'><strong>a</strong></span> <span class='ocrx_word' id='word_1_805' title='bbox 2043 4857 2198 4918; x_wconf 84' lang='lat' dir='ltr'><strong>parte</strong></span> <span class='ocrx_word' id='word_1_806' title='bbox 2229 4849 2512 4919; x_wconf 88' lang='lat' dir='ltr'><strong>superiore</strong></span> <span class='ocrx_word' id='word_1_807' title='bbox 2540 4852 2846 4921; x_wconf 90' lang='lat' dir='ltr'><strong>copulatur,</strong></span> <span class='ocrx_word' id='word_1_808' title='bbox 2884 4859 2940 4907; x_wconf 90' lang='lat' dir='ltr'><strong>et</strong></span> <span class='ocrx_word' id='word_1_809' title='bbox 2974 4853 3206 4924; x_wconf 81' lang='lat' dir='ltr'><strong>geminis</strong></span> <span class='ocrx_word' id='word_1_810' title='bbox 3235 4871 3332 4911; x_wconf 87' lang='lat' dir='ltr'><strong>ca-</strong></span> 
     </span>
    </p>
   </div>
   <div class='ocr_carea' id='block_1_101' title="bbox 1752 4937 3008 5010">
    <p class='ocr_par' dir='ltr' id='par_1_101' title="bbox 1752 4937 3008 5010">
     <span class='ocr_line' id='line_1_104' title="bbox 1752 4937 3008 5010; baseline 0.004 -22"><span class='ocrx_word' id='word_1_811' title='bbox 1752 4937 1834 4991; x_wconf 88' lang='lat' dir='ltr'><strong>vis</strong></span> <span class='ocrx_word' id='word_1_812' title='bbox 1866 4937 2044 5008; x_wconf 89' lang='lat' dir='ltr'><strong>ipsum</strong></span> <span class='ocrx_word' id='word_1_813' title='bbox 2091 4939 2483 5008; x_wconf 87' lang='lat' dir='ltr'><strong>superveniens</strong></span> <span class='ocrx_word' id='word_1_814' title='bbox 2531 4937 2713 4993; x_wconf 87' lang='lat' dir='ltr'><strong>femur</strong></span> <span class='ocrx_word' id='word_1_815' title='bbox 2761 4939 3008 5010; x_wconf 88' lang='lat' dir='ltr'><strong>suspicit.</strong></span> 
     </span>
    </p>
   </div>
   <div class='ocr_carea' id='block_1_102' title="bbox 1820 5049 3334 5124">
    <p class='ocr_par' dir='ltr' id='par_1_102' title="bbox 1820 5049 3334 5124">
     <span class='ocr_line' id='line_1_105' title="bbox 1820 5049 3334 5124; baseline 0.004 -22"><span class='ocrx_word' id='word_1_816' title='bbox 1820 5049 1903 5105; x_wconf 88' lang='lat' dir='ltr'><strong>Ab</strong></span> <span class='ocrx_word' id='word_1_817' title='bbox 1951 5049 2207 5106; x_wconf 87' lang='lat' dir='ltr'><strong>inferiore</strong></span> <span class='ocrx_word' id='word_1_818' title='bbox 2234 5066 2364 5107; x_wconf 84' lang='lat' dir='ltr'><strong>vero</strong></span> <span class='ocrx_word' id='word_1_819' title='bbox 2395 5051 2539 5107; x_wconf 70' lang='lat' dir='ltr'><strong>tibiae</strong></span> <span class='ocrx_word' id='word_1_820' title='bbox 2566 5061 2620 5107; x_wconf 87' lang='lat' dir='ltr'><strong>et</strong></span> <span class='ocrx_word' id='word_1_821' title='bbox 2647 5067 2789 5108; x_wconf 61' lang='lat' dir='ltr'><strong>sura:</strong></span> <span class='ocrx_word' id='word_1_822' title='bbox 2824 5053 3152 5124; x_wconf 87' lang='lat' dir='ltr'><strong>parte,talus</strong></span> <span class='ocrx_word' id='word_1_823' title='bbox 3183 5069 3334 5110; x_wconf 90' lang='lat' dir='ltr'><strong>com-</strong></span> 
     </span>
    </p>
   </div>
   <div class='ocr_carea' id='block_1_103' title="bbox 1752 5141 3330 5215">
    <p class='ocr_par' dir='ltr' id='par_1_103' title="bbox 1752 5141 3330 5215">
     <span class='ocr_line' id='line_1_106' title="bbox 1752 5141 3330 5215; baseline 0.003 -21"><span class='ocrx_word' id='word_1_824' title='bbox 1752 5141 2106 5210; x_wconf 87' lang='lat' dir='ltr'><strong>prehenditur</strong></span> <span class='ocrx_word' id='word_1_825' title='bbox 2141 5159 2156 5209; x_wconf 93' lang='lat'><strong>;</strong></span> <span class='ocrx_word' id='word_1_826' title='bbox 2189 5150 2246 5197; x_wconf 86' lang='lat' dir='ltr'><strong>et</strong></span> <span class='ocrx_word' id='word_1_827' title='bbox 2291 5143 2445 5214; x_wconf 84' lang='lat' dir='ltr'><strong>pedis</strong></span> <span class='ocrx_word' id='word_1_828' title='bbox 2487 5143 2705 5214; x_wconf 85' lang='lat' dir='ltr'><strong>quidem</strong></span> <span class='ocrx_word' id='word_1_829' title='bbox 2748 5151 2954 5199; x_wconf 87' lang='lat' dir='ltr'><strong>tractus</strong></span> <span class='ocrx_word' id='word_1_830' title='bbox 3000 5144 3204 5210; x_wconf 88' lang='lat' dir='ltr'><strong>omnis,</strong></span> <span class='ocrx_word' id='word_1_831' title='bbox 3237 5145 3330 5215; x_wconf 91' lang='lat' dir='ltr'><strong>qui</strong></span> 
     </span>
    </p>
   </div>
   <div class='ocr_carea' id='block_1_104' title="bbox 1752 5235 3332 5305">
    <p class='ocr_par' dir='ltr' id='par_1_104' title="bbox 1752 5235 3332 5305">
     <span class='ocr_line' id='line_1_107' title="bbox 1752 5235 3332 5305; baseline 0.003 -18"><span class='ocrx_word' id='word_1_832' title='bbox 1752 5248 1782 5287; x_wconf 90' lang='lat' dir='ltr'><strong>a</strong></span> <span class='ocrx_word' id='word_1_833' title='bbox 1813 5250 1954 5304; x_wconf 80' lang='lat' dir='ltr'><strong>genu</strong></span> <span class='ocrx_word' id='word_1_834' title='bbox 2005 5236 2071 5289; x_wconf 90' lang='lat' dir='ltr'><strong>ad</strong></span> <span class='ocrx_word' id='word_1_835' title='bbox 2103 5235 2271 5290; x_wconf 83' lang='lat' dir='ltr'><strong>talum</strong></span> <span class='ocrx_word' id='word_1_836' title='bbox 2305 5250 2481 5305; x_wconf 88' lang='lat' dir='ltr'><strong>usque</strong></span> <span class='ocrx_word' id='word_1_837' title='bbox 2511 5235 2811 5297; x_wconf 89' lang='lat' dir='ltr'><strong>descendit,</strong></span> <span class='ocrx_word' id='word_1_838' title='bbox 2841 5251 2869 5290; x_wconf 87' lang='lat' dir='ltr'><strong>a</strong></span> <span class='ocrx_word' id='word_1_839' title='bbox 2906 5245 3057 5305; x_wconf 91' lang='lat' dir='ltr'><strong>parte</strong></span> <span class='ocrx_word' id='word_1_840' title='bbox 3083 5236 3332 5292; x_wconf 91' lang='lat' dir='ltr'><strong>videlicet</strong></span> 
     </span>
    </p>
   </div>
   <div class='ocr_carea' id='block_1_105' title="bbox 1752 5324 3330 5398">
    <p class='ocr_par' dir='ltr' id='par_1_105' title="bbox 1752 5324 3330 5398">
     <span class='ocr_line' id='line_1_108' title="bbox 1752 5324 3330 5398; baseline 0.004 -21"><span class='ocrx_word' id='word_1_841' title='bbox 1752 5324 1889 5379; x_wconf 90' lang='lat' dir='ltr'><strong>alias</strong></span> <span class='ocrx_word' id='word_1_842' title='bbox 1906 5333 2288 5395; x_wconf 79' lang='lat' dir='ltr'><strong>exsuperante,</strong></span> <span class='ocrx_word' id='word_1_843' title='bbox 2303 5326 2429 5380; x_wconf 87' lang='lat' dir='ltr'><strong>tibia</strong></span> <span class='ocrx_word' id='word_1_844' title='bbox 2448 5333 2795 5395; x_wconf 89' lang='lat' dir='ltr'><strong>nuncupatur</strong></span> <span class='ocrx_word' id='word_1_845' title='bbox 2820 5346 2832 5381; x_wconf 88' lang='lat'><strong>:</strong></span> <span class='ocrx_word' id='word_1_846' title='bbox 2854 5327 3012 5397; x_wconf 85' lang='lat' dir='ltr'><strong>cujus</strong></span> <span class='ocrx_word' id='word_1_847' title='bbox 3033 5328 3248 5398; x_wconf 90' lang='lat' dir='ltr'><strong>quidem</strong></span> <span class='ocrx_word' id='word_1_848' title='bbox 3269 5345 3330 5383; x_wconf 84' lang='lat' dir='ltr'><strong>ea</strong></span> 
     </span>
    </p>
   </div>
   <div class='ocr_carea' id='block_1_106' title="bbox 1754 5416 3331 5486">
    <p class='ocr_par' dir='ltr' id='par_1_106' title="bbox 1754 5416 3331 5486">
     <span class='ocr_line' id='line_1_109' title="bbox 1754 5416 3331 5486; baseline 0.002 -19"><span class='ocrx_word' id='word_1_849' title='bbox 1754 5416 1935 5484; x_wconf 91' lang='lat' dir='ltr'><strong>portio</strong></span> <span class='ocrx_word' id='word_1_850' title='bbox 1967 5416 2225 5481; x_wconf 87' lang='lat' dir='ltr'><strong>anterior,</strong></span> <span class='ocrx_word' id='word_1_851' title='bbox 2257 5431 2379 5486; x_wconf 68' lang='lat' dir='ltr'><strong>qua:</strong></span> <span class='ocrx_word' id='word_1_852' title='bbox 2407 5417 2586 5471; x_wconf 86' lang='lat' dir='ltr'><strong>carnis</strong></span> <span class='ocrx_word' id='word_1_853' title='bbox 2611 5431 2802 5485; x_wconf 84' lang='lat' dir='ltr'><strong>expers</strong></span> <span class='ocrx_word' id='word_1_854' title='bbox 2839 5433 2902 5472; x_wconf 89' lang='lat' dir='ltr'><strong>ac</strong></span> <span class='ocrx_word' id='word_1_855' title='bbox 2923 5418 3080 5473; x_wconf 81' lang='lat' dir='ltr'><strong>exilis</strong></span> <span class='ocrx_word' id='word_1_856' title='bbox 3116 5419 3331 5479; x_wconf 89' lang='lat' dir='ltr'><strong>visitur,</strong></span> 
     </span>
    </p>
   </div>
   <div class='ocr_carea' id='block_1_107' title="bbox 1756 5507 3331 5580">
    <p class='ocr_par' dir='ltr' id='par_1_107' title="bbox 1756 5507 3331 5580">
     <span class='ocr_line' id='line_1_110' title="bbox 1756 5507 3331 5580; baseline 0.004 -21"><span class='ocrx_word' id='word_1_857' title='bbox 1756 5507 2072 5563; x_wconf 88' lang='lat' dir='ltr'><strong>antetibiale</strong></span> <span class='ocrx_word' id='word_1_858' title='bbox 2095 5507 2297 5563; x_wconf 82' lang='lat' dir='ltr'><strong>dicitur</strong></span> <span class='ocrx_word' id='word_1_859' title='bbox 2323 5526 2337 5564; x_wconf 90' lang='lat'>:</span> <span class='ocrx_word' id='word_1_860' title='bbox 2369 5523 2491 5578; x_wconf 82' lang='lat' dir='ltr'><strong>quae</strong></span> <span class='ocrx_word' id='word_1_861' title='bbox 2523 5523 2653 5565; x_wconf 84' lang='lat' dir='ltr'><strong>vero</strong></span> <span class='ocrx_word' id='word_1_862' title='bbox 2669 5511 2940 5580; x_wconf 87' lang='lat' dir='ltr'><strong>posterior</strong></span> <span class='ocrx_word' id='word_1_863' title='bbox 2967 5519 3072 5576; x_wconf 86' lang='lat' dir='ltr'><strong>est,</strong></span> <span class='ocrx_word' id='word_1_864' title='bbox 3102 5525 3331 5580; x_wconf 83' lang='lat' dir='ltr'><strong>magnos</strong></span> 
     </span>
    </p>
   </div>
   <div class='ocr_carea' id='block_1_108' title="bbox 1771 5671 3325 5748">
    <p class='ocr_par' dir='ltr' id='par_1_108' title="bbox 1771 5671 3325 5748">
     <span class='ocr_line' id='line_1_111' title="bbox 1771 5671 3325 5748; baseline 0.007 -16"><span class='ocrx_word' id='word_1_865' title='bbox 1771 5671 1776 5674; x_wconf 62' lang='grc'><em>’</em></span> <span class='ocrx_word' id='word_1_866' title='bbox 1808 5677 1853 5712; x_wconf 67' lang='grc' dir='ltr'><strong>δ’</strong></span> <span class='ocrx_word' id='word_1_867' title='bbox 1879 5681 2026 5733; x_wconf 82' lang='grc' dir='ltr'>ἐστιν</span> <span class='ocrx_word' id='word_1_868' title='bbox 2051 5683 2159 5734; x_wconf 83' lang='grc' dir='ltr'>τῶν</span> <span class='ocrx_word' id='word_1_869' title='bbox 2201 5685 2340 5738; x_wconf 75' lang='grc' dir='ltr'>κατὰ</span> <span class='ocrx_word' id='word_1_870' title='bbox 2381 5684 2443 5736; x_wconf 82' lang='grc' dir='ltr'>τὸ</span> <span class='ocrx_word' id='word_1_871' title='bbox 2473 5683 2614 5748; x_wconf 82' lang='grc' dir='ltr'>ζῶον</span> <span class='ocrx_word' id='word_1_872' title='bbox 2655 5689 2754 5740; x_wconf 86' lang='grc' dir='ltr'>ἀπ.</span> <span class='ocrx_word' id='word_1_873' title='bbox 2785 5688 2900 5740; x_wconf 84' lang='grc' dir='ltr'>ὀστ.</span> <span class='ocrx_word' id='word_1_874' title='bbox 2951 5686 3012 5740; x_wconf 88' lang='grc' dir='ltr'><strong>Β.</strong></span> <span class='ocrx_word' id='word_1_875' title='bbox 3147 5687 3193 5718; x_wconf 76' lang='grc'><strong>⁵⁸</strong></span> <span class='ocrx_word' id='word_1_876' title='bbox 3238 5685 3325 5738; x_wconf 74' lang='grc' dir='ltr'>διὰ</span> 
     </span>
    </p>
   </div>
   <div class='ocr_carea' id='block_1_109' title="bbox 2341 5753 3329 5827">
    <p class='ocr_par' dir='ltr' id='par_1_109' title="bbox 2341 5753 3329 5827">
     <span class='ocr_line' id='line_1_112' title="bbox 2341 5753 3329 5827; baseline -0.001 -18"><span class='ocrx_word' id='word_1_877' title='bbox 2341 5755 2385 5792; x_wconf 75' lang='grc'><strong>³⁸</strong></span> <span class='ocrx_word' id='word_1_878' title='bbox 2414 5753 2571 5809; x_wconf 78' lang='grc' dir='ltr'>ἄλλον</span> <span class='ocrx_word' id='word_1_879' title='bbox 2601 5756 2666 5811; x_wconf 83' lang='grc' dir='ltr'><strong>Α.</strong></span> <span class='ocrx_word' id='word_1_880' title='bbox 2743 5757 2789 5789; x_wconf 75' lang='grc'><strong>⁸⁸</strong></span> <span class='ocrx_word' id='word_1_881' title='bbox 2837 5757 3008 5826; x_wconf 82' lang='grc' dir='ltr'>ὲμπρ.</span> <span class='ocrx_word' id='word_1_882' title='bbox 3043 5773 3169 5827; x_wconf 89' lang='grc' dir='ltr'>μεγ.</span> <span class='ocrx_word' id='word_1_883' title='bbox 3220 5756 3329 5808; x_wconf 78' lang='grc' dir='ltr'>ἔσω</span> 
     </span>
    </p>
   </div>
   <div class='ocr_carea' id='block_1_110' title="bbox 3211 438 3364 493">
    <p class='ocr_par' dir='ltr' id='par_1_110' title="bbox 3211 438 3364 493">
     <span class='ocr_line' id='line_1_113' title="bbox 3211 438 3364 493; baseline 0.007 -1"><span class='ocrx_word' id='word_1_884' title='bbox 3211 438 3364 493; x_wconf 59' lang='lat' dir='ltr'><strong>T262</strong></span> 
     </span>
    </p>
   </div>
  </div>
