3812 6418
424 352 564 408 i263

1691 348 1923 404 MELE'I‘
1930 348 1975 404 ιι
2013 350 2322 410 MONACHI

3547 351 3676 406 ιεάι

423 445 478 498 in
507 458 567 498 se
593 441 873 499 musculos
914 441 1234 509 continens,
1269 439 1413 497 tibia
1455 449 1701 496 ventrem
1743 443 1994 497 denomi-

2114 447 2205 500 τῶν
2241 449 2496 519 μεγάλων
2535 449 2714 520 μυῶν,
2748 448 3262 522 γαστροκνήμιον.
3287 447 3376 503 Τὰ
3406 445 3468 500 δέ
3508 446 3677 513 κυρτὰ

419 549 602 591 nares.
653 533 794 590 Sunt
821 534 932 606 'qui
985 535 1211 605 gibbosa
1251 549 1415 599 ossa,
1461 549 1526 590 ac
1561 535 1744 590 carnis
1776 537 1994 605 penitus

417 625 660 696 expertia
681 639 910 696 quaeque
933 625 1056 682 aliis
1083 626 1446 693 accumbunt,
1481 627 1620 681 talos
1657 635 1994 696 nuncupant,

409 731 527 770 non
561 725 710 770 recte
739 717 958 786 quidem
980 758 996 783 ,
1029 717 1125 772 sed
1174 717 1459 773 falluntur.
1492 717 1660 773 Talus
1699 728 1880 774 autem
1928 720 1998 772 ab

419 807 554 876 ipsis
583 806 806 861 ossibus
851 807 1111 877 utrinque
1159 809 1558 877 complectitur,
1610 818 1664 863 et
1711 810 1823 863 hate
1866 824 1993 864 ossa

417 911 673 956 extrema:
701 902 847 958 tibia:
888 917 1174 973 suraeque,
1211 917 1567 972 processuum
1607 913 1787 974 partes
1833 914 1997 970 sunt,

423 1008 545 1062 qua;
572 993 840 1049 exteriore
884 995 1039 1065 127
1070 1002 1221 1064 parte
1243 994 1468 1066 gibbosa
1490 1037 1505 1061 ,
1531 996 1786 1050 interiore
1847 1010 1998 1060 vero,

421 1086 570 1156 quod
599 1086 666 1141 ad
715 1102 938 1142 sensum
991 1094 1159 1156 patet,
1193 1101 1326 1142 cava
1376 1096 1524 1143 sunt.
1552 1085 1681 1143 Post
1728 1087 1844 1142 haec
1879 1087 2002 1158 qui-

421 1177 542 1232 dem
603 1177 892 1232 caleaneus
938 1192 969 1230 a
1023 1177 1321 1246 posteriore
1383 1185 1534 1247 parte
1589 1176 1870 1240 consistit,
1902 1176 2001 1230 de-

425 1267 552 1322 hinc
603 1275 750 1322 totns
810 1282 906 1339 pes
954 1267 1167 1323 visitur.
1198 1266 1374 1322 Locus
1431 1277 1610 1322 autem
1665 1269 1762 1337 qui
1811 1268 1876 1321 ad
1920 1266 2004 1320 di-

425 1361 566 1428 gitos
622 1359 834 1422 tendit,
873 1359 1094 1413 dorsum
1154 1357 1305 1428 pedis
1364 1366 1490 1423 est,
1545 1358 1690 1428 quod
1751 1358 1825 1412 illi
1896 1367 2006 1412 tar-

428 1466 574 1518 sum,
600 1451 849 1506 nonnulli
877 1465 1004 1506 vero
1042 1451 1208 1506 κτένα
1235 1452 1456 1517 dicunt;
1483 1451 1630 1522 quod
1661 1460 1844 1507 autem
1894 1451 2000 1506 sub

427 1543 564 1614 pede
607 1552 724 1608 est,
761 1543 941 1598 solum
981 1544 1204 1607 dicitur,
1239 1543 1386 1614 quod
1421 1543 1495 1598 illi
1525 1543 1708 1597 πεδίον
1739 1551 1796 1598 et
1819 1543 2006 1614 πέλμα

429 1641 769 1702 nuncupant.
798 1631 1087 1697 Pmterea,
1115 1633 1268 1704 digiti
1299 1648 1491 1690 omnes
1519 1642 1706 1690 ternos
1735 1650 1765 1689 a
1807 1645 2005 1690 natura

428 1724 735 1789 ossiculos,
767 1725 960 1794 pollice
991 1734 1248 1794 excepto,
1285 1727 1381 1797 qui
1427 1726 1567 1782 duos
1617 1728 1995 1782 tantummodo

429 1815 627 1882 habet,
672 1817 876 1882 sortiti,
921 1817 1061 1872 trina
1113 1817 1495 1873 articulatione
1534 1817 1868 1874 vinciuntur.
1915 1819 1998 1875 Ad
2033 1797 2071 1852 Β

429 1907 577 1971 haec,
631 1922 739 1978 qua
783 1907 1010 1963 femoris
1051 1916 1104 1963 et
1145 1907 1291 1963 tibiae
1324 1923 1448 1964 ossa
1483 1909 1712 1965 invicem
1763 1919 1995 1976 coeunt,

429 1998 658 2070 patella,
691 2014 854 2070 quam
892 1999 1066 2055 Graeci
1128 2000 1474 2069 ἐπιγονατίς,
1519 2001 1654 2055 laxze
1701 2001 1996 2058 admodum

428 2101 718 2170 mollisque
764 2111 1001 2169 natura},
1036 2117 1100 2157 ac
1134 2102 1369 2157 rotunda
1403 2117 1636 2172 superne
1673 2103 1948 2159 accumbit
1983 2123 1999 2160 :

428 2200 764 2262 quapropter
797 2192 968 2256 illam,
1003 2207 1035 2247 a
1060 2193 1216 2248 molae
1241 2193 1444 2263 ligura,
1476 2193 1677 2248 molam
1727 2194 2004 2251 nonnullis

428 2291 690 2362 appellari
725 2292 950 2361 placuit,
981 2292 1126 2362 quod
1160 2293 1310 2348 intus
1348 2295 1743 2349 concavilatem
1778 2294 1996 2358 habeat.

428 2398 461 2436 a
488 2383 847 2438 similitudine
873 2383 1174 2452 superioris
1205 2386 1393 2450 molae,
1425 2401 1548 2455 quae
1595 2383 1842 2440 inferiori
1874 2401 1997 2441 mo-

2095 2295 2324 2364 γόνατος
2376 2290 2591 2345 κεῖσθαι
2636 2291 2703 2323 ⁵⁸·
2733 2288 2768 2359 ἢ
2821 2283 2933 2342 οἷον
2983 2286 3263 2356 ἐπιγουνὶς
3315 2285 3391 2349 θ’,

2098 543 2193 597 καὶ
2233 541 2514 606 παντελῶς
2549 542 2802 613 ἄσαρκα,
2832 543 2930 595 καὶ
2953 541 3064 594 τῶν
3101 542 3278 596 ἄλλων
3307 539 3614 609 ἐκκείμενα
3639 538 3677 568 "

2097 634 2251 698 ὀστᾶ,
2289 631 2713 702 ἀστραγάλους
2739 630 2993 685 καλοῦσιν
3023 633 3072 684 oi
3103 631 3308 694 πολλοὶ,
3348 628 3445 682 τοῦ
3485 628 3681 687 παντὸς

2100 725 2542 795 ἁμαρτάνοντεςο
2599 726 2628 777 ό
2681 723 2791 791 γὰρ
2850 722 3236 793 ἀστράγαλος,
3305 722 3413 773 ὑπὸ
3477 717 3683 771 τούτων

2099 818 2442 889 ἑκατέρωθεν
2488 815 2979 888 περιλαμϐάνεται.
3016 816 3236 886 Πέρατα
3264 815 3325 868 δέ
3357 817 3480 866 ἐστι
3513 811 3683 864 ταῦτα

2099 908 2208 961 τῶν
2231 908 2331 977 τῆς
2359 907 2574 977 κνήμης
2593 923 2652 958 τε
2674 907 2718 938 ⁶⁰
2737 905 2832 958 καλ⁸
2855 904 3092 976 περόνης
3117 903 3483 972 ἀποφύσεωνο
3513 903 3684 970 κυρτὰ

2105 1001 2203 1070 μέν
2227 999 2447 1066 ἔξωθεν,
2477 998 2668 1068 ὥσπερ
2695 997 2791 1051 καὶ
2816 997 3086 1066 φαίνεται,
3113 996 3269 1049 κοῖλα
3289 996 3351 1049 δέ
3376 993 3597 1048 ἔνδοθεν
3617 995 3678 1045 ⁸⁸.

2101 1093 2240 1148 Μεθ’
2267 1094 2302 1146 ἃ
2334 1094 2428 1146 καὶ
2454 1093 2489 1157 ἡ
2529 1091 2754 1160 πτέρνα
2779 1089 3002 1144 ὄπισθεν
3022 1106 3037 1121 ο
3067 1085 3186 1144 εἶτα
3215 1089 3336 1150 ὅλος
3363 1090 3392 1140 ό
3425 1087 3588 1149 πῶς-
3628 1087 3681 1137 Ὁ

2101 1185 2159 1238 δέ
2186 1184 2320 1254 πρὸς
2352 1183 2475 1246 τοὺς
2502 1183 2802 1246 δακτύλους
2829 1183 2994 1244 τόπος
3029 1181 3251 1250 ταρσὸς
3269 1179 3527 1246 λέγεται*
3550 1178 3682 1238 τινὲς

2101 1276 2157 1330 δὲ
2189 1275 2369 1330 κτένα
2394 1273 2553 1328 τοῦτο
2585 1274 2861 1337 καλοῦσιν,
2895 1275 2928 1344 ἢ
2964 1274 3207 1327 πεδίον·
3239 1272 3301 1324 τὸ
3329 1271 3390 1323 δὲ
3423 1270 3682 1322 (inunita

2101 1368 2196 1422 τοῦ
2223 1368 2404 1431 ποδὸς,
2445 1368 2643 1435 πέλμα
2681 1366 3198 1438 προσαγορεύουσιν
3233 1361 3359 1416 εἶτα.
3388 1363 3440 1414 οἱ
3468 1360 3683 1414 δάκτυ-

2102 1463 2199 1514 λοι
2266 1461 2329 1512 ἐκ
2392 1458 2559 1526 τριῶν
2615 1458 2885 1510 κονδύλων
2932 1456 3321 1524 συγκείμενοι,
3392 1452 3544 1523 πλὴν
3597 1451 3683 1503 τοῦ

2108 1551 2369 1623 μεγάλου·
2424 1553 2601 1604 ἐκεῖνο
2645 1550 2755 1620 γὰρ
2804 1551 2868 1602 ἐκ
2901 1549 3044 1602 δυοῖν
3063 1549 3107 1580 ⁸⁸
3145 1547 3440 1616 σύγκειται
3494 1546 3682 1597 ὀστῶν.

2105 1643 2197 1715 Τῷ
2229 1643 2286 1696 δέ
2318 1641 2412 1696 τοῦ
2445 1643 2622 1714 μηροῦ
2656 1643 2796 1711 όστῷ
2826 1643 2920 1695 καὶ
2947 1645 3045 1712 τῆς
3069 1640 3305 1710 περόνης
3331 1640 3380 1670 ⁸³
3411 1638 3689 1691 ἐπέκειται

2108 1737 2141 1807 ἠ
2166 1735 2531 1804 ἐπιτονατίς,
2555 1734 2748 1805 χαῦνον
2769 1730 2904 1787 οὖσα
2924 1732 3112 1786 ὀστοῦν
3133 1732 3178 1764 ⁸³
3203 1732 3297 1784 καὶ
3322 1728 3685 1800 στρογγύλον

2103 1827 2170 1880 δι’
2203 1827 2233 1879 ὅ
2259 1842 2405 1888 τινες
2433 1826 2640 1894 μύλην
2663 1826 2833 1896 αὐτὴν
2865 1823 3142 1878 καλοῦσιν’
3177 1822 3286 1876 ἀπὸ
3315 1822 3422 1890 τῆς
3458 1821 3605 1890 πρὸς
3629 1823 3690 1872 τὰ

2105 1918 2308 1984 ἔξωθεν
2339 1918 2589 1990 μηχανῆς
2616 1919 2712 1970 καὶ
2737 1917 3038 1988 ἐμφερείας
3070 1915 3162 1970 τοῦ
3203 1915 3378 1986 μύλου
3402 1915 3476 1978 ⁸³,
3501 1913 3596 1966 διὰ
3635 1913 3691 1964 τὸ

2105 2013 2313 2070 ἄνωθεν
2343 2007 2484 2066 εἶναι
2513 2010 2608 2064 τοῦ
2631 2010 2836 2081 ἄρθρου
2862 2009 2921 2062 τὸ
2949 2009 3146 2071 κοῖλον,
3166 2007 3241 2070 ὡς
3264 2006 3360 2060 καὶ
3384 2006 3494 2075 τῆς
3524 2005 3692 2074 μύλης

2107 2108 2169 2161 τὸ
2213 2105 2470 2177 ὕπερθενσ
2506 2107 2564 2157 ἐν
2594 2096 2639 2170 ᾧ
2671 2103 2808 2174 πρὸς
2838 2102 2898 2154 τὸ
2933 2099 3232 2170 ἀλήθεσθαι
3274 2100 3349 2152 τὰ
3395 2098 3692 2167 σπέρματα

2112 2200 2416 2273 βάλλονται.
2457 2198 2688 2266 Λέγεται
2732 2196 2789 2250 δὲ
2825 2194 3200 2265 ἐπιγονατίς,
3246 2192 3338 2245 διὰ
3364 2191 3430 2244 τὸ
3464 2191 3567 2243 ἐπὶ
3602 2187 3691 2240 τοῦ

3464 2283 3693 2345 ὡςκαὶ

2105 2387 2356 2458 ὀμηρος
2376 2401 2391 2415 ·

429 2473 774 2544 iendigratia
791 2474 1086 2529 accumbit.
1113 2473 1265 2530 Illam
1295 2485 1474 2530 autem
1503 2475 1868 2543 ἀθιγονατίδα,
1893 2475 1996 2532 hac
2051 2477 2119 2534 de
2148 2492 2312 2534 causa
2352 2475 2638 2533 nominant
2659 2513 2674 2540 ,
2733 2471 2880 2544 quod
2906 2469 2974 2526 ad
3031 2485 3171 2542 genu
3208 2467 3462 2525 adhibita
3485 2507 3502 2530 ,
3536 2473 3696 2535 supd

430 2567 551 2639 ipso
587 2567 894 2623 consistens
925 2567 1249 2624 ostenditur.
1285 2566 1356 2623 Ut
1383 2567 1521 2639 apud
1551 2567 1846 2623 Homerum
1882 2586 1901 2623 :

599 2680 840 2734 Ostendit
870 2679 1047 2735 lacera
1075 2681 1253 2735 senior
1279 2679 1396 2750 jam
1423 2690 1563 2735 veste
1586 2679 1861 2749 patellam.

499 2790 654 2848 Genu
699 2807 829 2848 vero
854 2833 868 2859 ,
912 2791 1082 2850 Graeci
1137 2792 1288 2862 γόνυ,
1336 2792 1445 2847 ἀπὺ
1503 2792 1598 2848 τοῦ
1653 2795 1861 2859 κονεῖν,
1914 2793 2010 2848 κοιλ⁸

432 2884 698 2954 ἐνεργεῖν,
745 2883 890 2952 quod
935 2883 1144 2953 operari
1205 2892 1257 2939 et
1301 2899 1452 2953 agere
1487 2883 1730 2950 diceres,
1769 2884 2008 2941 nominis

434 2973 939 3042 interpretationem
991 2974 1250 3030 desumit.
1283 2973 1412 3030 Sive
1460 2975 1606 3045 quod
1657 2975 1710 3029 in
1741 2975 2008 3030 flectendo

431 3063 573 3136 pede
605 3078 703 3118 ceu
740 3064 1000 3134 angulum
1030 3065 1320 3135 quemdam
1351 3081 1513 3135 quem
1547 3065 1624 3120 illi
1670 3067 1874 3136 γωνίαν
1905 3081 2007 3122 no-

2109 2675 2258 2744 οῖην
2286 2673 2355 2728 ἐκ
2391 2671 2631 2742 ῥακέων
2675 2671 2709 2724 ὁ
2739 2667 2926 2740 γέρων
2963 2663 3311 2736 ἐπιγουνίδα
3353 2665 3570 2733 φαίνει
3599 2664 3691 2734 (η).

2177 2790 2252 2843 Τὸ
2290 2787 2347 2843 δὲ
2378 2789 2525 2858 γόνυ
2555 2787 2621 2839 ἐκ
2649 2783 2744 2838 τοῦ
2777 2784 2958 2837 κονεϊν
2995 2780 3092 2835 καὶ
3126 2782 3378 2851 ἐνεργεῖν
3425 2779 3692 2851 ἐτυμολο-

2106 2883 2251 2955 γήθη
2272 2899 2286 2912 ·
2324 2880 2384 2946 ἐξ
2421 2874 2482 2934 οῦ
2531 2879 2627 2932 καὶ
2659 2877 2883 2939 κόνατα,
2918 2875 2952 2946 ἢ
2992 2872 3228 2942 γόνατα*
3262 2873 3298 2943 ἢ
3327 2874 3419 2926 ὅτι
3453 2874 3524 2926 τὸ
3573 2873 3692 2926 σκέ-

2105 2975 2196 3041 λος
2244 2974 2291 3007 “
2352 2972 2744 3044 καμπτόμενον
2784 2971 2828 3002 "
2879 2967 3069 3038 ὥσπερ
3128 2964 3339 3033 γωνίαν
3407 2965 3688 3018 ἀποτελεῖ.

2113 3069 2310 3139 Ἰγνὺς
2343 3066 2403 3120 δὲ
2431 3066 2492 3120 τὸ
2517 3064 2780 3119 ὑποκάτω
2799 3061 2895 3117 τὀῦ
2916 3061 3142 3129 γόνατος
3164 3058 3426 3113 καλεῖται
3441 3059 3495 3089 τ’
3516 3075 3536 3088 ·
3562 3058 3691 3111 διότι

432 3154 648 3211 minare
679 3157 875 3222 solent,
906 3156 1120 3215 eﬂiciat.
1147 3155 1334 3212 Portio
1361 3166 1566 3224 autem,
1592 3172 1714 3227 qua:
1740 3158 1844 3213 sub
1865 3174 2003 3228 genu

2114 3159 2287 3216 αἴτιόν
2330 3159 2480 3211 ἐστιν
2528 3157 2659 3227 ἡμῖν
2704 3152 2802 3209 τοῦ
2847 3151 3227 3212 ἐκνεῖσθαι⁷¹,
3272 3150 3449 3221 ἤγουν
3487 3148 3689 3203 ἁπλοῦς

431 3255 541 3313 est,
573 3261 736 3317 quam
769 3263 871 3303 nos
907 3249 1164 3320 peplitem
1185 3290 1200 3315 ,
1233 3248 1308 3302 illi
1351 3249 1551 3318 ίγνύον,
1583 3249 1690 3304 ἀπὸ
1726 3250 1822 3304 τοῦ
1854 3252 2012 3305 invet-

434 3334 556 3390 σθαι
587 3335 758 3407 ἧγουν
790 3336 1092 3393 ἁπλοῦσθαι
1131 3337 1426 3406 dictitant,
1467 3339 1605 3409 quod
1649 3338 1795 3393 nobis
1837 3339 2012 3393 incur-

434 3435 594 3489 vandi
631 3433 1034 3506 explicandiqne
1064 3435 1299 3505 corporis
1334 3450 1500 3488 causa
1535 3443 1612 3488 est
1638 3448 1654 3488 :
1679 3435 1826 3497 sive,
1861 3435 2008 3505 quod

433 3524 564 3580 dum
599 3523 852 3591 ﬂectitur,
884 3540 1129 3595 gressum
1157 3525 1559 3591 concinnamus,
1584 3525 1728 3594 quod
1755 3525 1831 3579 illi
1855 3526 2009 3597 ήκειν

433 3615 623 3671 dicunt
651 3631 666 3671 :
701 3615 815 3671 sive
840 3653 857 3679 ,
905 3615 992 3671 διὰ
1031 3616 1091 3670 τὺ
1129 3617 1254 3682 γόνυ
1291 3615 1556 3687 συνέχεεν,
1583 3618 1612 3670 ὅ
1640 3617 1786 3671 ἐστιν
1806 3617 1885 3680 εἰς
1910 3617 2014 3686 γῆν

437 3706 633 3772 νεύειν,
659 3709 788 3779 quia
825 3724 935 3776 prce
971 3708 1086 3777 ejus
1124 3710 1288 3778 ﬂexu,
1332 3709 1388 3762 in
1435 3719 1627 3763 terram
1671 3709 2009 3775 inclinamur,

437 3807 593 3870 atque
636 3801 1050 3870 pracumbimus.
1095 3800 1235 3858 Cras
1263 3802 1482 3872 quidem
1523 3802 1630 3866 illi,
1667 3802 1874 3868 σκέλος,
1905 3801 2011 3855 ἀπὸ

435 3891 529 3944 τοῦ
563 3890 863 3960 διεσχίσθαι
903 3891 992 3945 διὰ
1032 3891 1124 3945 τὸν
1165 3893 1453 3958 κέλευθον,
1486 3894 1624 3964 quod
1665 3894 1916 3948 videlicet
1957 3895 2015 3947 in

437 3988 626 4043 itinere
655 3989 950 4059 peragenda
983 3989 1234 4054 alterum,
1271 3991 1337 4045 ab
1396 3992 1562 4046 altera
1591 3991 1900 4058 dirimatur,
1937 3992 2022 4047 di-

436 4088 586 4136 (tum
640 4081 848 4136 volunt.
896 4081 1022 4137 Sive
1069 4080 1157 4136 διὰ
1209 4081 1270 4136 τὸ
1318 4082 1653 4156 σκληρότερα
1714 4079 1854 4137 εἶναι
1909 4082 2017 4139 τῶν

439 4170 676 4242 ὕπερθεν
710 4170 938 4243 μορίων,
969 4171 1110 4242 quod
1145 4171 1352 4228 scilicet
1377 4181 1553 4243 partes
1574 4213 1590 4239 ,
1617 4189 1735 4245 quia
1772 4175 2015 4244 superine

437 4272 582 4328 sunt,
622 4263 826 4318 duritia
853 4265 1132 4319 excedunt.
1165 4262 1376 4319 Etenim
1407 4280 1588 4320 rerum
1615 4264 1821 4336 opifex,
1844 4265 2012 4338 pedes

2113 3251 2236 3306 σθαι
2256 3266 2269 3280 ⁸
2295 3249 2330 3321 ἢ
2357 3249 2510 3320 παρὰ
2539 3247 2602 3300 τὸ
2627 3247 2795 3300 εῖκειν
2818 3246 2876 3298 ἐν
2905 3247 3026 3308 ταῖς
3055 3242 3339 3313 κὰμψεσιν
3365 3258 3380 3272 ·
3408 3242 3444 3312 ἢ
3473 3241 3630 3312 παρὰ
3649 3243 3688 3273 τ·

2111 3347 2172 3399 τὸ
2199 3343 2260 3397 τὸ
2281 3343 2410 3413 γόνυ
2444 3340 2712 3411 συνέχειν.
2745 3338 2818 3390 Τὸ
2838 3337 2894 3390 δέ
2923 3334 3150 3402 σκέλος
3181 3334 3339 3404 παρὰ
3370 3334 3474 3405 τὴν
3513 3335 3689 3404 σχέσιν

2114 3437 2318 3508 ἐκλήθη
2338 3452 2354 3467 '
2387 3435 2686 3504 διέσχισται
2725 3431 2835 3502 γὰρ
2874 3431 2970 3483 ἀπ’
3015 3427 3294 3499 ἀλλήλων·
3327 3426 3366 3498 ἢ
3406 3429 3574 3496 παρὰ
3601 3427 3690 3495 τίτί

2115 3527 2369 3583 κέλευθον
2390 3566 2406 3590 ,
2438 3526 2466 3579 ὃ
2515 3527 2664 3578 ἐστιν
2708 3523 2829 3586 ὁδὸς
2861 3523 2906 3554 ⁷³
2928 3561 2944 3586 ,
2979 3519 3047 3573 δι’
3080 3515 3144 3591 ἧς
3183 3519 3230 3550 ⁷⁵
3273 3518 3582 3589 βαδίζομεν
3607 3535 3620 3547 ·
3657 3517 3688 3582 ἦ

2119 3621 2273 3692 παρὰ
2325 3620 2387 3673 τὸ
2437 3617 2767 3688 ἐσκληκέναι
2821 3614 2916 3668 καὶ
2959 3612 3324 3683 σκληρότερον
3386 3607 3537 3662 εἶναι
3591 3608 3692 3660 τῶν

2118 3715 2357 3789 ὕπερθεν
2414 3713 2640 3784 μορίων.
2686 3713 2766 3764 Τὰ
2808 3711 2918 3778 γὰρ
2968 3709 3134 3777 σκέλη
3173 3707 3489 3778 πεποίηκεν
3523 3708 3560 3776 ἠ
3606 3706 3692 3773 δηο

2120 3804 2380 3878 μιουργδς
2410 3803 2606 3871 φύσις,
2650 3801 2738 3855 ἵνα
2778 3799 2840 3852 τὺ
2879 3799 3002 3852 ὅλον
3048 3796 3217 3866 όχῶσι
3262 3796 3454 3864 σῶμα,
3509 3795 3690 3862 ὥσπερ

2115 3898 2260 3960 τινὲς
2291 3896 2471 3959 κίονες
2492 3936 2507 3959 ,
2542 3894 2636 3949 καὶ
2673 3891 3054 3964 μεταφέρουσιν
3082 3893 3146 3943 ἐκ
3175 3888 3342 3942 τόπου
3377 3889 3461 3950 είς
3496 3889 3691 3950 τόπον,

2115 3989 2238 4044 ἀντὶ
2272 3988 2483 4059 βάσεων
2511 3987 2637 4048 τοὺς
2674 3985 2839 4047 πόδας
2880 3984 3156 4053 ποιήσασα
3175 3997 3188 4009 ο
3220 3980 3280 4032 ἐν
3310 3973 3398 4041 οἷς
3424 3981 3453 4030 ὁ
3479 3978 3694 4047 ἄνθρω-

2117 4097 2218 4143 πος
2255 4076 2779 4150 ἐπιστηριζόμενος,
2824 4075 3024 4136 τόπους
3063 4071 3316 4143 ἀμείϐει,
3368 4071 3467 4124 καὶ
3509 4072 3694 4134 πόλεις

2121 4172 2485 4244 μετέρχεται,
2521 4171 2615 4222 καὶ
2655 4168 2792 4240 ἔργα
2818 4166 3091 4232 ἐπιτελεῖ,
3123 4167 3219 4218 καὶ
3248 4163 3400 4235 βάρη
3435 4162 3693 4234 φορτίζε-

2117 4279 2239 4327 ται,
2267 4263 2361 4315 καὶ
2393 4260 2730 4332 μεταφέρει,
2756 4260 2853 4313 καὶ
2885 4256 3228 4328 μετατίθησι.

439 4360 610 4428 ipsos,
639 4365 827 4427 utpote
859 4356 1282 4415 instrumentum
1316 4357 1527 4426 gressui
1556 4357 1888 4429 delegatum,
1926 4357 2095 4412 totius
2152 4353 2402 4424 corporis
2434 4350 2735 4409 sustinendi
2793 4350 2986 4422 gratia,
3041 4364 3139 4405 ceu
3189 4347 3482 4402 columnas
3518 4361 3684 4415 quaso
3745 4422 3748 4423 γ

437 4448 562 4504 dam
597 4446 902 4512 constituit,
929 4446 1008 4501 uti
1041 4445 1126 4501 his
1161 4445 1465 4512 sulfultum,
1492 4446 1611 4503 loca
1668 4456 1917 4511 mutare,
1980 4446 2218 4502 invisere
2253 4444 2440 4511 urbes,
2509 4442 2726 4514 negotia
2756 4441 3007 4512 exsequi,
3063 4439 3299 4510 pondera
3331 4437 3609 4503 attollere,
3629 4451 3688 4490 ac

438 4538 653 4592 diversa
712 4535 778 4591 ad
832 4535 952 4591 loca
1005 4535 1167 4605 128
1227 4533 1370 4590 ferre
1428 4536 1617 4590 eadem
1689 4551 1755 4591 ac
1815 4536 2017 4592 referre
2043 4543 2226 4605 queat.

508 4629 623 4686 Hos
656 4629 822 4702 igitur
846 4629 1012 4700 pedes
1053 4629 1120 4685 ad
1151 4629 1408 4685 interiora
1467 4631 1694 4687 innuere
1736 4631 2003 4688 moderate

2187 4628 2422 4692 Τούτους
2445 4625 2539 4683 οὗν
2570 4629 2697 4692 τοὺς
2735 4629 2936 4694 πόδας,
2971 4627 3054 4680 δεῖ
3086 4627 3178 4680 ἐπὶ⁸
3217 4626 3290 4680 τὰ
3322 4625 3475 4678 ἔνδον
3507 4624 3684 4695 ἠρέμα

438 4726 616 4789 decet,
638 4740 748 4795 quo
780 4732 970 4778 mutuo
997 4722 1226 4777 invicem
1255 4721 1431 4777 oﬂicio
1466 4731 1699 4787 utentes,
1731 4731 1874 4778 recte
1895 4738 2013 4778 mo-

442 4819 646 4872 tionem
677 4816 849 4884 ipsam
879 4813 1177 4882 pcrliciant.
1207 4812 1262 4867 Si
1295 4822 1476 4869 autem
1509 4813 1739 4869 alterum
1787 4829 1852 4870 ex
1882 4815 2017 4884 ipsis

443 4922 473 4961 a
522 4905 756 4959 naturali
808 4904 916 4960 situ
961 4903 1288 4971 distorqueri
1327 4905 1646 4975 contigerit,
1682 4915 1865 4962 motus
1898 4907 2016 4976 ipse

443 4995 762 5066 impeditur,
795 5004 959 5065 atque
988 4995 1132 5049 actio
1167 4993 1255 5048 illa
1293 5009 1415 5065 quae
1448 4999 1900 5066 praestantissima
1933 5008 2018 5055 est

444 5088 768 5145 destruitur.
804 5085 920 5142 Hac
951 5087 1135 5156 itaque
1165 5087 1232 5143 de
1266 5103 1456 5154 causa,
1484 5097 1542 5144 et
1566 5091 1717 5145 nervi
1745 5091 1839 5160 qui
1868 5091 2015 5146 tendi

443 5180 720 5244 dicuntur,
753 5180 848 5250 qui
877 5179 942 5236 ad
977 5179 1233 5251 poplitem
1257 5181 1587 5248 consistunt,
1610 5189 1664 5236 et
1689 5183 1920 5238 musculi
1945 5198 2010 5238 ac

442 5271 759 5343 ligamenta,
793 5284 895 5326 nec
927 5286 1034 5325 non
1077 5280 1133 5327 et
1175 5273 1268 5327 alii
1308 5273 1480 5337 nervi,
1518 5272 1682 5342 pedes
1717 5273 1864 5344 ipsos
1897 5274 2009 5328 cir—

512 5385 559 5453 P'
580 5382 875 5453 ἐγκείμενα
901 5383 943 5438 Β
972 5383 1013 5439 C
1042 5384 1102 5438 P.
1178 5385 1227 5418 ”
1251 5403 1311 5439 τε
1336 5400 1446 5440 om.
1478 5385 1540 5440 Β.
1624 5386 1667 5419 ⁸⁸
1695 5385 1766 5439 τὰ
1787 5385 1895 5439 ενδ.
1920 5386 1983 5438 Β·

446 5451 622 5520 μύλης
653 5452 712 5506 Β.
741 5451 749 5453 “
805 5453 851 5485 ⁸⁵
885 5455 1068 5508 ἐπάνω
1095 5454 1150 5508 Β.

448 5660 555 5716 καῖ’
573 5660 736 5732 νεῦρα
766 5679 945 5732 περικ.
977 5663 1037 5717 Β.

517 5770 595 5844 (n)
629 5774 729 5832 Od.
761 5777 818 5848 Σ,
852 5779 938 5836 75.

2075 5385 2121 5419 ⁶¹
2153 5385 2246 5439 δύο
2277 5385 2335 5442 Β.
2413 5387 2458 5420 ⁸³
2480 5387 2558 5456 τῷ
2595 5405 2646 5440 τ.
2676 5386 2896 5456 περνΒ.

1253 5456 1297 5489 ⁸⁷
1330 5457 1444 5511 haec
1473 5470 1594 5509 cum
1637 5455 1732 5512 cit.
1767 5472 1876 5510 om.
1903 5455 1943 5509 Β
1976 5455 2038 5511 C.

443 5522 808 5593 καμπτόμενα
835 5521 878 5575 Α
905 5523 975 5593 Β.
1055 5525 1098 5556 ⁷ο
1126 5525 1247 5580 καλ.
1283 5524 1375 5579 τοῦ
1401 5541 1517 5593 γον.
1547 5525 1606 5579 Β.
1679 5527 1724 5557 ⁷⁸
1757 5525 2005 5579 ίκνύσθαι
2039 5526 2100 5590 Β,
2129 5521 2394 5579 κινεῖσθαι
2427 5527 2486 5582 C.
2562 5529 2608 5559 "
2640 5527 2726 5582 διὰ
2760 5527 2820 5582 Β.

445 5592 619 5670 ὄνομα
635 5591 754 5670 ’τοῦ
804 5592 1027 5670 σκέλουέ
1069 5595 1313 5663 ἐγένετο·
1339 5591 1545 5668 τὰήγὰρ
1588 5593 1754 5666 σκέλη
1787 5613 1918 5650 πεπ.
1950 5598 2007 5650 Β.
2089 5598 2131 5628 ⁷⁸
2167 5595 2416 5668 ἀλλήλοις
2465 5596 2982 5670 συνεπικουροῦντες
3012 5591 3069 5650 Β.

2111 4720 2323 4776 νεύεινο
2383 4721 2533 4785 ὅπως
2579 4721 2895 4791 ἀλλήλοισιν
2957 4717 3380 4790 ἐπικουροῦντες
3422 4719 3506 4780 ⁷⁸,
3563 4717 3684 4785 μίαν

2113 4815 2352 4868 ποιοῖντο
2383 4813 2684 4884 ἐνέργειαν,
2730 4813 2918 4884 κοινήν
2940 4828 3002 4864 τε
3030 4811 3124 4864 καὶ
3159 4809 3456 4880 ἄμεμπτον
3475 4824 3490 4838 ·
3545 4810 3595 4861 εί
3632 4807 3681 4856 δέ

2110 4907 2175 4974 γέ
2212 4922 2344 4959 ποτε
2388 4905 2542 4976 παρὰ
2575 4907 2674 4976 τὴν
2709 4905 2860 4960 θέσιν
2901 4905 3128 4974 γένηται
3169 4903 3378 4956 τούτων
3419 4902 3680 4971 esum,

2112 4996 2320 5067 ἄπορος
2369 4998 2403 5068 ἡ
2450 4997 2544 5050 τοῦ
2577 4996 2719 5061 ζὼου
2767 4997 2983 5066 κίνησις
3020 4995 3263 5065 γίνεται,
3319 4995 3419 5048 καὶ
3473 4996 3678 5064 οἴχεται

2110 5089 2302 5144 τούτου
2336 5091 2370 5160 ἡ
2400 5089 2669 5162 κρείττων
2695 5089 2970 5160 ἐνέργεια.
3005 5089 3106 5142 Διά
3134 5106 3218 5142 τοι
3242 5087 3406 5141 τοῦτο
3438 5087 3682 5147 τένοντες

2113 5181 2261 5235 κατὰ
2303 5181 2404 5252 τὴν
2449 5182 2675 5252 ἰγνύην,
2732 5181 2828 5235 καὶ
2877 5180 3050 5250 μῦες,
3076 5180 3172 5234 καὶ
3214 5179 3553 5248 σύνδεσμοι,
3591 5178 3678 5230 καὶ

2114 5273 2279 5345 νεῦρα
2314 5273 2739 5346 περικυκλοῦσιν
2776 5275 2820 5307 ⁷⁸
2863 5273 3062 5330 αὐτούς
3083 5287 3096 5300 ·
3120 5271 3219 5342 τὴν
3251 5270 3473 5341 κίνησιν
3500 5269 3676 5324 αὐτῶν

2994 5387 3039 5456 ἕδ
3067 5403 3117 5456 χ.
3141 5385 3255 5437 ὁστ.
3284 5383 3343 5436 ὃν
3506 5382 3555 5414 ⁸⁸
3581 5382 3678 5449 τῆς

2142 5457 2189 5489 ⁸⁸
2221 5456 2253 5523 ἢ
2284 5457 2367 5508 ὅτι
2391 5458 2512 5510 κατ’
2532 5453 2671 5510 ἀὐτὸ
2709 5453 2770 5510 ab
2799 5457 2947 5511 σκελ.
2993 5453 3096 5509 Βᾟ
3122 5457 3165 5487 ⁸⁸
3192 5453 3675 5524 καμπτόμενφλιῖ,

2905 5529 2950 5559 τι
2989 5528 3022 5593 ὴ
3051 5525 3167 5589 ὁδὸς
3201 5518 3282 5577 u.‘
3335 5524 3382 5554 τι
3411 5518 3504 5589 ἀφ’
3534 5518 3602 5592 ῆς
3628 5523 3676 5572 τι

3175 5596 3221 5627 "
3252 5593 3396 5650 συνδ.
3434 5593 3680 5662 ἐγένοντο
