3812 6404
134 366 290 425 ηὓὸ

1389 351 1478 408 DE
1515 346 1802 405 N.\TURA
1838 339 2142 402 HOMINIS.

3291 325 3428 384 £266

135 477 642 551 ἐξασφαλιζόμινοι
674 476 770 530 καὶ
801 471 1327 546 πιριφυλάττοντις.
1377 468 1452 523 ού
1484 467 1596 538 γὰρ
1642 464 1738 536 p.6-
1767 485 1779 517 ι

1864 458 2013 514 :ulari
2062 456 2257 514 ordine
2298 453 2590 518 ambiunt,
2645 425 2768 522 qua
2812 447 3076 504 universa.
3123 443 3425 502 roborandi

137 593 243 629 νον
291 572 424 645 περὶ
471 570 541 625 τὰ
596 566 778 641 ἄρθρα
831 565 1002 634 αὐτῆς
1035 566 1070 635 ἡ
1123 562 1432 632 ἀσφάλεια,
1477 557 1614 612 ἀλλά
1645 555 1742 608 καὶ

138 665 493 736 πανταχόθεν
517 680 538 694 δ
571 662 642 716 τὰ
679 661 788 732 γὰρ
819 659 926 713 τῶν
963 657 1130 728 ῶμων
1157 655 1254 709 καὶ
1284 650 1580 725 μασχαλῶν
1599 691 1612 712 ,
1647 647 1743 702 καὶ

140 758 263 812 τῶν
291 755 492 824 ἱγνύων
521 751 617 806 καὶ
654 750 905 822 σφυρῶν,
935 747 1029 801 καὶ
1054 746 1238 800 πάντα
1263 744 1333 798 τὰ
1359 745 1424 796 ἐκ
1466 739 1620 812 μυῶν
1649 737 1746 791 καὶ

148 846 297 917 μετὰ
356 844 509 916 μυῶν
576 840 878 910 κινούμενα
933 837 1142 908 νεῦρα,
1208 833 1486 897 τένοντες
1547 828 1746 898 ὀνομά-

147 939 376 1002 ζονται·
415 933 577 1004 παρά
613 933 674 987 τὸ
711 933 914 986 τείνειν
950 930 1022 983 τὰ
1057 933 1224 1000 μόρια
1259 925 1396 996 πρὸς
1420 923 1744 1004 ,ἐνέργειανο

148 1031 242 1083 ὅτι
271 1028 365 1081 καὶ
390 1002 544 1098 τρεΐς
575 1026 684 1079 εἰσι
717 1022 828 1076 τῶν
850 1019 1064 1092 νεύρων
1087 1015 1379 1088 διαφοραί⁸
1412 1002 1482 1068 τὰ
1515 1013 1616 1084 μὲν
1640 1011 1748 1081 γὰρ

152 1123 220 1190 ἐξ
246 1121 556 1191 ἐγκεφάλου
587 1119 684 1173 καὶ
715 1118 946 1170 νωτιαῖα
972 1110 1260 1181 πεφυκότα
1283 1149 1299 1176 ,
1331 1107 1517 1176 νεῦρα
1545 1105 1751 1177 κυρίως

157 1211 671 1285 προσαγορεύοντες
705 1209 786 1243 ’τ’
823 1207 893 1261 τά
925 1206 982 1260 δέ
1015 1207 1079 1259 ἐκ
1122 1201 1273 1275 μυῶν
1324 1199 1634 1265 τένοντες·
1683 1197 1754 1251 τὰ

155 1307 223 1362 δέ
255 1306 314 1373 ἐξ
361 1304 570 1366 ὀστῶν,
603 1301 960 1369 σύνδεσμοι.
1025 1297 1086 1350 '0
1137 1295 1194 1349 δὲ
1257 1292 1354 1348 τοῦ
1406 1290 1751 1362 ἀστραγάλου

159 1399 333 1461 τόπος
364 1396 460 1450 καὶ
495 1392 698 1463 σφυρὰ
730 1390 975 1458 λέγεται,
1011 1386 1165 1458 παρά
1193 1386 1254 1439 τὸ
1297 1383 1655 1453 συνεσφῐχθαι
1687 1381 1758 1434 τὰ

162 1488 350 1560 ἄρθρα
403 1492 470 1559 τῇ
524 1485 778 1539 συνθέσει
815 1499 830 1514 ο
862 1481 960 1534 καὶ
1014 1473 1127 1534 οἷον
1186 1479 1391 1547 σφαῖρα
1419 1477 1532 1538 τοῖς
1577 1475 1758 1536 ὀστοῖς

167 1581 270 1636 καὶ
301 1583 417 1644 τοῖς
461 1578 679 1649 νεύροις
728 1573 1010 1645 πεπῆχθαι
1050 1569 1471 1640 ἀστράγαλος·
1516 1565 1670 1637 παρά
1698 1566 1760 1620 τὸ

165 1671 427 1743 ἀστραϐῆ
458 1672 554 1724 καὶ
594 1669 765 1739 ὀρθὴν
805 1665 1097 1737 φυλάττειν
1129 1662 1227 1733 τὴν
1259 1661 1417 1733 βάσιν
1446 1658 1542 1712 τοῦ
1574 1658 1757 1721 ποδός.

168 1762 468 1840 Κυκλοῖξδὲ
501 1762 591 1816 τὸν
627 1759 974 1831 ἀστράγαλον
996 1756 1060 1810 τὸ
1092 1753 1443 1820 κυκλοειδές
1467 1751 1760 1821 λεγόμενον

167 1856 368 1911 ὀστοῦν
393 1873 407 1887 ·
450 1857 508 1908 ἐν
556 1846 602 1922 ᾧ
647 1852 710 1905 τὸ
747 1851 1044 1920 λεγόμενον
1079 1846 1309 1907 κότᾷον
1342 1844 1386 1878 ⁷⁸
1435 1845 1524 1898 διὰ
1569 1842 1756 1896 συνδέ-

172 1964 333 2018 σμων
366 1949 433 2018 τῇ
485 1945 692 2017 περόνη
730 1938 1157 2014 προσαρμοσθέν
1185 1938 1335 2002 ἀνω,
1369 1935 1434 1990 τὸ
1477 1933 1758 2002 κυφοειδές

171 2037 426 2094 κάτωθεν
477 2035 842 2104 ὑποκείμενον
865 2035 908 2065 ⁷⁸
943 2032 1092 2102 ἔχει,
1146 2030 1244 2084 καὶ
1291 2027 1599 2082 συνδέδεται
1641 2026 1758 2096 μετ’

171 2129 346 2184 αὑτοῦ
380 2129 514 2196 πρὸς
543 2128 570 2181 ὅ
599 2129 632 2198 ἡ
667 2127 823 2197 βάσις
848 2124 957 2178 τῶν
982 2122 1205 2193 σφυρῶν
1238 2121 1330 2175 καὶ
1359 2119 1461 2188 τῆς
1497 2118 1758 2190 πτέρνης.

171 2223 327 2295 Δῦτη
387 2221 497 2291 γὰρ
555 2220 848 2273 ὑπόκειται
901 2217 999 2279 τὰς
1052 2213 1354 2284 ὀφρυὼδεις
1413 2210 1608 2282 ἐξοχὰς
1663 2210 1762 2280 τῆς

174 2314 402 2384 κδήμης
426 2329 486 2366 τε
506 2311 602 2363 καὶ
625 2311 883 2380 περόνης,
917 2309 1011 2361 καὶ
1038 2307 1106 2361 τὰ
1137 2307 1410 2378 περιφερῆ
1438 2304 1532 2358 τοῦ
1555 2306 1761 2376 ἀστρα-

175 2405 351 2475 γάλου
399 2402 914 2474 περιλαμϐάνουσα,
957 2399 1050 2454 δύο
1093 2398 1248 2461 τινὰς
1298 2396 1491 2466 ἐξοχὰς
1521 2397 1604 2460 εἰς
1645 2397 1766 2448 ἐπι·

174 2497 450 2570 τηδείους’
470 2495 788 2566 κοιλότητας
822 2492 1116 2564 ἐναρμόζει
1136 2491 1204 2544 ⁸⁰.
1231 2491 1306 2544 Τὸ
1357 2489 1415 2543 δὲ
1449 2489 1767 2561 κατέμπρο-

187 2591 322 2642 σθεν
355 2588 516 2658 μέρος
534 2587 702 2657 αὐτῆς
725 2589 758 2657 ὴ
787 2587 930 2658 ἀρχή
955 2587 1076 2639 ἐστι
1097 2583 1194 2638 τοῦ
1218 2583 1513 2655 λεγομένου
1538 2583 1767 2656 ταρσοῦ.

179 2680 322 2735 Μετ’
352 2678 514 2732 αὑτὸν
546 2677 605 2730 δὲ
635 2677 864 2748 ἄρχεται
891 2677 953 2729 τὸ
984 2676 1200 2740 πεδίον,
1251 2677 1317 2729 ἐκ
1353 2675 1516 2728 πέντε
1547 2675 1770 2744 συγκει-

135 2787 140 2792 ‘
185 2786 356 2841 μενον
386 2769 562 2822 ὀστῶν
583 2787 598 2803 ο
631 2769 724 2838 ἀφ’
772 2763 835 2823 οῦ
864 2770 912 2821 oi
942 2769 1188 2823 κόνδυλοι
1215 2767 1326 2823 τῶν
1356 2767 1636 2824 δακτύλων
1671 2767 1772 2838 τὴν

1848 549 2144 620 tuendique
2191 555 2371 602 motus
2420 544 2665 616 ipsorum
2718 540 2925 614 gratia,
2969 546 3259 610 procreata
3303 551 3427 593 esse

1847 649 2081 696 constat.
2112 636 2230 694 Non
2258 637 2406 692 enim
2438 635 2587 692 tendi
2620 633 2723 703 ipsi
2769 630 3014 687 articulis
3047 629 3429 686 tantummodo

1850 731 2162 789 securitatis
2212 745 2413 794 causa,
2459 727 2561 781 sed
2597 725 2853 781 omnibus
2899 723 3147 794 corporis
3177 720 3428 792 partibus

1851 822 2082 879 adhibiti
2115 832 2244 877 sunt
2275 841 2287 875 :
2321 820 2590 890 siquidem
2627 832 2858 884 nervos,
2907 815 3002 886 qui
3053 815 3106 868 in
3143 812 3426 877 humeris,

1853 915 1976 978 alis,
2003 914 2320 986 poplitibus,
2351 909 2622 966 malleolis
2647 917 2700 963 et
2725 907 2937 964 cunctis
2962 905 3229 976 partibus,
3253 917 3374 974 qua:
3397 917 3438 962 ι

1853 1008 2142 1070 musculis,
2174 1021 2240 1060 ac
2269 1018 2377 1058 una
2403 1017 2528 1057 cum
2561 999 2827 1056 musculis
2866 1007 3173 1061 moventur,
3210 995 3444 1056 tendos,_

1854 1101 1998 1174 quod
2029 1100 2094 1155 ad
2120 1097 2362 1154 actiones
2390 1092 2720 1165 negotiaque
2750 1089 3258 1162 peragendapartes
3285 1085 3447 1155 ipsas.

1855 1193 2196 1254 distendant,
2233 1187 2492 1258 appellari
2536 1193 2684 1240 recte
2722 1183 2897 1238 decet.
2935 1179 3241 1234 Nervorum
3284 1175 3441 1231 enim.

1857 1284 2053 1355 triplex
2079 1279 2384 1336 differentia
2415 1283 2500 1332 est
2529 1293 2542 1328 :
2578 1288 2702 1328 nam
2734 1272 2828 1342 qui
2860 1286 2890 1325 a
2923 1269 3160 1326 cerebro
3177 1281 3243 1322 ac
3284 1263 3442 1321 dorsi:

1858 1351 2095 1430 medulla
2125 1370 2377 1426 oriuntur
2403 1360 2663 1435 peculiari
2692 1359 2912 1414 nomine
2955 1355 3108 1410 nervi
3153 1351 3442 1424 appellan~

1858 1476 1951 1523 tur
1984 1484 1998 1521 :
2029 1473 2085 1519 at
2125 1462 2215 1532 qui
2250 1476 2281 1515 a
2318 1456 2585 1514 musculis
2629 1453 2817 1517 tendi;
2851 1451 2947 1507 sed
2976 1449 3072 1520 qui
3104 1448 3173 1502 ab
3217 1445 3434 1502 ossibus

1861 1560 2184 1631 procedunt,
2215 1554 2526 1624 ligamenta.
2545 1547 2614 1602 At
2638 1545 2766 1602 talis
2782 1544 2938 1599 locus
2961 1549 3016 1596 et
3039 1538 3323 1595 malleolus
3349 1535 3436 1590 di-

1863 1629 2024 1714 citur,
2057 1645 2202 1718 quod
2227 1644 2302 1698 illi
2337 1639 2570 1714 σφυράν,
2602 1638 2696 1693 καὶ
2720 1633 2832 1690 οἷον
2865 1636 3100 1705 σφαῖραν
3137 1629 3436 1701 appellant,

1863 1742 2130 1813 quasique
2160 1735 2405 1792 membra
2435 1730 2835 1801 compositione
2865 1726 3288 1795 constringatac
3314 1736 3439 1776 ner-

1863 1810 1948 1889 vis
1982 1837 2267 1900 compacta
2304 1825 2511 1881 reddat.
2546 1823 2651 1878 Sed
2690 1821 2860 1876 talum
2903 1827 2959 1874 et
2983 1813 3326 1890 ἀστράγαλον
3361 1810 3439 1866 illi

1865 1925 2138 1987 dictitant,
2162 1920 2250 1976 διά
2275 1917 2335 1972 τὸ
2360 1914 2630 1988 ἀστραϐῆ,
2665 1914 2759 1967 καὶ
2783 1910 2950 1985 ὀρθὴν
2975 1909 3262 1981 φυλάττειν
3288 1902 3442 1966 ποδὸς

1870 2015 2046 2086 βάσιν,
2077 2009 2214 2083 quod
2247 2008 2497 2064 videlicet
2521 2006 2668 2075 pedis
2694 2004 2865 2058 nostri
2891 2009 3123 2062 motum,
3155 1996 3441 2051 ne‘distor-

1869 2085 2037 2172 queri,
2062 2098 2151 2153 sed
2182 2104 2318 2150 recte
2361 2093 2636 2164 procedere
2670 2091 2834 2160 possit
2873 2097 3104 2144 tuentur.
3140 2085 3215 2140 Os
3260 2092 3442 2138 autem

1870 2193 2017 2266 quod
2047 2188 2353 2245 orbiculare
2377 2193 2748 2255 nuncupatur,
2778 2182 2947 2237 talum
2972 2179 3317 2236 circulariter
3338 2191 3448 2230 am-

1872 2297 1982 2362 bit;
2016 2295 2069 2349 in
2093 2308 2202 2364 quo
2224 2289 2450 2356 κόκκυξ,
2479 2285 2778 2343 ossiculum
2805 2283 3077 2346 videlicet,
3102 2280 3250 2352 quod
3276 2292 3446 2333 cucu-

1873 2383 1970 2446 lus'
1991 2385 2215 2450 dicitur,
2263 2395 2498 2452 superne
2534 2376 2847 2448 ligamentis
2876 2389 3002 2430 cum
3033 2381 3278 2427 extrema
3307 2380 3450 2424 sura

1873 2489 2028 2554 parte
2063 2477 2440 2541 connectitur;
2473 2481 2529 2527 et
2555 2470 2700 2542 quod
2733 2468 3022 2539 gibbosum
3054 2467 3112 2520 in
3137 2478 3198 2520 se
3224 2470 3328 2526 est,
3366 2459 3452 2514 in-

1875 2551 1958 2630 l‘ra
2006 2569 2347 2642 suppositum
2400 2565 2592 2630 habet,
2623 2569 2679 2618 et
2708 2561 2996 2632 colligatur
3028 2570 3152 2613 cum
3188 2553 3329 2624 ipso,
3361 2551 3457 2609 ubi

1877 2664 2252 2722 malleolorum
2284 2668 2339 2714 et
2367 2655 2608 2713 calcanei
2641 2652 2787 2709 basis
2834 2659 2940 2707 est.
2975 2648 3278 2705 Calcaneus
3301 2657 3458 2707 vero,l
3484 2665 3500 2688 ο

1878 2750 2323 2827 superciliaribus
2350 2745 2756 2820 prominentiis,
2793 2741 2940 2798 tibias
2970 2752 3223 2808 sumque
3252 2749 3450 2805 suppo-

186 2836 462 2936 ἀρμονῐαν
514 2836 911 2932 λαμϐάνοντες,
943 2860 1036 2914 ἐπὶ
1065 2861 1137 2914 τὰ
1175 2861 1305 2924 τοὺς
1339 2860 1540 2932 ὀνυχας
1580 2836 1774 2930 ἔχοντα

1881 2859 2062 2921 nitur,
2131 2852 2290 2923 cujus
2345 2847 2683 2904 orbiculares
2737 2851 2922 2915 partes
2989 2836 3460 2911 comprehendunt

188 2950 590 3021 μετακονδύλια
631 2949 951 3004 τελευτῶσι.
1009 2949 1270 3003 Συνδοῦσι
1323 2948 1382 3002 δέ
1424 2929 1524 3014 τάς
1566 2929 1774 3003 τούτων

1880 2947 2018 3003 duas
2050 2943 2314 3015 quasdam
2344 2939 2440 2996 tali
2465 2932 2887 3010 prominentias,
2920 2947 3060 3006 quas
3113 2932 3172 2986 in
3203 2929 3459 2985 decentes

181 3018 590 3114 διαρθρώσεις,
639 3040 943 3113 ύμενώδεις
999 3040 1144 3104 τινὲς
1198 3040 1528 3112 σύνδεσμοι·
1573 3040 1673 3104 τὰς
1717 3038 1775 3092 δέ

1881 3037 2251 3096 concavitatcs
2281 3029 2676 3088 accommodat.
2695 3023 2909 3084 Etenim
2941 3024 3185 3080 anterior
3217 3018 3461 3078 calcanei

187 3111 459 3189 κατὰ-τὸν
497 3111 847 3205 ἀστράγαλον
881 3133 978 3187 καὶ
1016 3131 1119 3204 τὴν
1159 3111 1442 3205 πτέρναν,
1477 3130 1686 3202 ἰσχυροί
1713 3147 1773 3184 τε

1886 3145 2012 3202 pars
2043 3145 2074 3185 a
2117 3127 2269 3199 pedis
2297 3124 2509 3180 devexo
2546 3119 2877 3192 principium
2915 3118 3114 3182 habet;
3149 3123 3274 3186 post
3317 3111 3464 3166 hanc

189 3226 361 3289 πάνυ,
393 3227 550 3303 xui"
583 3204 928 3298 στρογγύλοι,
960 3226 1056 3279 καὶ
1085 3204 1593 3297 νευροχονδρώδεις.

1882 3232 2062 3280 autem
2095 3221 2318 3293 planum
2350 3218 2524 3289 pedis,
2550 3214 2698 3285 quod
2729 3213 2803 3268 illi
2827 3211 3009 3266 πεδίον
3043 3210 3254 3273 dicunt,
3277 3204 3462 3277 quinis

187 3317 450 3374 ossiculis
488 3302 882 3384 Constitutum,
914 3296 1192 3388 incipit,a
1237 3296 1441 3388 quibus
1506 3318 1800 3388 digitorum
1865 3315 2095 3384 surculi,
2152 3314 2206 3370 in
2257 3325 2468 3381 ungues
2515 3306 2676 3378 129
2718 3304 2974 3362 concordi
3035 3300 3270 3373 quadam
3320 3296 3464 3353 serio

188 3410 513 3467 desinentes
568 3409 834 3481 originem
897 3419 1124 3466 sumunt
1160 3428 1174 3466 :
1209 3419 1266 3464 at
1315 3409 1521 3466 surculi
1562 3411 1669 3482 ipsi
1723 3410 1956 3466 invicem
2005 3404 2373 3478 cartilagineis
2451 3400 2782 3472 quibusdam
2841 3395 3150 3468 ligamentis
3195 3390 3462 3459 copulan-

192 3517 309 3560 tur.
345 3503 664 3576 Ligamenta
721 3519 890 3570 vero,
923 3504 1124 3574 quibus
1165 3504 1312 3560 talus
1357 3504 1782 3575 calcaneumque
1814 3505 2150 3568 vinciuntur,
2205 3497 2371 3555 fortia
2426 3495 2723 3552 admodum
2790 3489 3231 3559 orbiculariaque
3303 3493 3464 3554 sunt,

192 3605 258 3650 et
295 3610 356 3649 ex
399 3595 646 3650 nervosis
690 3595 1100 3666 cartilaginibus
1142 3595 1583 3651 constitutionem
1640 3595 1835 3652 sortita
1867 3603 2018 3652 sunt.

278 3686 440 3741 Ἐστι
482 3687 591 3758 γὰρ
634 3685 867 3740 καθόλου
923 3685 1018 3739 τοῦ
1056 3686 1216 3749 ποδὸς
1268 3687 1329 3740 ού
1368 3686 1528 3758 μόνον
1571 3687 1776 3758 συνάρο

1951 3685 2017 3740 Ει
2069 3699 2178 3754 quo
2242 3682 2494 3738 universa
2538 3678 2606 3734 de
2643 3677 2780 3748 pede
2827 3675 3104 3740 dicantur,
3137 3685 3246 3732 non
3303 3668 3478 3728 modo.

193 3780 406 3851 Θρωσις
455 3780 554 3833 καὶ
586 3778 951 3851 διάρθρωσις,
981 3778 1118 3832 ἀλλὰ
1153 3779 1248 3832 καὶ
1285 3777 1658 3848 συννεύρωσις
1683 3780 1779 3833 καὶ

1881 3779 1934 3833 in
1965 3775 2244 3850 ipsojpede
2283 3771 2495 3828 ossium
2536 3767 2860 3839 compositio
2905 3772 3025 3832 est,
3078 3776 3242 3834 quam
3270 3759 3464 3826 Graeci,

199 3869 607 3940 συγχόνδρωσις
629 3885 645 3902 ο
682 3868 818 3924 πολὺ
847 3868 958 3939 γὰρ
987 3867 1138 3940 αὐτῷ
1165 3868 1410 3939 ἀσφαλὲς
1437 3868 1595 3940 ἐδόθη
1612 3869 1657 3902 ⁸⁸
1690 3869 1779 3924 διὰ

1883 3866 2254 3940 συνάρθρωσιν
2279 3905 2294 3928 ,
2317 3864 2412 3918 καὶ
2472 3861 2822 3934 διάρθρωσιν,
2850 3859 2955 3914 hoc
3009 3863 3114 3920 est,
3145 3851 3470 3908 coartieula-

193 3963 302 4032 τὴν
336 3962 468 4034 ὀχὴν
494 3962 618 4016 ὅλου
645 3962 740 4016 τοῦ
772 3960 1048 4031 σώματος.
1082 3961 1175 4014 καλ⁵
1201 3961 1292 4015 τὸν
1328 3960 1778 4032 ἀναϐασταγμδν,

1883 3962 2075 4016 tionem
2107 3965 2156 4012 et
2186 3954 2683 4010 dearticulationem
2742 3950 2984 4016 dicunt;
3037 3959 3227 4004 verum
3281 3942 3468 3998 etiam.

196 4021 301 4109 κᾶι
461 4048 574 4108 οἷον
607 4021 964 4124 ἐπικειμένην
997 4021 1300 4125 βαρύτητα,
1339 4053 1435 4108 καὶ
1465 4052 1566 4116 τάς
1587 4021 1779 4116 λοιπὰς

1886 4072 2115 4114 nervosa
2159 4055 2619 4126 cartilagineaque
2661 4050 2968 4114 consertio,
3039 4021 3514 4113 coluerentiaque'

197 4146 488 4218 ἐνεργείας
518 4146 719 4209 πάσας.
744 4145 977 4214 Λέγεται
1003 4146 1061 4199 δὲ
1089 4145 1265 4211 ποὺς,
1297 4145 1450 4217 παρά
1470 4145 1533 4199 τδ
1568 4144 1779 4199 πεπαῦ-

1888 4152 2099 4216 visitur,
2119 4162 2281 4221 quam
2316 4148 2392 4203 illi
2410 4146 2794 4218 συννεύρωσιν,
2831 4143 2924 4198 καὶ
2955 4139 3352 4213 συγχόνδρωσιν
3377 4151 3482 4205 ap—.

201 4239 332 4293 σθαι
369 4239 478 4292 ἀπὸ
506 4238 601 4294 τοῦ
635 4238 759 4292 ὅλου
792 4238 1044 4310 σώματος
1073 4237 1119 4272 ⁸³
1142 4238 1175 4309 ἢ
1206 4239 1267 4292 τὸ
1290 4241 1464 4294 παῦον
1492 4237 1589 4292 καὶ
1617 4237 1779 4309 λῆγον

1891 4245 2110 4316 pellant.
2165 4241 2372 4311 Atqui,
2423 4240 2588 4310 pedes
2646 4239 2810 4307 ipsos.
2838 4252 2946 4291 non
3006 4233 3222 4288 modico
3281 4229 3483 4285 robore

199 4330 300 4384 ¹τοῦ
340 4330 616 4402 σώματος.
675 4332 909 4400 Λέγεται
951 4329 1007 4385 δὲ
1053 4331 1150 4385 καὶ
1205 4331 1400 4400 ἴχνος,
1452 4329 1604 4402 παρά
1639 4330 1702 4382 τὸ
1737 4329 1779 4362 ⁸⁸

1892 4332 2242 4390 stabiliendos
2298 4345 2420 4387 esse
2490 4329 2768 4399 oportuit,
2821 4342 2930 4397 quo
2994 4325 3161 4381 totius
3231 4319 3480 4390 corporis

205 4426 382 4496 ἴσχειν
427 4428 521 4480 καὶ
550 4426 797 4497 συνέχειν
831 4427 952 4481 ὅλον
980 4427 1071 4482 τὸν
1113 4427 1254 4479 πόδα
1277 4443 1292 4459 ο
1324 4427 1358 4496 ἢ
1390 4425 1500 4480 ἀπὸ
1529 4425 1626 4478 τοῦ
1667 4422 1779 4478 ἀνέ·

1892 4423 2125 4480 ferenda:
2165 4421 2334 4488 moli,
2360 4428 2414 4476 et
2461 4419 2624 4474 veluti
2675 4417 2958 4474 acclinatis
3004 4415 3106 4470 sibi
3146 4408 3486 4484 ponderibus.

202 4519 400 4593 χεσθαι
436 4521 536 4590 τῆς
577 4521 700 4591 γῆς.
744 4521 801 4573 ’0
831 4520 886 4574 δέ
919 4519 1140 4587 ταρσὸς
1169 4517 1258 4572 διὰ
1289 4519 1350 4571 τὸ
1379 4517 1546 4589 ξηρὸν
1573 4515 1668 4570 τοῦ
1701 4515 1779 4568 τός

1895 4514 2241 4583 οωιετίεῳιε,
2273 4525 2395 4581 quae
2427 4509 2728 4564 necessitas
2759 4507 2950 4576 exigit,
2983 4502 3305 4575 peragendis
3331 4540 3346 4565 ,
3379 4514 3478 4555 va.-

204 4588 312 4669 που
341 4615 436 4668 καὶ
464 4588 706 4684 ἀσαρκον
728 4612 902 4676 οὕτως
930 4611 1134 4682 ἐκλήθη
1161 4629 1174 4643 ·
1211 4611 1307 4664 καὶ
1341 4611 1592 4682 Ὅμηρος
1613 4610 1658 4642 ⁸⁵
1699 4627 1712 4640 ·

1895 4604 2002 4659 lide
2032 4617 2096 4658 ac
2127 4599 2341 4660 fortiter
2365 4597 2704 4655 sullicerent:
2731 4611 2824 4667 pes
2849 4595 3068 4665 quidem
3096 4593 3164 4648 ab
3188 4591 3316 4653 illis,
3343 4588 3488 4649 ποὺς

204 4703 360 4776 παρά
380 4703 442 4758 τὸ
469 4679 780 4758 πεπαῦσθαι
815 4703 923 4757 ἀπὸ
946 4679 1192 4758 τοῦ-ὅλου
1222 4679 1510 4772 σώματοςι-
1527 4700 1779 4772 quasiqm

1864 4701 1904 4750 in
1938 4697 2055 4764 ipso
2095 4708 2123 4745 a
2176 4699 2293 4749 toto
2320 4705 2553 4760 corpore
2603 4698 2873 4745 cessatum
2893 4687 2982 4742 sit.
3000 4683 3096 4739 Vel
3118 4683 3262 4754 quod
3283 4679 3484 4746 παῦον,

205 4772 306 4852 καί
336 4796 502 4868 λῆγον
534 4795 629 4850 τοῦ
661 4795 932 4866 σώματος,
959 4795 1103 4866 quod
1140 4810 1269 4866 pars
1301 4794 1554 4850 videlicet
1612 4793 1718 4858 sit,
1755 4790 1769 4845 i

1864 4802 2030 4860 quam
2099 4799 2300 4852 corpus
2354 4782 2569 4839 desinat
2640 4778 3023 4847 terminetque.
3061 4774 3167 4830 Sed
3216 4783 3268 4828 et
3331 4772 3487 4841 ῐχνοςε

208 4865 582 4961 nuncupatur,
616 4865 770 4959 παρὰ
794 4887 853 4942 τὸ
883 4865 1072 4956 ἴσχειν,
1105 4865 1199 4942 καὶ
1237 4887 1483 4957 συνέχειν
1520 4887 1614 4941 τὸν
1655 4882 1779 4938 πόδα

1864 4897 1960 4944 ιον,
2013 4877 2162 4949 quod
2191 4885 2366 4934 totum
2417 4874 2610 4946 pedem
2665 4872 2978 4937 contineat,
3027 4865 3481 4938 comprehendat.-

207 5003 360 5058 que,
409 4987 526 5043 sive
569 4985 714 5057 quod
759 5001 788 5041 a
833 4994 975 5040 terra
1029 5001 1219 5055 gressu
1253 4984 1305 5038 in
1342 4985 1463 5054 ipso
1495 4981 1779 5037 attollitur.

1864 4976 1963 5032 uod
1995 4975 2070 5029 illi
2102 4972 2390 5044 ἀνέχεσθαι
2420 4970 2530 5026 ἀπὸ
2571 4970 2670 5041 τῆς
2710 4971 2813 5040 γῆς
2865 4967 3073 5022 dicunt.
3147 4963 3490 5021 Piimavcro,

209 5079 368 5152 pedis
401 5094 564 5150 pars,
609 5078 848 5148 ταρσδς,
880 5093 910 5132 a
951 5077 1094 5132 sicca
1130 5075 1251 5146 ejus
1284 5075 1390 5130 loci
1431 5072 1693 5145 qualitate
1731 5079 1784 5128 et
1809 5067 1997 5130 carnis.
2022 5075 2267 5135 experte,
2299 5063 2567 5134 appellata
2598 5069 2700 5127 cst,
2731 5067 2788 5114 ut
2821 5059 3091 5113 Homerus
3133 5073 3146 5108 :

237 5213 367 5268 Νῦν
422 5213 488 5268 δέ
538 5213 600 5285 μ’
644 5212 988 5282 ἐπιγράψας
1056 5211 1283 5281 ταρσὸν
1346 5210 1532 5286 ποδὸς
1587 5211 1657 5264 εὖ
1683 5227 1791 5279 ,εαι

1339 5282 1533 5347 αὔτως
1565 5229 1697 5352 (Oli

1585 5299 1658 5337 0)·

1385 5210 1532 5276 ὀδὸς
1587 5211 1657 5264 εὖ
1683 5227 1791 5279 ,εαι
2011 5201 2113 5258 Sed
2141 5201 2278 5267 mihi,
2303 5199 2657 5272 perstringens
2692 5204 2896 5252 tarsum
2929 5193 2986 5244 in
3022 5189 3150 5260 pede
3183 5188 3354 5260 gloria

1385 5280 1533 5336 ὔτωο
1565 5229 1697 5336 (ο).ἴ
2553 5269 2557 5272 ’
2921 5261 3143 5334 [quanta
3173 5262 3304 5314 lucc.

1339 5299 1533 5347 αυτως

2921 5261 3143 5334 [quanta
3173 5262 3304 5314 lucc.

214 5415 435 5472 Πεδίον
465 5415 523 5469 δέ
561 5413 624 5468 τὸ
672 5413 1016 5486 ἔμπροσθεν,
1057 5411 1146 5468 διά
1194 5409 1255 5465 τδ
1296 5383 1500 5482 ὁμαλόν
1519 5409 1566 5442 ⁸⁸
1592 5427 1604 5440 ο
1638 5408 1700 5462 τδ
1741 5409 1779 5462 δῖ

1904 5408 2245 5464 Anteriorem
2306 5413 2488 5460 autem
2535 5408 2746 5473 partem
2799 5397 2870 5453 ob
2908 5396 3027 5468 ejus
3060 5394 3359 5458 levitatem,
3407 5391 3480 5446 illi

293 5581 338 5613 τ’
361 5579 858 5650 προσαγορεύονται
891 5579 932 5634 Β
979 5580 1041 5637 Ρ.
1118 5579 1165 5612 ⁷⁸
1192 5579 1375 5645 mm
1409 5577 1447 5650 Β
1547 5576 1606 5631 P.
1702 5577 1750 5650 7’
1780 5575 1952 5650 ύποκ.Δ
1970 5590 2093 5628 κατ.
2126 5572 2206 5650 B._
2248 5571 2328 5650 __'°
2359 5567 2690 5650 σρέναρμόζει
2724 5566 2784 5621 Β.
2862 5562 2907 5597 ⁸¹
2933 5561 3190 5650 κὶαὶιπάνυ
3211 5556 3273 5613 Β.
3348 5557 3394 5588 "
3425 5555 3484 5607 τό

217 5655 354 5721 ace.
367 5630 634 5722 ἰᾘριίθῖ
648 5630 732 5705 ti.
751 5630 881 5706 δῖὄλ
891 5630 1041 5707 fxo—6'
1056 5630 1340 5718 σωμῖἰιῖ
1357 5630 1426 5683 ἰι
1454 5630 1512 5705 ιδ
1545 5630 1652 5706 ωε..
1687 5649 1749 5702 Α.

1864 5648 1874 5677 ’
1904 5646 1997 5702 cit.
2028 5659 2136 5701 om.
2171 5643 2209 5697 Β
2242 5642 2298 5700 Ο.
2380 5642 2426 5675 ⁸⁸
2458 5630 2571 5697 hinc
2599 5630 2762 5695 etiam
2791 5651 2900 5693 om.
2937 5633 2976 5688 Β
3035 5630 3097 5686 C.

298 5806 373 5876 (ο)
403 5803 468 5864 ΙΙ.
507 5807 572 5874 Λ,
599 5806 723 5862 588.
