3792 6450
369 295 508 350 1%67

1650 303 1939 361 MELETII
1977 303 2292 363 MONACBI

3538 299 3562 350 Ι
3573 297 3664 350 ἰέεέ

367 407 571 489 πεδίον,
607 423 709 464 nos
739 409 963 478 planum
1006 410 1158 480 pedis
1189 412 1550 482 appellamus.
1581 414 1767 472 Cu-tim
1801 433 1929 472 vero

2056 417 2414 472 ὑποκάτωθεν
2449 417 2545 471 τοῦ
2587 415 2748 480 ποδὸς
2782 414 2964 487 δέρμα
2991 412 3192 483 πέλμα
3227 410 3539 471 καλεῖται,
3587 410 3666 462 διὰ

365 513 492 568 qua:
546 498 649 569 ipsi
707 500 830 570 pedi
877 501 1166 570 subditur,
1223 503 1300 558 illi
1333 503 1518 575 πέλμα
1562 506 1652 560 διὰ
1696 507 1756 561 τὸ
1789 525 1949 580 περι-

363 589 658 658 πιλεϊσθαι,
682 592 848 663 ἤγουν
879 593 1154 664 ὲσφίχθαι,
1190 595 1282 648 τοῦ
1318 596 1439 650 ὅλου
1466 597 1734 670 δέρματος
1763 600 1948 664 πλέον,

362 681 503 752 quod
543 682 798 739 videlicet
840 701 1141 754 compressa
1187 688 1582 758 constrictaque
1625 699 1738 745 tota
1779 693 1948 762 magis

361 787 520 838 quam
568 772 770 842 reliqua
805 774 940 826 cutis
979 775 1068 839 sit,
1104 784 1320 829 voc-.mt.
1368 775 1671 833 Caleaneus
1707 795 1836 834 vero
1879 782 1949 836 ab

364 859 472 916 illis
499 863 704 934 πτέρνα
732 865 1140 929 denominatur,
1158 864 1321 919 διὰτὸ
1347 867 1790 923 ἐπιπεπτωκέναι
1810 869 1950 942 αὑτὴ

361 951 482 1004 ὅλον
515 953 575 1006 τὸ
605 954 786 1024 σῶμα,
814 955 954 1026 quod
987 956 1038 1007 in
1074 955 1242 1024 ipsam
1277 965 1444 1010 totum
1473 973 1661 1027 corpus
1688 959 1952 1014 innitatur

2055 511 2118 564 τὸ
2149 510 2522 580 πεπιλῆσθαι,
2562 510 2734 580 ἧγουν
2764 506 3023 578 ὲσφίχθαι
3067 504 3164 558 τοῦ
3208 503 3342 556 ὅλου
3388 500 3668 567 δέρματες

2056 601 2243 654 πλέον.
2283 599 2348 654 Ἦ
2375 600 2432 654 δὲ
2463 598 2712 668 πτέρνα,
2749 599 2902 671 παρὰ
2930 598 2993 652 τὸ
3020 593 3505 650 ἐπιπεπτωκέναι
3538 592 3664 658 αὖτῇ

2056 692 2178 745 ὅὶον
2210 691 2270 745 τὸ
2303 691 2461 763 σῶμα
2485 711 2500 724 ’
2529 695 2562 762 ἡ
2597 692 2655 746 δὲ
2684 692 2795 745 τῶν
2835 690 3069 760 ἄρθρων
3106 687 3390 757 ὀνομασία
3437 683 3666 754 εὓρηται

2055 784 2119 836 ἐκ
2135 784 2229 837 τοῦ
2256 784 2379 852 ἀρῶ
2405 786 2671 855 ῥήματος,
2704 783 2800 836 τοῦ
2825 781 3192 853 σημαίνοντος
3213 779 3259 810 ⁸⁷
3287 777 3355 829 τὸ
3383 773 3624 842 ἀρρίζω
3657 792 3662 799 ·

2059 873 2091 945 ἢ
2123 874 2212 928 διὰ
2245 874 2306 928 τὸ
2339 875 2610 946 ἁρηρέναι
2645 873 2924 943 ἀλλήλοις,
2959 873 2989 926 ὂ
3018 873 3135 924 ἐστι
3179 866 3664 938 συναρμόζεςθιι,

2059 965 2156 1018 καὶ
2189 967 2551 1037 συνεσφίχθαι
2573 1007 2589 1030 ,
2620 967 2718 1020 καὶ
2747 964 2967 1036 βοηθεῖν
2983 963 3051 1016 ⁸⁸.

362 1055 518 1116 atque
555 1044 784 1099 incidat.
823 1044 1100 1099 Articulos
1131 1055 1312 1101 autem
1357 1048 1426 1102 ab
1465 1047 1600 1118 ipsis
1655 1047 1836 1120 ἄρθρα
1887 1066 1934 1120 ιιι

2037 1053 2149 1109 [lari
2199 1056 2464 1124 diximus,
2497 1060 2562 1112 ἐκ
2619 1057 2712 1112 τοῦ
2760 1056 2898 1128 ἄρω,
2950 1055 3010 1108 τὺ
3033 1051 3475 1126 άρμόζω,ᾳιιοά
3526 1049 3664 1100 vide~

365 1136 493 1194 licet
522 1156 614 1209 per
647 1141 785 1210 ipsos
817 1149 994 1208 partes
1027 1141 1096 1194 ad
1131 1141 1350 1194 invicem
1381 1144 1630 1197 concinne
1682 1148 2147 1204 accommodentur
2191 1163 2347 1224 atque
2373 1164 2578 1208 coeant.
2619 1152 2714 1208 Vel
2753 1154 2903 1223 ipsos
2940 1152 3066 1206 inde
3105 1150 3290 1204 dictos
3336 1145 3572 1208 volunt,
3587 1141 3662 1195 διᾶ

361 1230 423 1285 τὸ
455 1232 720 1303 ἁρηρέναι
746 1233 1013 1304 ἀλλήλοις,
1054 1235 1193 1304 quod
1225 1232 1383 1303 130
1423 1236 1673 1290 concordi
1703 1238 1934 1306 quadam

2037 1243 2156 1305 pulo
2209 1246 2432 1300 invicem
2483 1245 2785 1315 ﬁrmentur,
2832 1244 3141 1298 conveniant
3195 1251 3365 1312 atque
3398 1241 3661 1293 constt-in.

361 1334 580 1394 ganmr,
619 1326 911 1396 alteraeque
937 1326 1163 1382 alterius
1201 1327 1480 1398 suppetias
1508 1329 1710 1386 adsint.

644 1438 778 1510 Cap.
807 1439 958 1495 XXX
984 1471 1058 1482 —
1087 1440 1166 1495 De
1193 1450 1310 1496 cute
1343 1450 1394 1495 et
1423 1441 1487 1495 de
1515 1441 1662 1510 pilis.

442 1551 510 1607 Et
553 1552 772 1623 quidem
831 1561 1004 1609 totum
1065 1569 1268 1625 corpus
1327 1556 1468 1612 cutis
1490 1555 1838 1625 operimento
1870 1565 1948 1612 te-

2105 1449 2247 1516 Κεφ.
2283 1446 2593 1516 ΛἏ-Περί
2631 1444 2924 1514 δέρματος
2957 1445 3055 1498 καὶ
3093 1443 3234 1512 περὶ
3272 1443 3524 1514 τριχῶν
3548 1446 3614 1500 ⁸⁸.

2125 1561 2488 1617 Καλύπτεται
2533 1555 2628 1614 οὖν
2663 1560 2718 1593 ⁹⁰
2748 1559 2894 1613 ἆπαν
2923 1558 2986 1612 ea
3025 1557 3193 1628 σῶμα
3233 1559 3350 1612 ὑπὸ
3398 1558 3510 1612 τοῦ
3556 1559 3663 1630 δέρ-

364 1645 547 1714 gitur,
592 1645 751 1716 cujus
806 1647 1057 1717 quaedam
1108 1662 1235 1717 pars
1289 1648 1415 1717 pilis
1454 1647 1664 1712 obsita,
1699 1649 1934 1718 quaedam

2058 1675 2230 1730 ματος
2257 1673 2271 1688 ⁸
2307 1657 2403 1712 καὶ
2447 1656 2563 1710 ἐστι
2597 1655 2667 1710 τὰ
2702 1655 2801 1724 μὲν
2831 1653 3018 1715 αὑτοῦ,
3051 1651 3481 1722 τετριχωμένα,
3514 1654 3586 1704 τὰ
3615 1653 3664 1704 δε

364 1751 493 1791 vero
546 1737 791 1806 ipsorum
857 1752 1052 1808 expers
1112 1740 1466 1810 conspicitur.
1521 1741 1724 1798 Verum
1773 1741 1934 1795 enim-

2054 1748 2289 1820 ἂτριχα·
2337 1747 2722 1819 τετριχωμένα
2768 1745 2870 1816 μὲν
2898 1747 2932 1815 ἡ
2969 1744 3186 1814 κεφαλὴ
3213 1787 3228 1810 ,
3263 1745 3371 1797 καὶ
3413 1744 3497 1795 τὰ
3532 1744 3663 1814 μέρη

362 1841 528 1893 vero,
560 1843 626 1881 ex
663 1827 763 1883 his
800 1843 923 1898 quae
953 1829 1144 1898 pilosas
1175 1840 1359 1899 partes
1394 1841 1547 1899 sunt,
1580 1839 1763 1902 caput,
1800 1845 1934 1886 men.

2053 1842 2155 1912 τῆς
2179 1842 2293 1897 ἀνω
2342 1842 2438 1895 καὶ
2462 1841 2506 1874 ⁹¹
2555 1841 2656 1910 τῆς
2692 1839 2846 1894 κάτω
2893 1837 3088 1907 γένυος
3112 1879 3127 1902 ,
3161 1838 3264 1891 καὶ
3296 1839 3373 1890 τὰ
3414 1835 3526 1890 τοῦ
3555 1840 3662 1905 Isi-

363 1927 480 1972 tum
557 1917 810 1989 labiaque
873 1918 1354 1993 babentur,quae
1420 1931 1536 1978 tum
1610 1924 1934 1994 tegumenti

2053 1933 2180 1997 λους
2204 1951 2219 1966 ·
2251 1927 2413 1988 αὗται
2453 1932 2563 2004 γὰρ
2611 1931 2827 2002 σκέπης
2858 1931 2951 1985 καί
2984 1931 3196 2000 κόσμου
3244 1929 3528 1998 ἐγένοντο
3571 1928 3662 1996 χά-

363 2020 481 2065 tum
517 2009 736 2068 decoris
792 2012 968 2082 gratia
991 2052 1006 2078 ,
1041 2022 1238 2068 natura
1283 2013 1409 2085 pilis
1455 2017 1722 2073 obtexuit.
1752 2015 1823 2070 At
1853 2017 1926 2086 pil

2058 2044 2143 2099 ριν
2169 2028 2256 2059 ³³·
2309 2027 2366 2079 αἰ
2413 2025 2472 2079 δὲ
2501 2025 2612 2079 τῶν
2662 2023 2885 2096 ὀφρύων
2935 2023 3030 2077 καὶ
3083 2023 3197 2076 τῶν
3263 2020 3660 2092 βλεφαρίδων,

367 2113 463 2184 qui
500 2114 554 2169 in
586 2116 897 2185 superciliis
944 2125 998 2172 et
1044 2117 1187 2173 ciliis
1249 2118 1532 2186 visuntur,
1566 2121 1747 2175 tutelae
1780 2133 1949 2175 causa

367 2209 636 2279 procreati
706 2218 836 2265 sunt
895 2211 1048 2282 :qui
1121 2226 1252 2268 vero
1318 2213 1421 2268 sub
1488 2213 1591 2268 alis
1650 2221 1815 2284 atque
1879 2213 1946 2267 ad

366 2297 619 2368 pudenda
667 2299 958 2366 oriuntur,
1011 2316 1174 2357 casus
1218 2302 1505 2372 cujusdam
1551 2312 1788 2370 eventu,
1838 2319 1946 2376 non

367 2389 551 2444 tutela:
578 2390 777 2461 gratia,
813 2406 938 2446 cum
969 2392 1160 2449 irritus
1190 2393 1326 2449 inibi
1368 2394 1604 2464 pilorum
1639 2395 1795 2449 locus
1838 2395 1946 2461 sit,

365 2483 470 2537 orti
521 2492 672 2538 sunt.
705 2483 902 2554 Atqui,
936 2499 1036 2540 nec
1084 2487 1381 2556 tegumenti
1426 2501 1590 2543 causa
1618 2529 1632 2555 ,
1673 2487 1806 2542 inibi
1853 2488 1944 2558 pili

361 2574 668 2642 exsistunt,
700 2577 959 2646 quoniam
1008 2577 1108 2633 alae
1150 2593 1181 2632 a
1211 2578 1466 2635 manibus
1506 2579 1782 2650 costisque
1812 2581 1948 2635 satis

322 2664 620 2736 ’protectae
654 2666 929 2722 visuntur.
975 2667 1081 2722 Sed
1116 2681 1294 2738 neque
1349 2669 1422 2724 ob
1463 2668 1716 2725 decorem
1771 2669 1943 2724 ullum

359 2760 512 2830 ipsos
541 2762 875 2817 constitutos
919 2761 1242 2817 crediderim
1268 2799 1286 2829 ,
1315 2761 1572 2832 quoniam
1613 2770 1809 2818 natura
1852 2763 1947 2818 ad-

360 2853 458 2909 diti
491 2853 706 2910 decoris
737 2853 937 2910 habere
965 2869 1154 2910 curam
1191 2869 1302 2909 non
1343 2855 1513 2910 novit.
1543 2852 1757 2910 Nullius
1795 2853 1944 2909 enim

2050 2119 2393 2189 ἀσφαλείαςο
2446 2119 2503 2172 αἱ
2553 2117 2611 2172 δὲ
2661 2116 2771 2171 τῶν
2836 2115 3134 2187 μασχαλῶν
3189 2115 3290 2166 κα)⁵
3327 2114 3437 2184 τῆς
3488 2111 3660 2182 ἥϐης,

2052 2213 2192 2267 κατὰ
2223 2210 2597 2282 συμϐεϐηκός.
2631 2208 2772 2263 Οὔτε
2821 2209 2932 2280 γὰρ
2961 2208 3032 2262 δι’
3074 2206 3399 2276 ἀσφάλειαν
3420 2245 3437 2267 ,
3476 2203 3662 2272 ἐπειδὴ

2051 2301 2280 2372 ἄκαιρός
2324 2302 2474 2353 ἐστιν
2525 2301 2554 2352 ὁ
2586 2299 2772 2362 τόπος.
2832 2296 2970 2352 Οὔτε
3024 2298 3115 2351 διά
3166 2297 3432 2366 σκέπην,
3479 2295 3660 2364 ἐπειδὴ

2051 2394 2346 2448 σκέπονται
2386 2391 2494 2446 ὑπὸ
2529 2391 2638 2445 τῶν
2671 2389 2873 2462 χειρῶν
2911 2390 3007 2445 καὶ
3024 2389 3143 2443 ,τῶν
3168 2389 3444 2469 πλευρῶν
3476 2390 3541 2440 αἰ
3569 2405 3659 2456 μαι

2050 2485 2266 2556 σχάλαι.
2314 2483 2456 2537 Ἀλλ’
2485 2483 2609 2537 οὔτε
2642 2484 2732 2537 διὰ
2771 2484 2978 2553 κόσμον
3007 2483 3075 2550 ³⁸,
3108 2482 3526 2552 κρυπτόμενον
3558 2480 3656 2548 τὰς.

2048 2575 2257 2645 κόσμον
2303 2576 2337 2646 ἠ
2385 2573 2550 2645 φύσις
2597 2575 2697 2629 οὐκ
2742 2571 2853 2627 εἶδε
2881 2573 2963 2606 ’δ’
3006 2565 3082 2625 ὧν
3124 2571 3241 2642 γὰρ
3272 2570 3343 2624 τὸ
3386 2571 3658 2634 uillae"

2047 2664 2391 2735 κρύπτεται,
2437 2665 2498 2718 ού
2528 2664 2586 2717 δὲ
2616 2663 2784 2717 πόθου
2825 2663 3073 2733 δέχονται
3097 2663 3143 2694 ’⁸
3170 2663 3433 2730 γένεσιν.
3486 2661 3657 2728 Λέγο-

2050 2777 2151 2830 μεν
2182 2761 2240 2815 δὲ
2265 2760 2366 2825 τὰς
2394 2761 2588 2832 τρίχας
2610 2758 2753 2814 κατὰ
2783 2756 3137 2828 συμϐεϐηκὸς
3155 2755 3428 2826 γίνεσθαι
3458 2755 3650 2818 οὕτως.

2048 2854 2262 2925 Ὠσπερ
2305 2854 2417 2925 γὰρ
2467 2856 2495 2908 ὁ
2547 2851 2796 2923 γεωργὸς
2849 2849 2989 2904 κατὰ
3039 2849 3264 2924 πρῶτον
3328 2849 3440 2919 μὲν
3501 2848 3651 2917 λόγον

360 2946 472 3012 rei,
507 2945 668 3016 cujus
713 2955 797 3002 est
840 2946 1159 3002 abscondita
1200 2947 1573 3018 pulchritudo,
1606 2946 1934 3003 desiderium

2044 2945 2264 3017 ἀρδεύει
2319 2944 2388 2999 τὰ
2420 2945 2670 3015 χρήσιμα
2702 2943 2815 2996 τῶν
2845 2942 3117 3012 λαχάνων,
3155 2939 3188 3011 ἢ
3246 2938 3371 2992 τῶν
3425 2938 3650 3007 φυτῶνν

359 3037 525 3093 nobis
544 3037 870 3093 innascitur.
904 3039 970 3093 Et
1006 3039 1144 3108 pilos
1175 3040 1393 3109 quidem
1424 3049 1618 3095 eventu
1651 3039 1803 3096 nasci
1840 3040 1934 3096 hoc

2048 3037 2192 3092 κατὰ
2217 3036 2472 3109 δεύτερον
2496 3038 2540 3070 ⁸⁷
2571 3037 2650 3104 δὲ,
2676 3036 2773 3091 καὶ
2802 3038 2901 3100 τὰς
2925 3033 3189 3098 ἀκάνθας,
3217 3034 3318 3086 καὶ
3350 3035 3460 3097 τὰς
3495 3035 3652 3096 ἄλλας

358 3139 522 3199 pacto
569 3144 882 3186 censemus.
939 3128 1413 3196 Quemadmodum
1460 3131 1606 3185 enim
1646 3131 1934 3202 agricolae,

2047 3131 2158 3184 τῶν
2206 3129 2478 3202 βοτανῶν.
2538 3129 2620 3192 εἰς
2674 3127 2932 3198 φραγμὸν
2979 3126 3184 3189 ταύτας
3234 3126 3336 3178 καὶ
3395 3127 3579 3197 ἀλλην
3611 3126 3650 3156 ’⁸

360 3221 418 3276 in
467 3221 613 3276 horti
669 3222 752 3278 sui
786 3223 998 3278 cultura
1026 3262 1042 3288 ,
1072 3221 1408 3293 praecipuum
1459 3224 1797 3294 prapositum
1838 3232 1943 3291 est,

359 3313 524 3370 utiles
571 3315 772 3372 herbas
811 3316 1120 3387 stirpesque
1155 3315 1446 3387 frugiferas
1487 3316 1710 3372 assidua
1749 3317 1946 3389 irriga-

359 3409 508 3464 tione
535 3407 888 3478 perfundere,
925 3409 1124 3465 accidit
1159 3409 1348 3474 etiam,
1385 3419 1440 3464 et
1463 3409 1684 3480 spinas,
1717 3409 1947 3466 herbas-

357 3515 467 3570 que
500 3501 638 3557 alias
680 3501 864 3557 minus
909 3502 1093 3571 utiles,
1117 3512 1170 3558 et
1194 3503 1260 3558 ad
1296 3517 1454 3573 sepes
1481 3518 1748 3574 usumque
1777 3503 1944 3558 alium

358 3591 722 3660 deputandas,
758 3592 1005 3663 irrigari;
1032 3593 1224 3649 eodem
1257 3594 1444 3659 modo,
1480 3602 1534 3649 et
1568 3593 1828 3665 vegetalis
1859 3593 1944 3648 ia-

357 3683 556 3751 cultas,
588 3685 657 3740 ad
690 3698 788 3741 eos
817 3701 959 3758 quos
992 3687 1426 3742 memoravimus
1453 3701 1622 3750 usus,
1665 3687 1808 3757 pilos
1843 3703 1947 3741 un-

357 3791 602 3846 guesque
630 3775 821 3832 molita
869 3785 972 3845 est,
1002 3777 1203 3848 quibus
1231 3787 1287 3833 et
1321 3779 1667 3844 alimentum,
1691 3787 1746 3834 et
1769 3778 1948 3834 incre-

358 3879 629 3935 mentum,
664 3883 768 3924 nec
799 3883 908 3924 non
932 3871 1405 3935 constitutionem,
1432 3871 1701 3942 impertiri
1725 3871 1946 3927 assidue

357 3959 595 4028 satagit;
633 3958 729 4014 sed
764 3959 998 4016 fumosae
1058 3961 1306 4032 corporis
1355 3963 1525 4018 nostri
1574 3963 1946 4021 exhalationis

356 4051 640 4104 concretio
665 4050 866 4105 horum
890 4050 1305 4107 constitutionis
1323 4067 1487 4108 causa
1503 4052 1740 4108 exsistit.
1765 4053 1832 4108 Et
1849 4053 1942 4123 pili

353 4141 576 4212 quidem
617 4142 687 4198 ab
733 4143 870 4214 ipsis
899 4143 1087 4215 τρίχες
1139 4144 1523 4214 appellantur,
1576 4139 1687 4200 οἷον
1733 4145 1945 4218 δέρικες

353 4235 437 4289 δτι
469 4233 801 4308 θερίζονται,
840 4236 982 4307 quod
1013 4235 1264 4292 videlicet
1296 4237 1546 4292 demeteri
1594 4237 1831 4302 soleant,
1879 4252 1946 4292 ac

353 4328 588 4384 sectioni
615 4327 841 4386 assidue
865 4327 1090 4385 obnoxii
1119 4328 1250 4384 sint.
1279 4326 1427 4383 Nihil
1455 4327 1602 4384 enim
1624 4369 1638 4392 ,
1670 4329 1938 4396 omnium,

2046 3224 2237 3295 χρείαν
2267 3223 2686 3294 ὲπινοούμενοςο
2717 3221 2892 3284 οὕτως
2915 3222 3010 3274 καὶ
3037 3222 3070 3292 ἡ
3097 3219 3382 3290 θρεπτικὴ
3410 3220 3645 3289 δύναμις

2045 3317 2128 3379 εἰς
2164 3314 2267 3379 τὰς
2295 3315 2596 3386 εἰρημένας
2632 3313 2816 3377 αἰτίας
2845 3313 2945 3376 τὰς
2982 3313 3176 3383 τρίχας
3214 3312 3314 3365 καὶ
3353 3312 3498 3377 τοὺς
3532 3313 3648 3366 6w-

2045 3423 2144 3476 χας
2187 3404 2572 3476 ὲπινοουμένη,
2613 3405 2711 3458 κειί⁵
2739 3403 2954 3474 τρέφει,
2999 3404 3096 3456 καὶ
3128 3398 3309 3467 αύξει,
3365 3405 3473 3457 καὶ
3536 3421 3646 3456 om.

2051 3499 2211 3569 ιστᾷ·
2242 3499 2352 3552 τῶν
2393 3498 2506 3571 γὰρ
2543 3497 2769 3552 καπνῶν
2802 3495 2910 3551 τῶν
2943 3495 3399 3566 άτμωδεστάτων
3426 3497 3512 3560 ⁸⁸,
3549 3495 3645 3548 τῶν

2045 3592 2112 3644 ἐκ
2148 3590 2242 3644 τοῦ
2292 3589 2548 3662 σώματος
2587 3590 3070 3660 ἀναπεμπομένων
3118 3589 3288 3659 πῆξιν
3325 3587 3646 3656 λαμϐανόν-

2044 3699 2154 3736 ιιων
2177 3723 2192 3748 ,
2249 3677 2408 3737 αὗται
2460 3683 2829 3736 συνίστανται.
2874 3683 3077 3752 Τρίχες
3115 3681 3170 3735 δὲ
3206 3681 3516 3750 λέγονται,
3547 3677 3645 3736 οἷο-δ

2047 3774 2267 3845 θέρικες
2288 3792 2302 3806 ο
2349 3774 2500 3846 θέριξ
2529 3773 2640 3844 γὰρ
2665 3775 2761 3828 καὶ
2791 3774 2915 3846 θρὶξ
2944 3774 3086 3828 κατὰ
3117 3775 3424 3845 σύγκοπήν
3471 3777 3492 3808 ¹
3524 3791 3539 3802 ·
3571 3776 3644 3826 ὅτι

2046 3867 2325 3940 θερίξεται
2355 3868 2450 3921 καὶ
2483 3867 2745 3939 τέμνεται
2802 3867 3066 3938 συνεχῶς.
3111 3865 3287 3920 Οὐδὲν
3341 3869 3464 3939 γὰρ
3514 3869 3645 3921 οὕτω

2043 3961 2153 4014 τῶν
2207 3962 2267 4014 ἐν
2302 3961 2435 4031 ἡμῖν
2473 3961 2620 4032 πηδᾷ
2665 3961 2803 4032 πρὸς
2832 3960 2903 4014 τὰ
2946 3959 3103 4024 ἐκτὸς
3134 3958 3331 4030 ὥσπερ
3367 3964 3406 4031 ή
3458 3961 3584 4032 θρίξ
3609 3964 3642 4015 '.

2058 4054 2149 4109 Ἐν
2182 4048 2265 4118 οἷς
2301 4053 2401 4125 μὲν
2444 4050 2539 4107 οὖν
2563 4053 2756 4116 τόποις
2786 4053 3007 4123 ᾶτριχον
3041 4052 3288 4122 ὑπάρχει
3315 4052 3387 4105 τὸ
3429 4051 3640 4122 σῶμακ

2047 4146 2183 4217 μύες
2215 4147 2458 4218 δηλονότι
2491 4147 2613 4200 κατ’
2657 4145 2903 4208 ἐκείνους
2941 4144 3067 4208 τοὺς
3107 4144 3314 4206 τόπους
3361 4144 3640 4214 511319199-

2046 4255 2132 4292 σιν
2155 4238 2197 4293 ⁸.
2239 4239 2452 4310 Ὠσπερ
2488 4239 2581 4292 ἐπὶ
2609 4238 2711 4308 τῆς
2745 4236 3003 4308 παλάμης
3042 4235 3276 4290 καὶτῶν
3313 4236 3638 4300 δακτύλων,

2043 4331 2138 4384 καὶ
2165 4329 2261 4384 τοῦ
2291 4329 2568 4401 πέλματος
2598 4329 2708 4383 τῶν
2738 4329 2917 4382 ποδῶν
2943 4345 2957 4358 ’
2993 4329 3052 4381 ἐν
3084 4322 3166 4391 οἷς
3198 4327 3260 4380 δὲ
3293 4326 3445 4398 μῦες
3485 4331 3639 4382 αἴτιοι

349 4435 479 4491 quae
507 4421 561 4475 in
593 4435 825 4492 corpore
858 4428 1049 4476 nostro
1075 4429 1224 4487 sunt,
1253 4435 1408 4491 aeque
1427 4429 1580 4475 extra
1612 4421 1854 4486 tendere,
1877 4436 1934 4477 ac

2044 4421 2146 4475 ούκ
2174 4422 2316 4486 εἰσὶ,
2367 4421 2559 4493 τρίχες
2593 4420 2856 4491 φύονται·
2890 4420 2970 4492 πὴ
3027 4419 3126 4490 μὲν
3165 4419 3404 4484 πλείους
3425 4461 3442 4486 ,
3476 4420 3558 4492 πή
3591 4420 3637 4471 δὲ

346 4481 445 4583 pili
475 4481 876 4570 unitum-Cutis
915 4528 1045 4569 vero
1069 4527 1216 4585 pars,
1245 4529 1370 4583 quae
1407 4513 1530 4582 pilis
1563 4528 1757 4569 vacare
1801 4529 1934 4569 con-

2043 4515 2244 4584 όλίγαι.
2293 4481 2618 4586 ὲκέέτάέτεὶςί
2639 4515 2740 4585 μὲν
2764 4517 2784 4547 ⁸
2819 4513 2930 4586 γὰρ
2957 4481 3039 4567 ’τὺῑ
3057 4514 3180 4569 ὅλον
3223 4481 3634 4584 δέρμα-γέέονε

351 4605 604 4675 spicitur,
636 4606 1103 4677 quemadmodum
1135 4621 1331 4662 manus
1358 4605 1560 4677 palma,
1592 4621 1658 4662 ac
1682 4605 1860 4677 digiti,
1884 4617 1934 4662 et

2045 4604 2141 4658 καὶ
2174 4603 2495 4676 περίϐλημα
2529 4605 2628 4674 τῆς
2667 4603 2884 4673 ἁπαλῆς
2916 4603 3119 4675 σαρκὸς
3138 4646 3153 4670 ,
3184 4603 3288 4656 καὶ
3316 4602 3440 4657 τῶν
3467 4603 3634 4658 ἄλλων

346 4699 503 4766 pedis
560 4700 750 4771 planta
808 4700 1097 4765 musculis,
1153 4699 1388 4766 pilorum
1438 4699 1580 4764 vice,
1644 4699 1934 4754 redundat.

2047 4695 2265 4750 πάντων
2297 4697 2406 4749 τῶν
2435 4695 2752 4750 ἐντοσθίων.

355 4791 459 4848 Ubi
514 4803 696 4850 autem
723 4834 738 4859 ,
782 4795 931 4850 nulla
975 4793 1298 4866 hujusmodi
1349 4793 1728 4850 musculorum
1773 4807 1938 4849 causa
1979 4791 2215 4857 exsistit,
2245 4790 2434 4861 piligin
2487 4789 2817 4860 quibusdam
2843 4788 3037 4860 magis,
3063 4789 3114 4842 in
3137 4787 3486 4859 quibusdam
3512 4799 3632 4842 vero

348 4884 552 4950 minus,
585 4886 863 4941 oriuntur.
900 4886 1195 4941 Enimvero
1222 4927 1237 4950 ,
1262 4901 1372 4940 non
1397 4885 1559 4940 modo
1580 4884 1762 4940 mollis
1786 4899 1940 4948 caro,
1965 4899 2157 4940 verum
2187 4882 2352 4938 etiam
2392 4882 2653 4938 universa
2711 4897 2835 4952 qua:
2880 4879 3114 4936 interius
3157 4888 3311 4942 sunt,
3345 4890 3485 4934 cute
3527 4879 3628 4948 ipsa

346 4991 448 5044 pro
485 4985 802 5048 tegumenta
845 4988 900 5034 et
949 4978 1278 5034 obductione
1319 4987 1568 5033 utuntur.

417 5068 575 5126 Cutis
595 5071 740 5126 enim
775 5071 932 5144 131
972 5073 1190 5129 callosae
1217 5082 1428 5128 naturae
1471 5072 1724 5137 habetur,
1752 5071 1937 5143 quasi-

347 5175 457 5230 que
479 5161 595 5231 ipsa
642 5160 712 5216 ab
752 5163 1028 5219 ambiente
1057 5177 1216 5228 aere,
1257 5171 1312 5216 et
1344 5162 1507 5218 rebus
1549 5161 1604 5216 in
1638 5177 1775 5231 quas
1813 5177 1934 5217 eam

347 5249 568 5305 assidue
601 5251 840 5307 incidere
887 5253 1173 5323 contingit,
1219 5252 1496 5308 callescat.
1538 5249 1718 5306 Mollis
1762 5249 1935 5320 siqui-

345 5341 469 5398 dem
525 5357 690 5410 caro,
757 5343 956 5404 alicubi
1022 5343 1291 5415 simplex,
1354 5342 1554 5399 alicubi
1627 5343 1933 5413 composita

415 5478 463 5512 ⁸⁷
495 5479 764 5549 σημαῖνον
800 5479 864 5532 Α.
981 5479 1028 5512 ⁸⁸

344 5551 394 5582 ’⁸
414 5549 544 5623 Υοὶῖν
576 5549 617 5604 Β
739 5620 747 5623 _
780 5550 825 5581 ³⁸
857 5553 923 5604 ἐκ
1166 5549 1497 5623 ’κοσμ.’χαρ.
1536 5554 1621 5620 ὲγ.
1658 5549 1722 5603 Β.

346 5628 437 5682 λος
473 5619 536 5677 Β.
610 5621 658 5654 ’⁸
688 5620 912 5692 δέχεται
966 5621 1024 5674 Β.
1101 5622 1146 5654 ⁸⁷
1171 5619 1311 5674 κατὰ
1353 5619 1702 5692 συμϐεϐηκός
1731 5623 1792 5678 Β.
1873 5627 1918 5659 ⁸⁸

348 5704 510 5763 συγκ.
543 5707 651 5763 om.
685 5691 746 5763 Β.
827 5693 854 5763 ξ
884 5699 995 5746 lucc
1039 5692 1237 5763 om.B.
1312 5692 1528 5763 {6.4mm
1561 5691 1599 5748 Β
1633 5692 1689 5747 Ρ.

354 5758 440 5819 Β(
489 5763 508 5792 ⁷
537 5761 778 5835 τηλωθὲν
822 5761 882 5819 Β.
961 5761 1193 5835 δάπαλὴ
1245 5764 1284 5820 Β
1318 5759 1382 5820 Ρ.

2117 5069 2274 5122 Ἔστι
2302 5067 2359 5122 δὲ
2393 5067 2451 5120 τὸ
2480 5066 2657 5138 δέρμα
2684 5068 2750 5138 τῇ
2775 5064 2940 5136 φύσει
2968 5065 3203 5129 τυλῶδες
3220 5067 3266 5132 ⁸,
3307 5067 3424 5121 ὑπό
3454 5086 3519 5122 τε
3542 5070 3624 5124 τοῦ

2043 5161 2392 5232 περιέχοντος
2431 5161 2526 5214 καὶ
2569 5159 2678 5213 τῶν
2713 5157 3191 5230 προσομιλούντων
3225 5161 3516 5227 σωμάτων
3543 5181 3626 5216 τυ-

2041 5253 2212 5308 λωθέν
2231 5255 2270 5308 ⁷.
2289 5255 2353 5306 Ἡ
2382 5253 2440 5306 δὲ
2471 5251 2658 5323 ἁπαλὴ
2692 5250 2848 5323 σὰρξ,
2879 5252 2957 5323 πὴ
2989 5250 3089 5322 μέν
3118 5253 3270 5305 ἐστιν
3303 5253 3462 5325 ἁπλῆ
3483 5256 3526 5318 ⁸,
3556 5255 3620 5324 πῆ

2040 5347 2097 5401 δὲ
2128 5346 2381 5412 σύνθετος
2410 5362 2422 5375 ·
2458 5346 2552 5398 καὶ
2585 5347 2660 5416 πὴ
2697 5345 2797 5414 μὲν
2837 5343 2978 5415 μετὰ
3025 5344 3178 5414 μυῶν
3223 5345 3321 5399 καὶ
3355 5347 3524 5412 ἰνῶν,
3554 5349 3619 5416 ari;

1078 5479 1297 5552 βοηθεῖν
1340 5481 1373 5553 ἢ
1429 5482 1517 5536 διὰ
1550 5480 1612 5535 τὸ
1647 5487 1934 5553 συναρτᾶσε

2054 5487 2114 5543 Ρ.
2190 5490 2236 5521 ⁸⁹
2267 5489 2346 5541 sic
2385 5487 2520 5543 Cod.
2572 5486 2634 5542 C.
2691 5489 2871 5542 minus
2906 5489 3194 5543 cclnmodc
3240 5488 3296 5542 in
3340 5491 3458 5543 tab.
3513 5490 3612 5543 div.

1796 5556 1843 5589 ’³
1863 5557 2067 5626 κόσμον
2095 5561 2248 5622 ποῖος
2277 5558 2386 5629 γὰρ
2418 5559 2796 5640 κρυπτόμενος
2825 5557 2883 5612 Ρ.
2963 5557 3010 5590 ³⁸
3039 5554 3181 5612 οἰδεν
3223 5557 3263 5612 Β
3297 5559 3357 5613 Ρ.
3443 5560 3492 5592 ⁸⁸
3527 5562 3613 5614 κά-

1873 5627 1918 5659 ⁹⁸
1949 5627 1980 5685 ἦ
2009 5629 2089 5685 εἰς
2110 5629 2230 5684 ἀλλ.
2257 5629 2317 5684 Β.
2397 5629 2443 5660 ⁸⁸
2465 5631 2656 5685 ὰτμων
2689 5645 2742 5682 τ.
2773 5629 3250 5684 καπνωδεστάτων
3286 5629 3347 5684 Β.
3431 5632 3448 5663 ¹
3481 5632 3612 5685 κατὰ

1873 5627 1918 5659 ⁸⁸
1949 5627 1980 5697 ἢ
2009 5629 2089 5692 εἰς
2110 5629 2230 5684 ἀλλ.
2257 5629 2317 5684 Β.
2357 5627 2365 5629 “
2397 5629 2443 5660 ⁸⁸
2460 5627 2656 5698 άτμῶν
2689 5645 2742 5682 τ.
2773 5629 3250 5684 καπνωδεστάτων
3286 5629 3347 5684 Β.

1804 5698 1823 5729 ⁸
1851 5702 1986 5752 κατὰ
2015 5699 2105 5752 τὸν
2130 5701 2294 5755 τόπον
2332 5699 2424 5753 ὑπ’
2453 5701 2660 5752 ἐκεῖνον
2681 5697 2741 5753 Β.
2820 5699 2839 5728 ⁸
2869 5701 2968 5770 μὲν
3015 5716 3124 5754 out.
3184 5699 3246 5757 Β.
3329 5702 3347 5732 ⁸

3329 5702 3350 5732 ⁸
3377 5701 3608 5775 τηλῶδες
