3792 6380
39 327 176 386 Ξϐῖ)

1288 323 1374 378 DE
1413 323 1702 380 NATURA
1741 323 2060 381 liOMlNlS.‘

3181 318 3323 377 ιετο

21 446 69 498 ἑὲ
109 445 253 500 καθ’
287 444 514 514 ἑαυτήν.
551 443 662 498 Καὶ
698 441 843 513 αὕτη
875 443 984 513 γὰρ
1016 441 1206 513 ῶσπερ
1236 443 1332 496 καὶ
1359 441 1420 496 τδ
1451 443 1518 513 δέχ

1829 484 1834 497 .
1892 441 2012 513 ipsa
2073 442 2220 497 enim
2291 441 2606 499 musculosa
2664 456 2792 499 cum
2847 440 3025 506 fibris,
3091 441 3326 512 quihus-

19 537 280 590 ιαθόλου
313 536 408 590 τοῦ
444 532 703 606 σώματος
737 534 991 604 ἥπλωται
1014 551 1027 566 ο
1066 534 1279 588 ἵναοκαὶ
1303 534 1399 588 τοῦ
1438 533 1632 606 θέρους

19 627 301 698 ιναψύχῃ
333 626 393 679 τὸ
428 625 568 690 ζῶον
591 666 606 690 ,
647 624 826 679 νοτίδα
855 625 1219 694 ἐκπέμπουσα
1244 622 1449 678 ἔσωθεν
1476 638 1490 652 ’
1539 625 1634 678 καὶ

19 718 323 788 εειμῶνος
367 717 424 770 δὲ
453 715 554 787 τὴν
583 715 694 769 τῶν
725 714 966 786 πιλητῶν
995 714 1183 784 είρίων
1212 715 1398 777 αὐτοῖς
1441 713 1632 784 χρείαν

19 810 326 882 ταρέχῃ⁹.
355 809 517 876 Σὰρξ
564 807 620 861 δέ
663 808 880 877 εἴρηται
913 807 1064 878 παρὰ
1089 807 1150 860 τὸ
1200 805 1462 876 σύρεσθαι
1489 806 1533 838 ¹⁰
1573 805 1634 859 τὸ

19 901 222 972 Ξέρμα
257 901 356 954 ἀπ’
404 900 598 970 αὐτῆς.
651 899 726 953 Τὸ
752 899 809 952 δέ
849 898 1035 968 δέρμα
1075 899 1268 970 ὥσπερ
1305 899 1487 970 τέρμα
1536 897 1632 952 τοῦ

19 992 346 1061 σώματος,
397 990 601 1057 ἔξωθεν
638 988 998 1060 ἐπιϐέϐληται
1039 989 1202 1044 παντὶ
1249 988 1326 1058 τῷ
1375 988 1632 1057 σώματιο

17 1082 55 1152 ἢ
87 1079 217 1138 οἷον
268 1083 524 1154 δέρμα¹¹,
576 1081 636 1134 τὸ
694 1081 1025 1151 συνισχηκδς
1060 1081 1121 1134 τὸ
1166 1079 1329 1151 σῶμα
1360 1085 1457 1134 και
1506 1096 1635 1133 συν-

17 1167 317 1240 Βεσμοῦν·
348 1169 380 1240 ἢ
417 1165 528 1223 οἷον
553 1170 917 1240 deprimi-rupi
947 1170 1009 1222 τὸ
1041 1169 1404 1240 ἁποδέρεσθαι
1435 1171 1511 1234 ὡς
1542 1171 1635 1224 ἐπὶ¹

17 1260 152 1312 τῶν
189 1261 351 1326 ζώων
378 1278 391 1291 °
424 1261 456 1332 ἢ
482 1255 592 1314 οἷον
625 1261 816 1332 δέμας,
857 1260 946 1314 διὰ
971 1259 1032 1313 τὸ
1060 1259 1154 1314 καὶ
1184 1261 1246 1314 τὸ
1277 1260 1437 1330 σῶμα
1462 1261 1635 1324 οὕτως

17 1347 360 1410 καλεῖσθαι,
387 1350 470 1403 ὅτι
494 1349 692 1420 δεσμός
714 1351 831 1403 ἐστι
853 1349 952 1420 τῆς
973 1349 1176 1420 ψυχῆς,
1217 1350 1251 1420 ἢ
1285 1349 1636 1420 περιδόμημα

17 1442 224 1512 αὐτῆς
270 1442 366 1498 καὶ
395 1443 738 1514 οἰκητήριον.
785 1443 990 1513 Χρείας
1025 1442 1081 1495 δέ
1123 1442 1292 1513 μόνης
1322 1442 1486 1496 ἕνεκα
1508 1444 1550 1474 ¹²
1576 1441 1637 1496 τὸ

17 1530 231 1603 δέρμα
272 1532 564 1604 γεγένηται
589 1534 646 1586 ἐν
670 1532 750 1604 τῷ
784 1532 1034 1604 σώματι,
1066 1533 1162 1588 καὶ
1191 1534 1291 1587 οὐκ
1329 1534 1634 1606 ἐνεργείας.

16 1623 190 1679 Οὕτε
236 1626 347 1694 γὰρ
393 1626 531 1696 πρὸς
570 1625 756 1696 πέψιν,
786 1624 912 1678 οὕτε
942 1627 1005 1658 ¹¹¹
1055 1626 1190 1697 πρὸς
1231 1627 1633 1697 ἐξαιμάτωσιν,

15 1710 174 1765 οὗτε
204 1713 343 1785 πρὸς
365 1713 618 1768 ἀνάδοσιν
639 1715 866 1787 τροφῆς,
895 1714 1019 1769 οὕτε
1047 1716 1265 1787 κίνησιν
1289 1717 1411 1771 καθ’
1435 1717 1633 1790 ὁρμὴν,

1735 534 1861 590 dam
1896 533 1953 588 in
2004 533 2140 588 locis
2179 573 2196 601 ,
2251 533 2306 588 in
2360 533 2690 604 quibusdam
2743 548 2876 589 vero
2919 549 3018 604 per
3085 534 3322 604 seipsam

1733 625 1968 684 exsistit.
2023 624 2142 695 Ipsa
2199 625 2387 689 etiam,
2445 625 2907 696 quemadmodum
2968 634 3024 680 et
3082 623 3152 680 de
3201 631 3330 678 cute

1735 714 1944 770 dictum
2029 723 2150 780 est,
2215 723 2330 771 toto
2407 716 2627 786 corpori
2704 716 3151 780 subextenditur,
3213 731 3324 787 quo

1735 807 1943 863 aestatis
1985 815 2254 876 tempore,
2289 807 2550 862 sudorum
2602 809 2938 872 excretione,
2979 807 3203 862 animali
3234 823 3323 863 re-

1737 897 2016 968 frigerium
2065 907 2356 968 suggerat,
2415 899 2651 968 pilorum
2690 913 2821 953 vero
2875 898 3188 969 lanuginem
3255 899 3323 952 ad

1739 989 1939 1044 hiemis
1998 1003 2161 1043 usum
2220 987 2468 1057 largitur.
2530 988 2765 1042 Carnem
2827 1005 3065 1058 namque
3125 990 3321 1059 ipsam,

1739 1079 1917 1152 σάρκα
1949 1078 2120 1136 Graaci
2152 1077 2306 1150 παρὰ
2355 1079 2417 1132 τὸ
2461 1073 2833 1150 ἀποσύρεσθαι
2879 1080 2946 1152 τὰ
2994 1080 3171 1151 δέρμα
3228 1080 3323 1133 ἀπ’

1737 1170 1926 1238 αὐτῆς,
1995 1169 2133 1240 quod
2191 1168 2443 1223 videlicet
2489 1168 2552 1222 ab
2614 1169 2733 1238 ipsa
2795 1169 2932 1222 cutis
2987 1169 3323 1229 detrahatur,

1737 1261 2030 1331 appellant.
2059 1259 2239 1314 Cutim
2294 1276 2422 1314 vero
2476 1259 2673 1330 δέρμα,
2727 1260 2888 1330 quasi
2923 1258 3123 1330 τέρμα,
3149 1260 3326 1328 prima

1738 1362 1946 1407 mutata
1969 1353 2172 1418 littera,
2199 1353 2249 1406 id
2273 1361 2357 1406 est
2383 1353 2638 1406 terminus
2671 1351 2895 1421 quidam
2935 1353 3214 1420 corporis,
3239 1353 3326 1407 vel

1737 1444 1858 1512 ﬁnis
1893 1445 1984 1508 sit,
2013 1459 2138 1498 cum
2174 1445 2222 1498 ei
2265 1444 2505 1514 undique
2537 1443 2871 1508 obducatur;
2901 1444 3017 1498 sive
3034 1443 3196 1513 δέμα,
3222 1443 3329 1499 hoc

1737 1547 1841 1603 est,
1875 1542 2021 1608 quod
2059 1536 2360 1602 vinculum,
2391 1553 2486 1592 seu
2527 1536 2876 1607 ligamentum
2926 1535 3176 1604 corporis
3217 1535 3324 1598 sit,

1739 1641 1866 1681 cum
1936 1625 2116 1696 ipsum
2188 1625 2514 1694 comprimat
2577 1621 2815 1695 undique
2836 1625 3324 1694 constringatque;

1739 1717 1854 1772 sive
1897 1717 2074 1787 δέρμα
2105 1717 2255 1788 παρὰ
2288 1717 2348 1770 τὸ
2375 1717 2768 1789 ἁποδέρεσθαι,
2789 1717 2843 1770 ἀ
2876 1716 3201 1772 detrahendo
3235 1716 3326 1769 di-

15 1802 174 1858 οὖτε
207 1806 346 1869 ὅλως
386 1805 667 1876 ἐνέργειαν
709 1807 832 1860 τινὰ
861 1807 940 1878 τῷ
978 1806 1102 1878 ζὼῳ
1142 1809 1470 1879 παρέχεται,
1501 1828 1512 1862 ι

1829 1805 2097 1874 iendoque,
2115 1805 2258 1874 quod
2288 1803 2343 1857 in
2359 1804 2690 1859 animalibus
2711 1803 3160 1874 assidue,quibus
3182 1803 3326 1858 cutis

21 1893 279 1948 πάντων
303 1893 502 1960 ἔξωθεν
545 1895 798 1966 κείμενον
826 1895 896 1949 τὰ
926 1897 1022 1950 τοῦ
1060 1898 1315 1970 σώματος
1347 1900 1444 1953 ὅλα
1468 1901 1512 1931 ¹⁸
1540 1917 1639 1954 πε-

27 1985 216 2054 ριττὰ
246 1985 485 2051 εὐλόγως
510 1987 554 2017 ¹⁵
588 1987 872 2058 ἐκδέχεται
893 1988 958 2054 ⁸³,
995 1987 1120 2042 ὅθεν
1144 1989 1238 2042 καὶ
1267 1991 1434 2044 οἱονεὶ⁸
1467 2008 1639 2046 κατα-

21 2077 319 2149 τέτρηται
349 2079 391 2110 ¹⁶
423 2077 597 2132 διόλου
635 2079 772 2149 πρὸς
805 2078 1052 2151 ἀναποὴν
1083 2081 1177 2134 καὶ
1213 2079 1458 2153 ἱδρώτων
1498 2083 1638 2136 ἀπό-

25 2186 241 2238 κρισιν
264 2187 277 2198 ·
315 2169 407 2222 καὶ
441 2169 589 2222 ἔστιν
632 2169 1027 2242 ἀσθενέστερον
1059 2170 1170 2224 τῶν
1201 2171 1377 2227 ἄλλων
1409 2173 1636 2246 μορίων.

30 2262 171 2314 Οὐκ
201 2261 326 2330 ἴσην
366 2261 476 2332 γὰρ
501 2260 601 2332 τὴν
643 2260 836 2334 ῥώμην
861 2261 1077 2316 ἅπαντα
1109 2262 1179 2316 τὰ
1214 2263 1379 2337 μόρια
1409 2267 1641 2339 κέκτηνο

27 2371 148 2408 ται
177 2355 219 2386 ⁸⁷
240 2371 254 2384 ο
288 2353 423 2408 ἀλλὰ
449 2354 516 2407 τὰ
565 2353 912 2423 κυριώτερα,
960 2355 1056 2408 καὶ
1089 2349 1202 2408 οἷον
1243 2357 1298 2410 αἱ
1331 2357 1499 2429 ἀρχαι¹
1545 2359 1639 2412 τοῦ

38 2444 334 2518 σώματος,
359 2445 765 2518 ῥωμαλεώτερα
785 2447 827 2477 ³⁸
853 2445 912 2512 ἐξ
941 2447 1194 2518 ὑπαρχῆς
1213 2446 1256 2479 ¹⁹
1280 2449 1526 2517 ἐγεγόνει
1548 2455 1643 2504 καὶ

42 2539 417 2610 ἰσχυρότερα·
476 2539 564 2592 ἵνα
613 2537 706 2591 καὶ
759 2537 862 2608 τὴν
911 2537 976 2590 ἐκ
1024 2537 1385 2608 πλημμελοῦς
1429 2540 1642 2612 διαίτης

38 2627 350 2700 ἀπωθῆται
398 2629 601 2683 κακίαν
624 2671 639 2697 ,
671 2628 765 2683 καὶ
794 2627 896 2700 τὴν
945 2627 1185 2702 φυσικὴν
1225 2629 1457 2702 δύναμιν
1485 2649 1642 2704 περι-

43 2721 232 2794 σώζῃ.

1739 1897 2066 1961 detrahitur,
2099 1911 2324 1952 cernere
2343 1909 2447 1952 est.
2469 1897 2580 1952 Aut
2599 1937 2614 1960 ,
2641 1899 2802 1968 quasi
2831 1897 3024 1968 δέμας,
3059 1896 3329 1968 quemad-

1740 1988 1962 2042 modum
1989 1996 2043 2043 et
2063 2003 2264 2059 corpus
2285 1988 2506 2054 dicitur,
2531 1989 2658 2044 inde
2683 1989 2936 2044 videlicet
2957 1989 3100 2058 quod
3125 1987 3324 2042 anima:

1741 2093 2007 2148 vinculum
2046 2093 2136 2148 sit.
2190 2094 2261 2147 At
2306 2093 2474 2148 cutim
2497 2092 2669 2162 ipsam
2715 2094 2770 2146 in
2813 2107 3046 2162 corpore
3069 2092 3134 2146 ad
3162 2106 3325 2147 usum

1741 2183 2142 2248 tantummodo,
2180 2199 2289 2237 non
2350 2193 2530 2238 autem
2576 2183 2808 2238 actionis
2863 2183 3096 2251 alicujus
3153 2181 3328 2252 gratia

1743 2275 2097 2329 consritutam
2167 2289 2290 2330 esse
2361 2281 2569 2328 certum
2643 2284 2750 2329 est.
2807 2273 2929 2328 Non
3010 2274 3155 2329 enim
3210 2274 3328 2342 ipsa

1743 2364 1810 2418 ad
1845 2365 2298 2435 concoquendum
2347 2365 2553 2428 cibum,
2590 2366 2675 2420 vel
2723 2366 3166 2421 constituendum
3198 2380 3330 2418 san-

1744 2457 1994 2527 guinem,
2056 2466 2151 2512 aut
2230 2456 2666 2514 distribuendum
2739 2457 3090 2520 alimentum,
3154 2469 3332 2526 neque

1745 2547 1812 2602 ad
1838 2557 2070 2611 motum,
2102 2549 2197 2618 qui
2240 2563 2365 2604 cum
2403 2547 2608 2616 impetu
2660 2548 2720 2602 fit
2769 2548 3178 2618 perficiendum,
3235 2553 3335 2601 aut

1745 2639 1824 2694 rei
1881 2641 2114 2710 alicujus
2167 2657 2329 2696 usum
2379 2640 2602 2695 animali
2653 2640 3030 2710 impertiendo,
3095 2639 3331 2694 ofﬁcium

1745 2732 1954 2800 explet;
1993 2732 2088 2788 sed
2132 2747 2258 2788 cum
2309 2733 2555 2786 omnium
2582 2731 2824 2786 exterior
2869 2732 3158 2796 consistat,
3207 2729 3336 2785 uni-

43 2835 223 2874 versa
275 2820 523 2890 corporis
573 2820 748 2875 nostri
783 2832 1146 2889 supervacua,
1194 2821 1399 2892 optima
1445 2823 1655 2880 ratione
1710 2826 1922 2897 recipit.
1983 2825 2377 2894 Quamobrem,
2440 2827 2508 2880 ad
2565 2825 2987 2896 respirationem
3042 2826 3334 2881 sudorum-

45 2931 172 2984 que
229 2916 616 2982 excretionem,
685 2914 843 2988 quasi
925 2917 1197 2971 terebrata
1276 2925 1395 2982 est,
1461 2926 1516 2972 ει
1569 2916 1685 2987 ipsa
1715 2921 1963 2975 omnium
2031 2921 2268 2990 partium
2344 2919 2674 2976 imbecillior
2724 2918 2976 2974 habetur.
3027 2915 3139 2971 Nec
3199 2929 3332 2971 vero

47 3005 183 3071 pari
210 3007 405 3062 robore
437 3007 621 3062 omnia
653 3010 900 3065 membra
940 3007 1182 3064 hominis
1240 3007 1466 3078 praedita
1503 3019 1651 3076 sunt,
1691 3011 1784 3066 sed
1857 3012 2033 3083 magis
2081 3011 2426 3083 principalia,
2481 3027 2606 3082 quae
2647 3011 2806 3082 quasi
2850 3010 3115 3081 principia
3169 3023 3322 3079 qua:-

47 3102 190 3156 dam
255 3099 506 3170 corporis
567 3101 872 3168 habentur,
923 3101 1240 3158 robustiora
1303 3099 1642 3173 fortioraque
1691 3119 1722 3159 a
1755 3106 1933 3175 primo
1978 3116 2101 3162 ortu
2165 3107 2468 3162 constituta
2519 3115 2682 3172 sunt,
2712 3115 2774 3162 ut
2801 3122 2869 3163 ex
2925 3107 3336 3178 pinguescentis

63 3195 256 3248 victus
291 3209 393 3247 usu
448 3194 824 3263 prm'enientia
859 3194 1205 3250 incommoda
1247 3193 1560 3264 abigerent,
1607 3204 1662 3250 et
1687 3200 1994 3254 naturalem
2022 3200 2132 3254 vim
2159 3199 2417 3254 tutiorem
2440 3208 2790 3256 conservent.

140 3287 294 3357 Ἔχει
314 3286 370 3339 δέ
386 3287 414 3339 ὁ
439 3285 727 3355 ἄνθρωπος
747 3286 868 3339 καθ’
892 3287 1030 3341 ὅλων
1057 3286 1167 3340 τῶν
1195 3286 1424 3358 μορίων,
1465 3287 1562 3340 καὶ
1588 3288 1637 3340 ἐν

1834 3291 1996 3348 Homo
2042 3301 2224 3347 autem
2267 3291 2321 3346 in
2352 3292 2609 3346 omnibus
2632 3291 2880 3361 corporis
2916 3289 3185 3359 partibus,
3217 3297 3331 3343 tum

51 3383 134 3454 τῇ
189 3378 387 3450 γαστρὶ
433 3379 528 3433 καὶ
561 3379 621 3433 ἐν
670 3382 785 3443 τοῖς
829 3381 1070 3454 ἐντέροις
1111 3379 1372 3452 πιμελὴν,
1412 3379 1530 3434 ἀλλ’
1582 3380 1644 3433 οὐ

55 3475 264 3546 στέαρ⁹
294 3475 378 3528 ὅτι
419 3474 670 3546 διαφέρει
715 3473 925 3546 πιμελὴ
965 3473 1210 3538 στέατος,
1235 3471 1318 3544 τῷ
1345 3471 1446 3542 τὴν
1476 3489 1647 3543 πιμε-

50 3567 168 3640 λὴν
195 3567 531 3638 ψυχομένην,
556 3567 803 3641 ᾅπηκτον
829 3565 1131 3636 διαμένειν,
1163 3565 1226 3618 τὸ
1248 3565 1305 3618 δέ
1328 3568 1497 3636 στέαρ
1531 3565 1649 3636 ἅμα

58 3657 382 3732 πήσσεσθαι
414 3660 484 3723 ³ο,
515 3656 657 3712 ὥστε
683 3658 778 3712 καὶ
810 3655 1149 3730 Θρύπτεσθαι
1169 3673 1184 3687 ο
1211 3657 1294 3710 διὸ
1323 3657 1418 3710 καὶ
1455 3658 1506 3710 oi
1539 3655 1649 3720 ζω-

59 3752 168 3826 μοὶ
197 3751 305 3806 τῶν
337 3752 437 3822 μὲν
469 3749 821 3822 πιμελωδῶν,
868 3751 932 3804 οὐ
971 3751 1279 3822 πήσσονται
1315 3749 1385 3814 ’⁸,
1433 3749 1542 3802 τῶν
1589 3747 1650 3802 δέ

60 3845 388 3902 στεατωδῶν
437 3844 759 3916 πήσσονται,
796 3843 874 3906 ὡς
905 3841 1049 3912 βοὸς,
1089 3842 1266 3912 αἰγὸς,
1307 3841 1404 3895 καὶ
1441 3840 1650 3912 προσά-

56 3957 187 3995 του.
218 3938 543 3992 Συνίσταται
588 3935 648 3989 δέ
682 3937 716 4007 ἡ
756 3933 964 4007 πιμελὴ
1017 3935 1082 3988 ἐκ
1121 3933 1230 3987 τῶν
1253 3933 1313 3986 ἐν
1353 3931 1432 4004 τῷ
1457 3933 1652 4004 αἵματι

61 4031 388 4104 φερομένων
425 4029 724 4090 ἐλαιωδῶν,
749 4029 813 4082 ἐκ
857 4027 967 4082 τῶν
1008 4029 1054 4060 ³⁸
1092 4027 1488 4098 λιπαρωτέρων
1526 4043 1653 4097 τρο-

62 4121 214 4191 φῶν,
246 4120 282 4176 ἃ.
324 4121 383 4174 ἐν
421 4122 536 4184 τοῖς
591 4119 955 4192 ψυχροτέροις
1001 4118 1114 4173 τῶν
1168 4119 1375 4190 μορίων
1419 4115 1654 4182 καθιζά-

63 4231 235 4270 νοντα
267 4214 570 4284 πήγνυνται
607 4212 671 4266 ³³.
727 4211 954 4282 mnu"
986 4211 1042 4266 δὲ
1082 4211 1302 4282 λέγεται
1357 4209 1511 4281 παρὰ
1554 4209 1654 4281 τὴν

66 4303 241 4375 πῆξιν
286 4303 387 4374 τῆς
421 4301 672 4374 τροφῆς·
719 4301 754 4374 ἢ
815 4302 1022 4372 πιμὲλη
1074 4303 1159 4366 τίς
1215 4304 1354 4367 ἐστι,
1401 4300 1553 4371 παρὰ
1588 4299 1653 4354 τὸ

72 4395 344 4450 πιαίνεινο
382 4395 715 4467 ὑγραίνουσα
747 4393 796 4425 ’⁸
833 4394 904 4448 τὰ
961 4394 1100 4466 μέλη
1133 4397 1200 4449 ³⁸.
1270 4394 1330 4448 '0
1376 4393 1435 4448 δὲ
1477 4392 1658 4446 σύνδε-

71 4503 217 4556 σμος
246 4485 558 4557 περίϐλημά
585 4485 703 4538 ἐστι
730 4482 1020 4554 νευρῶδες,
1047 4484 1104 4550 ἐξ
1123 4481 1290 4538 αὐτοῦ
1312 4481 1412 4552 τὴν
1441 4482 1656 4551 γένεσιν

69 4579 218 4650 ἔχων
247 4580 310 4642 ’⁸,
338 4579 476 4649 ὅπερ
505 4577 814 4631 συνδέδεται
837 4578 960 4641 ταῖς
987 4575 1332 4648 ἀρθρώσεσιν
1364 4576 1432 4628 ".

1749 3383 1805 3439 in
1849 3384 1992 3449 alvo,
2041 3393 2156 3438 tum
2217 3382 2272 3437 in
2323 3382 2631 3446 intestinis,
2687 3383 2954 3451 exungia,
2989 3395 3099 3436 non
3151 3391 3334 3436 autem

1749 3491 1882 3533 sevo
1936 3475 2201 3545 praaditus
2262 3483 2367 3529 est.
2427 3472 2564 3528 Nam
2628 3473 2863 3545 exungia
2935 3487 2966 3527 a
3013 3487 3166 3535 sevo,
3231 3473 3338 3529 hoc

1749 3569 2044 3638 discrepat,
2085 3566 2230 3637 quod
2282 3564 2520 3636 exungia
2575 3565 2734 3635 132
2792 3563 3047 3635 quidem,
3097 3564 3336 3634 rigorem

1751 3661 2013 3726 sentiens,
2057 3675 2167 3714 non
2226 3657 2553 3722 concrescit,
2609 3671 2798 3711 sevum
2862 3671 2991 3710 vero
3038 3664 3237 3725 praeter
3283 3655 3339 3712 id

1751 3748 1900 3822 quod
1945 3749 2269 3813 concrescit,
2307 3747 2480 3817 frangi
2531 3747 2698 3802 etiam
2746 3753 2942 3816 potest.
2971 3745 3337 3816 Quapmpter,

1752 3841 2115 3912 exungiosum
2161 3841 2253 3912 jus
2321 3852 2676 3895 concrescere
2738 3838 3055 3908 neutiquam
3122 3846 3338 3908 potest,

1753 3947 2010 3988 sevosum
2031 3946 2177 3994 vero,
2218 3937 2280 3985 ut
2307 3928 2482 3993 bovis,
2516 3927 2666 3999 capri
2695 3935 2749 3984 et
2775 3927 2962 3982 arietis
3013 3928 3338 3984 concrescit.

1755 4024 2035 4095 Siquidem
2083 4021 2340 4092 exungia,
2384 4020 2568 4091 pingui
2615 4035 2684 4074 ex
2734 4019 3039 4076 substantia
3082 4019 3342 4090 quadam,

1755 4129 1878 4185 qua:
1895 4114 1948 4168 in
1966 4110 2460 4184 sanguineest,olei
2478 4109 2896 4166 similitudinem
2912 4123 3023 4180 prae
3037 4124 3096 4163 se
3112 4107 3342 4174 ferente,

1755 4205 2137 4269 constituitur,
2159 4218 2302 4274 quae,
2327 4217 2450 4256 cum
2471 4201 2524 4256 in
2553 4201 2926 4272 frigidioribus
2949 4199 3194 4269 corporis
3216 4214 3346 4268 par-

1759 4297 1904 4353 tibus
1924 4295 2213 4358 consistat,
2230 4308 2341 4347 non
2361 4292 2686 4347 concrescit.
2709 4289 2955 4359 Exungia
2973 4289 3117 4343 enim
3138 4286 3341 4359 πιμελὴ

1757 4404 1788 4444 a
1811 4387 2017 4444 Graecis
2039 4395 2406 4455 nuncupatur,
2434 4383 2588 4455 παρὰ
2615 4383 2678 4436 τὸ
2698 4380 2799 4454 τὴν
2820 4381 2985 4451 πῆξιν
3013 4380 3116 4451 τῆς
3137 4379 3346 4452 τροφῆς

1759 4477 1920 4544 εἶναι,
1950 4477 2096 4549 quod
2123 4477 2241 4548 ipsa
2289 4475 2544 4530 videlicet
2582 4489 2649 4528 ex
2695 4473 2959 4527 alimento
2998 4478 3342 4526 concrescat.

1761 4569 1888 4627 Sive
1917 4570 2028 4624 ἀπὸ
2067 4568 2164 4622 τοῦ
2198 4567 2402 4621 πιαίειν
2432 4605 2448 4630 ,
2486 4565 2633 4635 quod
2680 4562 3053 4618 humectando
3095 4559 3346 4631 corporis

69 4679 282 4744 partes,
311 4685 408 4726 eas
442 4668 766 4742 impinguat,
817 4668 962 4742 quod
991 4668 1066 4723 illi
1107 4667 1231 4722 πίον
1265 4666 1326 4720 τὸ
1378 4664 1608 4737 λιπαρὸν
1665 4663 1868 4734 pingue
1899 4660 2110 4716 dicunt.
2140 4658 2208 4713 At
2247 4658 2604 4728 ligamentum
2643 4656 2697 4710 in
2731 4668 2964 4725 corpore
2996 4661 3224 4720 nostro,
3257 4661 3348 4704 os-

74 4767 225 4823 sium
253 4762 512 4820 obductio
541 4765 816 4836 quaedam,
845 4761 1084 4819 nervalis
1115 4769 1228 4825 est,
1261 4775 1385 4830 qua:
1420 4774 1486 4813 ex
1541 4756 1677 4826 ipsis
1738 4754 1964 4811 ossibus
2028 4750 2445 4823 progeneratur,
2484 4749 2630 4819 quod
2669 4745 3221 4804 dearticulationibus
3261 4746 3348 4800 iu-

73 4861 252 4916 vicem
284 4858 598 4926 copulatur.
623 4855 939 4911 Membrana
963 4867 1113 4917 vero,
1142 4850 1364 4906 nervale
1383 4847 1659 4920 quoddam
1706 4860 1907 4916 corpus
1935 4844 2005 4897 in'
2045 4841 2389 4896 latitudinem
2444 4847 2763 4910 protensum
2797 4844 2902 4893 εει.

163 4957 222 5009 ’0
256 4955 311 5010 δὲ
333 4954 478 5025 ὑμὴν
504 4952 669 5024 σῶμά
694 4955 812 5007 ἐστι
830 4949 1096 5022 νευρῶδες
1126 4946 1301 5000 πλατύ
1323 4963 1336 4977 ο
1379 4946 1413 5016 ἠ
1436 4943 1493 4998 δέ
1521 4942 1657 5014 σὰρξ

1854 4939 1903 4994 lt
1951 4954 2104 5001 caro,
2152 4937 2383 5006 simplex
2431 4943 2726 4990 concretus
2767 4931 2993 5002 sanguis
3039 4938 3142 4997 est,
3191 4927 3351 4999 cujus

76 5050 120 5120 ὴ
147 5047 288 5119 ἁπλῆ
321 5047 368 5079 ³⁸
399 5040 542 5117 αἷμὰ
562 5047 680 5100 ἐστι
709 5042 980 5114 πεπηγός.
1014 5039 1088 5094 Τὸ
1107 5039 1165 5094 δέ
1203 5033 1347 5109 αἷμὰ
1383 5038 1502 5090 ἐστι
1531 5035 1652 5107 θερ-

81 5142 191 5214 μὸν
249 5141 345 5195 καὶ
388 5139 556 5211 ὑγρὸν
594 5138 736 5193 κατὰ
780 5135 1040 5190 σύστασιν
1065 5149 1080 5163 ’
1143 5131 1289 5187 κατὰ
1337 5131 1396 5184 δέ
1468 5129 1657 5198 γεῦσιν

78 5230 255 5303 γλυκύ
277 5247 292 5263 ο
317 5229 471 5303 παρὰ
494 5229 552 5284 δέ
578 5229 640 5283 τὸ
666 5228 812 5284 ιιιοω
843 5225 904 5281 τὸ
935 5225 1082 5281 καίω
1111 5217 1255 5294 αἷμα
1292 5221 1517 5294 ἐκλήθη.
1552 5221 1660 5274 Οὐ-

1763 5031 1983 5104 quidem
2055 5028 2376 5085 constitutio
2434 5027 2646 5094 calida,
2717 5024 3086 5093 humidaque,
3158 5030 3358 5092 gustus“

1764 5141 1896 5182 vero
1940 5125 2116 5180 dulcis
2168 5131 2272 5177 est.
2304 5121 2371 5174 Et
2398 5118 2624 5188 sanguis
2680 5116 2899 5187 quidem
2945 5115 3016 5169 ab
3067 5113 3175 5168 illis
3210 5113 3352 5183 αἴμα

1767 5216 1920 5291 παρὰ
1967 5215 2026 5271 τὸ
2075 5213 2246 5280 diem,
2296 5213 2359 5266 τὸ
2405 5211 2576 5277 καιω,
2630 5225 2661 5264 a
2719 5207 3094 5264 eomburendo
3147 5204 3362 5269 dictus,‘

158 5415 182 5448 ⁹
209 5414 436 5486 παρέχει
462 5414 531 5486 Β.
606 5409 1129 5486 ’έῗᾲποσύρεσθαιιξ
1151 5406 1212 5463 C.
1251 5408 1336 5486 _"f
1369 5406 1514 5486 ῶσπ.
1552 5422 1604 5486 τ.
1631 5402 1968 5486 συνεσχῃκδς
2012 5401 2100 5486 ab“
2113 5399 2277 5486 σῶμα
2299 5397 2420 5486 καλ.⁹
2440 5391 2827 5486 συνδεσμοῦνᾲ
2853 5389 3254 5486 Abigam-PER?

82 5457 590 5555 ὥσπερ
637 5457 1212 5555 ιῖεᾮέἆῖἆᾶυῗῠρῗξ
1667 5475 1729 5529 Α.
1800 5457 2220 5555 figuli-eri
2299 5471 2342 5500 ”
2367 5467 2608 5555 εὐκέλερς
2638 5457 2709 5555 3.;
2743 5457 3349 5555 -1⁸-είσιδέχε;ται’

87 5557 138 5590 ¹⁶
171 5548 620 5628 κατατέρυῌται-Β.
734 5553 777 5585 ιτ
806 5553 1070 5628 κέκτηται
1094 5549 1155 5603 Β.
1200 5548 1213 5614 Ι

87 5643 270 5681 σονται
295 5625 358 5687 Β,
374 5615 492 5679 τῶν
516 5624 574 5678 δὲ
609 5622 925 5678 στεατωδῶν
949 5615 1387 5690 πήσσονταιγοιιί.
1423 5615 1462 5670 Α
1484 5616 1539 5690 ΔΒ
1568 5615 1629 5672 C.

87 5699 140 5751 Β
166 5697 224 5752 Ρ.
331 5698 376 5730 ’⁸
403 5697 634 5764 πιμελαι
681 5697 918 5764 ᾶπηκτοι
949 5707 962 5722 ·
1001 5697 1126 5744 ὅθεν
1181 5697 1276 5743 καὶ
1342 5697 1550 5757 πιμελὴ

90 5771 140 5805 ’τ’
167 5767 284 5837 ἐχον
313 5766 373 5823 Β.
449 5767 494 5800 ¹¹¹
523 5763 923 5838 διαρθρώσεσιν
961 5761 1000 5816 Β
1024 5761 1082 5816 Ρ.
1159 5761 1202 5793 ³⁸
1230 5758 1415 5833 ἁπαλὴ
1443 5758 1480 5812 Β
1521 5756 1578 5812 Ρ.

1287 5547 1329 5579 ιε
1363 5527 1849 5646 ῥωμαλαίότεραιξ
2015 5544 2058 5575 ιε
2087 5542 2144 5608 ἐξ
2181 5539 2435 5622 audax?“
2467 5537 2505 5590 Β
2529 5527 2600 5591 Ροτ
2663 5536 2709 5566 ,ο
2739 5553 2780 5588 π

1287 5635 1387 5672 om.
1423 5620 1462 5670 A
1497 5616 1539 5669 Β
1568 5615 1629 5672 C.
1731 5617 1753 5648 ³
1781 5632 1890 5668 των
1915 5629 2025 5668 om.
2055 5612 2118 5676 Β,
2149 5612 2259 5676 γὰρ
2279 5625 2390 5663 των
2419 5609 2478 5662 Ρ,
2553 5607 2600 5640 aa
2624 5606 2784 5676 ﬁle

1875 5527 1936 5598 Ρ.
2015 5544 2058 5575 ⁸³
2087 5542 2144 5608 ἐξ
2181 5539 2435 5622 ἅπαρχῆς
2467 5537 2505 5590 Β
2529 5527 2600 5591 Ρ(
2663 5536 2709 5566 ’⁵
2739 5527 3099 5618 πήσεσθαῖΒ.
3177 5527 3355 5613 "ﬁtﬁ-

1858 5632 1890 5667 ιν
1915 5629 2025 5668 om.
2055 5612 2118 5676 Β,
2149 5612 2259 5676 γὰρ
2279 5625 2390 5663 των
2419 5609 2478 5662 Ρ.
2553 5607 2600 5640 ’³
2624 5606 2903 5676 πήγνυται
2936 5603 2993 5657 Β.
3023 5600 3114 5676 u”
3223 5613 3355 5676 υγρ.

331 5623 492 5687 uini»)
516 5624 574 5678 δὲ
609 5623 925 5678 στεατωδῶν
949 5623 1251 5690 πήσσονται
1275 5635 1387 5672 uni.
1423 5623 1462 5670 A
1497 5623 1539 5669 B
1568 5623 1629 5672 (.2.
1707 5623 1753 5648 "
1781 5623 1890 5668 τῶν
1915 5629 2025 5668 om.
2055 5623 2118 5679 Β,
2149 5623 2259 5682 γαρ
2279 5625 2390 5663 των
2419 5623 2478 5662 ι’.
2555 5623 2600 5640 ³ο
2624 5623 2903 5676 πηγνυται
2937 5623 2993 5657 η.
3072 5623 3113 5632 ’ν
3143 5623 3180 5666 η
3223 5623 3356 5664 υγρ.

331 5698 376 5730 ’⁸
403 5695 634 5764 πιμελαι
681 5695 918 5764 ἄπηκτοι
949 5692 1126 5764 [ὅθεν
1168 5689 1276 5764 ,καὶ
1342 5687 1555 5764 πιμελῇ
1612 5685 1898 5757 κέκληται,
1955 5686 2021 5738 ἐκ
2060 5682 2154 5737 τοῦ
2205 5685 2326 5736 πῖον
2353 5680 2412 5735 τὸ
2460 5678 2690 5750 λιπαρὸν
2728 5678 2759 5748 ὴ
2820 5676 2943 5746 ὑγρ.
2980 5670 3066 5725 ad?
3095 5669 3230 5741 μέλη
3288 5665 3359 5728 Ρ,
