  <div class='ocr_page' id='page_1' title='image "/cluster/home/n/w/nwhite01/storage/ocr_20150623/64/hvd.32044019207844/677.png"; bbox 0 0 3792 6450; ppageno 0'>
   <div class='ocr_carea' id='block_1_1' title="bbox 396 369 530 426">
    <p class='ocr_par' dir='ltr' id='par_1_1' title="bbox 396 369 530 426">
     <span class='ocr_line' id='line_1_1' title="bbox 396 369 530 426; baseline -0.022 0"><span class='ocrx_word' id='word_1_1' title='bbox 396 369 530 426; x_wconf 69' lang='grc'><strong>1271</strong></span> 
     </span>
    </p>
   </div>
   <div class='ocr_carea' id='block_1_2' title="bbox 1645 357 2279 417">
    <p class='ocr_par' dir='ltr' id='par_1_2' title="bbox 1645 357 2279 417">
     <span class='ocr_line' id='line_1_2' title="bbox 1645 357 2279 417; baseline -0.008 0"><span class='ocrx_word' id='word_1_2' title='bbox 1645 360 1924 417; x_wconf 81' lang='lat' dir='ltr'><strong>MELETII</strong></span> <span class='ocrx_word' id='word_1_3' title='bbox 1965 357 2279 416; x_wconf 71' lang='lat' dir='ltr'><strong>MONACHl</strong></span> 
     </span>
    </p>
   </div>
   <div class='ocr_carea' id='block_1_3' title="bbox 3557 345 3680 398">
    <p class='ocr_par' dir='ltr' id='par_1_3' title="bbox 3557 345 3680 398">
     <span class='ocr_line' id='line_1_3' title="bbox 3557 345 3680 398; baseline 0.016 -2"><span class='ocrx_word' id='word_1_4' title='bbox 3557 345 3680 398; x_wconf 61' lang='lat' dir='ltr'><strong>127i</strong></span> 
     </span>
    </p>
   </div>
   <div class='ocr_carea' id='block_1_4' title="bbox 394 460 2012 555">
    <p class='ocr_par' dir='ltr' id='par_1_4' title="bbox 394 483 2012 555">
     <span class='ocr_line' id='line_1_4' title="bbox 394 483 2012 555; baseline -0.005 -11"><span class='ocrx_word' id='word_1_5' title='bbox 394 490 580 544; x_wconf 81' lang='lat' dir='ltr'><strong>nullus</strong></span> <span class='ocrx_word' id='word_1_6' title='bbox 620 490 766 544; x_wconf 88' lang='lat' dir='ltr'><strong>enim</strong></span> <span class='ocrx_word' id='word_1_7' title='bbox 823 485 1066 543; x_wconf 85' lang='lat' dir='ltr'><strong>omnium</strong></span> <span class='ocrx_word' id='word_1_8' title='bbox 1101 484 1195 555; x_wconf 90' lang='lat' dir='ltr'><strong>qui</strong></span> <span class='ocrx_word' id='word_1_9' title='bbox 1249 484 1301 538; x_wconf 94' lang='lat' dir='ltr'><strong>in</strong></span> <span class='ocrx_word' id='word_1_10' title='bbox 1356 496 1585 553; x_wconf 85' lang='lat' dir='ltr'><strong>corpore</strong></span> <span class='ocrx_word' id='word_1_11' title='bbox 1633 495 1820 537; x_wconf 89' lang='lat' dir='ltr'><strong>nostro</strong></span> <span class='ocrx_word' id='word_1_12' title='bbox 1871 483 2012 543; x_wconf 39' lang='lat' dir='ltr'><strong>hum</strong></span> 
     </span>
    </p>
   </div>
   <div class='ocr_carea' id='block_1_5' title="bbox 2132 460 3684 555">
    <p class='ocr_par' dir='ltr' id='par_1_5' title="bbox 2132 460 3684 555">
     <span class='ocr_line' id='line_1_5' title="bbox 2132 460 3684 555; baseline -0.008 -29"><span class='ocrx_word' id='word_1_13' title='bbox 2132 498 2164 530; x_wconf 45' lang='grc' dir='ltr'>ην</span> <span class='ocrx_word' id='word_1_14' title='bbox 2200 479 2309 548; x_wconf 70' lang='grc' dir='ltr'><strong>γὰρ</strong></span> <span class='ocrx_word' id='word_1_15' title='bbox 2331 476 2439 528; x_wconf 81' lang='grc' dir='ltr'><strong>τῶν</strong></span> <span class='ocrx_word' id='word_1_16' title='bbox 2489 474 2546 525; x_wconf 78' lang='grc' dir='ltr'>ἑν</span> <span class='ocrx_word' id='word_1_17' title='bbox 2589 470 2668 540; x_wconf 80' lang='grc' dir='ltr'>τῷ</span> <span class='ocrx_word' id='word_1_18' title='bbox 2707 469 2922 539; x_wconf 80' lang='grc' dir='ltr'>σώματι</span> <span class='ocrx_word' id='word_1_19' title='bbox 2967 465 3161 538; x_wconf 82' lang='grc' dir='ltr'>χυμῶν</span> <span class='ocrx_word' id='word_1_20' title='bbox 3199 460 3574 555; x_wconf 12' lang='grc' dir='ltr'>θῗιρμδῖιρον</span> <span class='ocrx_word' id='word_1_21' title='bbox 3607 464 3684 515; x_wconf 60' lang='grc' dir='ltr'><strong>τηε</strong></span> 
     </span>
    </p>
   </div>
   <div class='ocr_carea' id='block_1_6' title="bbox 398 577 1975 651">
    <p class='ocr_par' dir='ltr' id='par_1_6' title="bbox 398 577 1975 651">
     <span class='ocr_line' id='line_1_6' title="bbox 398 577 1975 651; baseline -0.007 -11"><span class='ocrx_word' id='word_1_22' title='bbox 398 603 582 640; x_wconf 86' lang='lat' dir='ltr'><strong>mores</strong></span> <span class='ocrx_word' id='word_1_23' title='bbox 623 593 786 649; x_wconf 90' lang='lat' dir='ltr'><strong>sunt,</strong></span> <span class='ocrx_word' id='word_1_24' title='bbox 831 581 1098 651; x_wconf 75' lang='lat' dir='ltr'><strong>sanguine</strong></span> <span class='ocrx_word' id='word_1_25' title='bbox 1154 579 1380 634; x_wconf 78' lang='lat' dir='ltr'><strong>calidior</strong></span> <span class='ocrx_word' id='word_1_26' title='bbox 1441 578 1688 633; x_wconf 88' lang='lat' dir='ltr'><strong>habetur.</strong></span> <span class='ocrx_word' id='word_1_27' title='bbox 1750 579 1808 631; x_wconf 90' lang='lat' dir='ltr'><strong>ln</strong></span> <span class='ocrx_word' id='word_1_28' title='bbox 1851 577 1975 647; x_wconf 72' lang='lat' dir='ltr'><strong>qui-</strong></span> 
     </span>
    </p>
   </div>
   <div class='ocr_carea' id='block_1_7' title="bbox 399 667 1976 741">
    <p class='ocr_par' dir='ltr' id='par_1_7' title="bbox 399 667 1976 741">
     <span class='ocr_line' id='line_1_7' title="bbox 399 667 1976 741; baseline -0.005 -11"><span class='ocrx_word' id='word_1_29' title='bbox 399 676 502 730; x_wconf 88' lang='lat' dir='ltr'><strong>bus</strong></span> <span class='ocrx_word' id='word_1_30' title='bbox 536 673 682 728; x_wconf 89' lang='lat' dir='ltr'><strong>enim</strong></span> <span class='ocrx_word' id='word_1_31' title='bbox 734 671 957 741; x_wconf 77' lang='lat' dir='ltr'><strong>sanguis</strong></span> <span class='ocrx_word' id='word_1_32' title='bbox 1015 670 1312 734; x_wconf 78' lang='lat' dir='ltr'><strong>exuberat,</strong></span> <span class='ocrx_word' id='word_1_33' title='bbox 1358 683 1547 722; x_wconf 87' lang='lat' dir='ltr'><strong>eorum</strong></span> <span class='ocrx_word' id='word_1_34' title='bbox 1574 668 1746 736; x_wconf 82' lang='lat' dir='ltr'><strong>magis</strong></span> <span class='ocrx_word' id='word_1_35' title='bbox 1786 667 1976 722; x_wconf 81' lang='lat' dir='ltr'><strong>hilaris</strong></span> 
     </span>
    </p>
   </div>
   <div class='ocr_carea' id='block_1_8' title="bbox 401 759 1975 843">
    <p class='ocr_par' dir='ltr' id='par_1_8' title="bbox 401 759 1975 843">
     <span class='ocr_line' id='line_1_8' title="bbox 401 759 1975 843; baseline -0.004 -24"><span class='ocrx_word' id='word_1_36' title='bbox 401 767 614 820; x_wconf 87' lang='lat' dir='ltr'><strong>animus</strong></span> <span class='ocrx_word' id='word_1_37' title='bbox 659 763 924 843; x_wconf 81' lang='lat' dir='ltr'><strong>redditur.</strong></span> <span class='ocrx_word' id='word_1_38' title='bbox 974 760 1139 816; x_wconf 86' lang='lat' dir='ltr'><strong>Flava</strong></span> <span class='ocrx_word' id='word_1_39' title='bbox 1196 776 1326 814; x_wconf 88' lang='lat' dir='ltr'><strong>vero</strong></span> <span class='ocrx_word' id='word_1_40' title='bbox 1390 759 1516 815; x_wconf 87' lang='lat' dir='ltr'><strong>bilis</strong></span> <span class='ocrx_word' id='word_1_41' title='bbox 1567 759 1975 814; x_wconf 91' lang='lat' dir='ltr'><strong>concitatiorem</strong></span> 
     </span>
    </p>
   </div>
   <div class='ocr_carea' id='block_1_9' title="bbox 401 853 1980 927">
    <p class='ocr_par' dir='ltr' id='par_1_9' title="bbox 401 853 1980 927">
     <span class='ocr_line' id='line_1_9' title="bbox 401 853 1980 927; baseline -0.003 -15"><span class='ocrx_word' id='word_1_42' title='bbox 401 857 860 927; x_wconf 87' lang='lat' dir='ltr'><strong>audacioremque</strong></span> <span class='ocrx_word' id='word_1_43' title='bbox 911 854 1074 918; x_wconf 81' lang='lat' dir='ltr'><strong>facit,</strong></span> <span class='ocrx_word' id='word_1_44' title='bbox 1118 855 1210 909; x_wconf 90' lang='lat' dir='ltr'><strong>sed</strong></span> <span class='ocrx_word' id='word_1_45' title='bbox 1274 863 1425 916; x_wconf 89' lang='lat' dir='ltr'><strong>atra,</strong></span> <span class='ocrx_word' id='word_1_46' title='bbox 1487 853 1868 908; x_wconf 86' lang='lat' dir='ltr'><strong>modestiorem</strong></span> <span class='ocrx_word' id='word_1_47' title='bbox 1915 868 1980 908; x_wconf 89' lang='lat' dir='ltr'><strong>ac</strong></span> 
     </span>
    </p>
   </div>
   <div class='ocr_carea' id='block_1_10' title="bbox 403 945 1980 1017">
    <p class='ocr_par' dir='ltr' id='par_1_10' title="bbox 403 945 1980 1017">
     <span class='ocr_line' id='line_1_10' title="bbox 403 945 1980 1017; baseline -0.004 -12"><span class='ocrx_word' id='word_1_48' title='bbox 403 947 774 1013; x_wconf 86' lang='lat' dir='ltr'><strong>stabiliorem;</strong></span> <span class='ocrx_word' id='word_1_49' title='bbox 829 957 886 1002; x_wconf 89' lang='lat' dir='ltr'><strong>at</strong></span> <span class='ocrx_word' id='word_1_50' title='bbox 939 947 1171 1017; x_wconf 83' lang='lat' dir='ltr'><strong>pituita,</strong></span> <span class='ocrx_word' id='word_1_51' title='bbox 1229 946 1403 1014; x_wconf 83' lang='lat' dir='ltr'><strong>magis</strong></span> <span class='ocrx_word' id='word_1_52' title='bbox 1489 945 1745 1003; x_wconf 87' lang='lat' dir='ltr'><strong>inertem.</strong></span> <span class='ocrx_word' id='word_1_53' title='bbox 1817 951 1980 1014; x_wconf 86' lang='lat' dir='ltr'><strong>atque</strong></span> 
     </span>
    </p>
   </div>
   <div class='ocr_carea' id='block_1_11' title="bbox 403 1034 1983 1106">
    <p class='ocr_par' dir='ltr' id='par_1_11' title="bbox 403 1034 1983 1106">
     <span class='ocr_line' id='line_1_11' title="bbox 403 1034 1983 1106; baseline -0.003 -14"><span class='ocrx_word' id='word_1_54' title='bbox 403 1053 657 1106; x_wconf 85' lang='lat' dir='ltr'><strong>asperum</strong></span> <span class='ocrx_word' id='word_1_55' title='bbox 697 1035 859 1092; x_wconf 76' lang='lat' dir='ltr'><strong>eﬂicit</strong></span> <span class='ocrx_word' id='word_1_56' title='bbox 916 1055 930 1090; x_wconf 87' lang='lat'><strong>:</strong></span> <span class='ocrx_word' id='word_1_57' title='bbox 989 1037 1298 1106; x_wconf 88' lang='lat' dir='ltr'><strong>siquidem,</strong></span> <span class='ocrx_word' id='word_1_58' title='bbox 1348 1034 1576 1104; x_wconf 87' lang='lat' dir='ltr'><strong>pituita,</strong></span> <span class='ocrx_word' id='word_1_59' title='bbox 1627 1036 1678 1088; x_wconf 91' lang='lat' dir='ltr'><strong>in</strong></span> <span class='ocrx_word' id='word_1_60' title='bbox 1725 1035 1807 1089; x_wconf 94' lang='lat' dir='ltr'><strong>sui</strong></span> <span class='ocrx_word' id='word_1_61' title='bbox 1851 1051 1983 1090; x_wconf 87' lang='lat' dir='ltr'><strong>cou-</strong></span> 
     </span>
    </p>
   </div>
   <div class='ocr_carea' id='block_1_12' title="bbox 404 1128 1981 1198">
    <p class='ocr_par' dir='ltr' id='par_1_12' title="bbox 404 1128 1981 1198">
     <span class='ocr_line' id='line_1_12' title="bbox 404 1128 1981 1198; baseline -0.002 -13"><span class='ocrx_word' id='word_1_62' title='bbox 404 1130 708 1194; x_wconf 86' lang='lat' dir='ltr'><strong>stitutione,</strong></span> <span class='ocrx_word' id='word_1_63' title='bbox 749 1130 963 1184; x_wconf 87' lang='lat' dir='ltr'><strong>modice</strong></span> <span class='ocrx_word' id='word_1_64' title='bbox 989 1131 1380 1184; x_wconf 75' lang='lat' dir='ltr'><strong>crassescentis</strong></span> <span class='ocrx_word' id='word_1_65' title='bbox 1411 1128 1684 1198; x_wconf 83' lang='lat' dir='ltr'><strong>qualitatis</strong></span> <span class='ocrx_word' id='word_1_66' title='bbox 1715 1139 1768 1182; x_wconf 90' lang='lat' dir='ltr'><strong>et</strong></span> <span class='ocrx_word' id='word_1_67' title='bbox 1818 1137 1981 1198; x_wconf 86' lang='lat' dir='ltr'><strong>gustu</strong></span> 
     </span>
    </p>
   </div>
   <div class='ocr_carea' id='block_1_13' title="bbox 406 1218 1982 1291">
    <p class='ocr_par' dir='ltr' id='par_1_13' title="bbox 406 1218 1982 1291">
     <span class='ocr_line' id='line_1_13' title="bbox 406 1218 1982 1291; baseline -0.003 -15"><span class='ocrx_word' id='word_1_68' title='bbox 406 1221 751 1291; x_wconf 86' lang='lat' dir='ltr'><strong>salsuginosa</strong></span> <span class='ocrx_word' id='word_1_69' title='bbox 803 1221 1053 1276; x_wconf 88' lang='lat' dir='ltr'><strong>habetur.</strong></span> <span class='ocrx_word' id='word_1_70' title='bbox 1120 1218 1282 1273; x_wconf 82' lang='lat' dir='ltr'><strong>Flava</strong></span> <span class='ocrx_word' id='word_1_71' title='bbox 1329 1234 1461 1273; x_wconf 86' lang='lat' dir='ltr'><strong>vero</strong></span> <span class='ocrx_word' id='word_1_72' title='bbox 1522 1219 1647 1273; x_wconf 83' lang='lat' dir='ltr'><strong>bilis</strong></span> <span class='ocrx_word' id='word_1_73' title='bbox 1698 1219 1871 1288; x_wconf 82' lang='lat' dir='ltr'><strong>magis</strong></span> <span class='ocrx_word' id='word_1_74' title='bbox 1902 1229 1982 1272; x_wconf 89' lang='lat' dir='ltr'><strong>te-</strong></span> 
     </span>
    </p>
   </div>
   <div class='ocr_carea' id='block_1_14' title="bbox 407 1310 1983 1378">
    <p class='ocr_par' dir='ltr' id='par_1_14' title="bbox 407 1310 1983 1378">
     <span class='ocr_line' id='line_1_14' title="bbox 407 1310 1983 1378; baseline 0.001 -14"><span class='ocrx_word' id='word_1_75' title='bbox 407 1326 568 1365; x_wconf 89' lang='lat' dir='ltr'><strong>nuem</strong></span> <span class='ocrx_word' id='word_1_76' title='bbox 629 1310 1075 1365; x_wconf 79' lang='lat' dir='ltr'><strong>constitutionem</strong></span> <span class='ocrx_word' id='word_1_77' title='bbox 1122 1321 1175 1364; x_wconf 91' lang='lat' dir='ltr'><strong>et</strong></span> <span class='ocrx_word' id='word_1_78' title='bbox 1227 1319 1385 1378; x_wconf 83' lang='lat' dir='ltr'><strong>gustu</strong></span> <span class='ocrx_word' id='word_1_79' title='bbox 1419 1310 1838 1365; x_wconf 86' lang='lat' dir='ltr'><strong>amaritudinem</strong></span> <span class='ocrx_word' id='word_1_80' title='bbox 1865 1325 1983 1366; x_wconf 86' lang='lat' dir='ltr'><strong>sor-</strong></span> 
     </span>
    </p>
   </div>
   <div class='ocr_carea' id='block_1_15' title="bbox 411 1400 1984 1470">
    <p class='ocr_par' dir='ltr' id='par_1_15' title="bbox 411 1400 1984 1470">
     <span class='ocr_line' id='line_1_15' title="bbox 411 1400 1984 1470; baseline 0.002 -17"><span class='ocrx_word' id='word_1_81' title='bbox 411 1401 509 1455; x_wconf 89' lang='lat' dir='ltr'><strong>tita</strong></span> <span class='ocrx_word' id='word_1_82' title='bbox 555 1409 661 1455; x_wconf 89' lang='lat' dir='ltr'><strong>est.</strong></span> <span class='ocrx_word' id='word_1_83' title='bbox 722 1400 855 1454; x_wconf 83' lang='lat' dir='ltr'><strong>Atra</strong></span> <span class='ocrx_word' id='word_1_84' title='bbox 909 1409 1088 1454; x_wconf 88' lang='lat' dir='ltr'><strong>autem</strong></span> <span class='ocrx_word' id='word_1_85' title='bbox 1132 1402 1433 1455; x_wconf 85' lang='lat' dir='ltr'><strong>acescentis</strong></span> <span class='ocrx_word' id='word_1_86' title='bbox 1472 1409 1698 1470; x_wconf 80' lang='lat' dir='ltr'><strong>gustus,</strong></span> <span class='ocrx_word' id='word_1_87' title='bbox 1729 1403 1813 1455; x_wconf 89' lang='lat' dir='ltr'><strong>sui</strong></span> <span class='ocrx_word' id='word_1_88' title='bbox 1854 1417 1984 1456; x_wconf 83' lang='lat' dir='ltr'><strong>vero</strong></span> 
     </span>
    </p>
   </div>
   <div class='ocr_carea' id='block_1_16' title="bbox 407 1492 1986 1564">
    <p class='ocr_par' dir='ltr' id='par_1_16' title="bbox 407 1492 1986 1564">
     <span class='ocr_line' id='line_1_16' title="bbox 407 1492 1986 1564; baseline 0.001 -15"><span class='ocrx_word' id='word_1_89' title='bbox 407 1493 818 1558; x_wconf 86' lang='lat' dir='ltr'><strong>constitutione,</strong></span> <span class='ocrx_word' id='word_1_90' title='bbox 851 1492 918 1546; x_wconf 89' lang='lat' dir='ltr'><strong>ad</strong></span> <span class='ocrx_word' id='word_1_91' title='bbox 951 1507 1194 1546; x_wconf 87' lang='lat' dir='ltr'><strong>crassam</strong></span> <span class='ocrx_word' id='word_1_92' title='bbox 1224 1493 1398 1562; x_wconf 87' lang='lat' dir='ltr'><strong>magis</strong></span> <span class='ocrx_word' id='word_1_93' title='bbox 1439 1503 1782 1564; x_wconf 83' lang='lat' dir='ltr'><strong>terreamque</strong></span> <span class='ocrx_word' id='word_1_94' title='bbox 1823 1505 1986 1549; x_wconf 89' lang='lat' dir='ltr'><strong>natu-</strong></span> 
     </span>
    </p>
   </div>
   <div class='ocr_carea' id='block_1_17' title="bbox 409 1581 1982 1653">
    <p class='ocr_par' dir='ltr' id='par_1_17' title="bbox 409 1581 1982 1653">
     <span class='ocr_line' id='line_1_17' title="bbox 409 1581 1982 1653; baseline 0.004 -16"><span class='ocrx_word' id='word_1_95' title='bbox 409 1599 526 1640; x_wconf 87' lang='lat' dir='ltr'><strong>ram</strong></span> <span class='ocrx_word' id='word_1_96' title='bbox 557 1583 813 1639; x_wconf 87' lang='lat' dir='ltr'><strong>declinat.</strong></span> <span class='ocrx_word' id='word_1_97' title='bbox 861 1581 926 1636; x_wconf 90' lang='lat' dir='ltr'><strong>Et</strong></span> <span class='ocrx_word' id='word_1_98' title='bbox 983 1584 1208 1653; x_wconf 84' lang='lat' dir='ltr'><strong>sanguis</strong></span> <span class='ocrx_word' id='word_1_99' title='bbox 1267 1584 1485 1652; x_wconf 90' lang='lat' dir='ltr'><strong>quidem</strong></span> <span class='ocrx_word' id='word_1_100' title='bbox 1551 1586 1703 1640; x_wconf 89' lang='lat' dir='ltr'><strong>rubei</strong></span> <span class='ocrx_word' id='word_1_101' title='bbox 1744 1587 1982 1651; x_wconf 90' lang='lat' dir='ltr'><strong>coloris;</strong></span> 
     </span>
    </p>
   </div>
   <div class='ocr_carea' id='block_1_18' title="bbox 410 1673 1985 1744">
    <p class='ocr_par' dir='ltr' id='par_1_18' title="bbox 410 1673 1985 1744">
     <span class='ocr_line' id='line_1_18' title="bbox 410 1673 1985 1744; baseline 0.003 -17"><span class='ocrx_word' id='word_1_102' title='bbox 410 1675 604 1744; x_wconf 87' lang='lat' dir='ltr'><strong>pituita</strong></span> <span class='ocrx_word' id='word_1_103' title='bbox 665 1674 820 1736; x_wconf 88' lang='lat' dir='ltr'><strong>alba,</strong></span> <span class='ocrx_word' id='word_1_104' title='bbox 875 1675 1011 1728; x_wconf 71' lang='lat' dir='ltr'><strong>tiara</strong></span> <span class='ocrx_word' id='word_1_105' title='bbox 1066 1673 1193 1728; x_wconf 85' lang='lat' dir='ltr'><strong>bilis</strong></span> <span class='ocrx_word' id='word_1_106' title='bbox 1263 1674 1604 1743; x_wconf 87' lang='lat' dir='ltr'><strong>pallescens,</strong></span> <span class='ocrx_word' id='word_1_107' title='bbox 1673 1685 1791 1731; x_wconf 89' lang='lat' dir='ltr'><strong>atra</strong></span> <span class='ocrx_word' id='word_1_108' title='bbox 1857 1692 1985 1732; x_wconf 88' lang='lat' dir='ltr'><strong>vero</strong></span> 
     </span>
    </p>
   </div>
   <div class='ocr_carea' id='block_1_19' title="bbox 413 1763 1985 1838">
    <p class='ocr_par' dir='ltr' id='par_1_19' title="bbox 413 1763 1985 1838">
     <span class='ocr_line' id='line_1_19' title="bbox 413 1763 1985 1838; baseline 0.003 -20"><span class='ocrx_word' id='word_1_109' title='bbox 413 1765 566 1830; x_wconf 78' lang='lat' dir='ltr'><strong>nigra</strong></span> <span class='ocrx_word' id='word_1_110' title='bbox 604 1774 704 1818; x_wconf 90' lang='lat' dir='ltr'><strong>est.</strong></span> <span class='ocrx_word' id='word_1_111' title='bbox 752 1763 817 1817; x_wconf 81' lang='lat' dir='ltr'><strong>lli</strong></span> <span class='ocrx_word' id='word_1_112' title='bbox 851 1774 1031 1818; x_wconf 88' lang='lat' dir='ltr'><strong>autem</strong></span> <span class='ocrx_word' id='word_1_113' title='bbox 1068 1765 1327 1819; x_wconf 90' lang='lat' dir='ltr'><strong>humores</strong></span> <span class='ocrx_word' id='word_1_114' title='bbox 1355 1767 1569 1837; x_wconf 80' lang='lat' dir='ltr'><strong>cognati</strong></span> <span class='ocrx_word' id='word_1_115' title='bbox 1597 1781 1720 1821; x_wconf 90' lang='lat' dir='ltr'><strong>cum</strong></span> <span class='ocrx_word' id='word_1_116' title='bbox 1758 1783 1985 1838; x_wconf 89' lang='lat' dir='ltr'><strong>corpore</strong></span> 
     </span>
    </p>
   </div>
   <div class='ocr_carea' id='block_1_20' title="bbox 2078 549 3688 639">
    <p class='ocr_par' dir='ltr' id='par_1_20' title="bbox 2078 549 3688 639">
     <span class='ocr_line' id='line_1_20' title="bbox 2078 549 3688 639; baseline -0.012 -16"><span class='ocrx_word' id='word_1_117' title='bbox 2078 571 2312 639; x_wconf 79' lang='grc' dir='ltr'>αἵματος</span> <span class='ocrx_word' id='word_1_118' title='bbox 2345 565 2482 620; x_wconf 74' lang='grc' dir='ltr'>ἐστί.</span> <span class='ocrx_word' id='word_1_119' title='bbox 2514 562 2870 634; x_wconf 84' lang='grc' dir='ltr'>Ὶλαρωτέραν</span> <span class='ocrx_word' id='word_1_120' title='bbox 2891 561 2948 613; x_wconf 71' lang='grc' dir='ltr'>δὶ</span> <span class='ocrx_word' id='word_1_121' title='bbox 2976 559 3076 628; x_wconf 76' lang='grc' dir='ltr'><strong>τὴν</strong></span> <span class='ocrx_word' id='word_1_122' title='bbox 3104 554 3295 625; x_wconf 77' lang='grc' dir='ltr'>ψυχὴν</span> <span class='ocrx_word' id='word_1_123' title='bbox 3319 549 3510 604; x_wconf 68' lang='grc' dir='ltr'>τοῦτο</span> <span class='ocrx_word' id='word_1_124' title='bbox 3541 552 3688 620; x_wconf 67' lang='grc' dir='ltr'>ἔργά-</span> 
     </span>
    </p>
   </div>
   <div class='ocr_carea' id='block_1_21' title="bbox 2079 645 3691 726">
    <p class='ocr_par' dir='ltr' id='par_1_21' title="bbox 2079 645 3691 726">
     <span class='ocr_line' id='line_1_21' title="bbox 2079 645 3691 726; baseline -0.012 -10"><span class='ocrx_word' id='word_1_125' title='bbox 2079 664 2255 726; x_wconf 79' lang='grc' dir='ltr'>ζεται,</span> <span class='ocrx_word' id='word_1_126' title='bbox 2292 663 2349 714; x_wconf 84' lang='grc' dir='ltr'>ὲν</span> <span class='ocrx_word' id='word_1_127' title='bbox 2382 654 2465 724; x_wconf 73' lang='grc' dir='ltr'><strong>οἷς</strong></span> <span class='ocrx_word' id='word_1_128' title='bbox 2497 656 2818 720; x_wconf 78' lang='grc' dir='ltr'>πλεονάζει·</span> <span class='ocrx_word' id='word_1_129' title='bbox 2862 656 2895 722; x_wconf 84' lang='grc' dir='ltr'><strong>ἡ</strong></span> <span class='ocrx_word' id='word_1_130' title='bbox 2923 651 2980 705; x_wconf 81' lang='grc' dir='ltr'>δὲ</span> <span class='ocrx_word' id='word_1_131' title='bbox 3020 645 3406 718; x_wconf 78' lang='grc' dir='ltr'>ξανθὴ,χολὴ,</span> <span class='ocrx_word' id='word_1_132' title='bbox 3437 648 3691 710; x_wconf 50' lang='grc' dir='ltr'>γοφτεο</span> 
     </span>
    </p>
   </div>
   <div class='ocr_carea' id='block_1_22' title="bbox 2082 733 3695 826">
    <p class='ocr_par' dir='ltr' id='par_1_22' title="bbox 2082 733 3695 826">
     <span class='ocr_line' id='line_1_22' title="bbox 2082 733 3695 826; baseline -0.014 -17"><span class='ocrx_word' id='word_1_133' title='bbox 2082 774 2182 826; x_wconf 86' lang='grc' dir='ltr'>ραν</span> <span class='ocrx_word' id='word_1_134' title='bbox 2216 755 2248 826; x_wconf 89' lang='grc' dir='ltr'>ἢ</span> <span class='ocrx_word' id='word_1_135' title='bbox 2282 751 2626 823; x_wconf 78' lang='grc' dir='ltr'><strong>θρασυτέραν</strong></span> <span class='ocrx_word' id='word_1_136' title='bbox 2647 751 2691 782; x_wconf 82' lang='grc'><strong>²⁹</strong></span> <span class='ocrx_word' id='word_1_137' title='bbox 2714 765 2728 779; x_wconf 78' lang='grc'><strong><em>⁸</em></strong></span> <span class='ocrx_word' id='word_1_138' title='bbox 2764 749 2797 818; x_wconf 85' lang='grc' dir='ltr'>ὴ</span> <span class='ocrx_word' id='word_1_139' title='bbox 2827 747 2884 800; x_wconf 80' lang='grc' dir='ltr'>δὲ</span> <span class='ocrx_word' id='word_1_140' title='bbox 2921 745 3176 816; x_wconf 77' lang='grc' dir='ltr'>μέλαινα,</span> <span class='ocrx_word' id='word_1_141' title='bbox 3215 733 3590 808; x_wconf 65' lang='grc' dir='ltr'>σεμνοτέραν</span> 
     </span>
    </p>
   </div>
   <div class='ocr_carea' id='block_1_23' title="bbox 2080 830 3692 918">
    <p class='ocr_par' dir='ltr' id='par_1_23' title="bbox 2080 830 3692 918">
     <span class='ocr_line' id='line_1_23' title="bbox 2080 830 3692 918; baseline -0.012 -17"><span class='ocrx_word' id='word_1_142' title='bbox 2080 846 2506 918; x_wconf 81' lang='grc' dir='ltr'>εὐσθενεστέραν</span> <span class='ocrx_word' id='word_1_143' title='bbox 2548 859 2561 874; x_wconf 88' lang='grc'><strong>·</strong></span> <span class='ocrx_word' id='word_1_144' title='bbox 2604 843 2666 895; x_wconf 79' lang='grc' dir='ltr'>τὸ</span> <span class='ocrx_word' id='word_1_145' title='bbox 2709 841 2766 895; x_wconf 80' lang='grc' dir='ltr'>δὲ</span> <span class='ocrx_word' id='word_1_146' title='bbox 2810 839 3056 909; x_wconf 82' lang='grc' dir='ltr'>φλέγμα,</span> <span class='ocrx_word' id='word_1_147' title='bbox 3104 830 3572 906; x_wconf 76' lang='grc' dir='ltr'>ἀργωδεστέραν</span> <span class='ocrx_word' id='word_1_148' title='bbox 3615 833 3692 881; x_wconf 62' lang='grc' dir='ltr'><strong>καὶ</strong></span> 
     </span>
    </p>
   </div>
   <div class='ocr_carea' id='block_1_24' title="bbox 2083 919 3694 1010">
    <p class='ocr_par' dir='ltr' id='par_1_24' title="bbox 2083 919 3694 1010">
     <span class='ocr_line' id='line_1_24' title="bbox 2083 919 3694 1010; baseline -0.012 -18"><span class='ocrx_word' id='word_1_149' title='bbox 2083 938 2585 1010; x_wconf 81' lang='grc' dir='ltr'>σκληρωδεστὲραν.</span> <span class='ocrx_word' id='word_1_150' title='bbox 2631 935 2788 988; x_wconf 82' lang='grc' dir='ltr'>Ἐστι</span> <span class='ocrx_word' id='word_1_151' title='bbox 2843 933 2902 986; x_wconf 85' lang='grc' dir='ltr'>δὲ</span> <span class='ocrx_word' id='word_1_152' title='bbox 2947 931 3010 984; x_wconf 82' lang='grc' dir='ltr'>τὸ</span> <span class='ocrx_word' id='word_1_153' title='bbox 3069 928 3304 998; x_wconf 77' lang='grc' dir='ltr'>φλέγμα</span> <span class='ocrx_word' id='word_1_154' title='bbox 3352 919 3694 988; x_wconf 59' lang='grc' dir='ltr'>συμμέτρως</span> 
     </span>
    </p>
   </div>
   <div class='ocr_carea' id='block_1_25' title="bbox 2083 1012 3688 1102">
    <p class='ocr_par' dir='ltr' id='par_1_25' title="bbox 2083 1012 3688 1102">
     <span class='ocr_line' id='line_1_25' title="bbox 2083 1012 3688 1102; baseline -0.015 -16"><span class='ocrx_word' id='word_1_155' title='bbox 2083 1033 2229 1102; x_wconf 79' lang='grc' dir='ltr'>παχὺ</span> <span class='ocrx_word' id='word_1_156' title='bbox 2267 1031 2408 1084; x_wconf 87' lang='grc' dir='ltr'><strong>κατά</strong></span> <span class='ocrx_word' id='word_1_157' title='bbox 2466 1029 2728 1082; x_wconf 84' lang='grc' dir='ltr'>σύστασιν</span> <span class='ocrx_word' id='word_1_158' title='bbox 2757 1067 2772 1091; x_wconf 86' lang='grc'><strong>,</strong></span> <span class='ocrx_word' id='word_1_159' title='bbox 2818 1025 3060 1094; x_wconf 81' lang='grc' dir='ltr'>ἁλμυρὸν</span> <span class='ocrx_word' id='word_1_160' title='bbox 3114 1021 3175 1074; x_wconf 77' lang='grc' dir='ltr'>δὲ</span> <span class='ocrx_word' id='word_1_161' title='bbox 3214 1016 3369 1071; x_wconf 75' lang='grc' dir='ltr'>κατὰ</span> <span class='ocrx_word' id='word_1_162' title='bbox 3411 1012 3688 1080; x_wconf 71' lang='grc' dir='ltr'>γεῦσιν³⁸.</span> 
     </span>
    </p>
   </div>
   <div class='ocr_carea' id='block_1_26' title="bbox 2093 1105 3692 1193">
    <p class='ocr_par' dir='ltr' id='par_1_26' title="bbox 2093 1105 3692 1193">
     <span class='ocr_line' id='line_1_26' title="bbox 2093 1105 3692 1193; baseline -0.034 13"><span class='ocrx_word' id='word_1_163' title='bbox 2093 1126 2156 1178; x_wconf 76' lang='grc' dir='ltr'><em>Ἥ</em></span> <span class='ocrx_word' id='word_1_164' title='bbox 2208 1123 2267 1176; x_wconf 66' lang='grc' dir='ltr'><strong>δὲ</strong></span> <span class='ocrx_word' id='word_1_165' title='bbox 2296 1122 2462 1193; x_wconf 70' lang='grc' dir='ltr'>ξανθὴ</span> <span class='ocrx_word' id='word_1_166' title='bbox 2517 1121 2668 1193; x_wconf 73' lang='grc' dir='ltr'>χολὴ.</span> <span class='ocrx_word' id='word_1_167' title='bbox 2705 1117 3008 1188; x_wconf 74' lang='grc' dir='ltr'>λεπτοτέρα</span> <span class='ocrx_word' id='word_1_168' title='bbox 3061 1131 3122 1167; x_wconf 87' lang='grc' dir='ltr'><strong>τε</strong></span> <span class='ocrx_word' id='word_1_169' title='bbox 3179 1111 3285 1166; x_wconf 69' lang='grc' dir='ltr'><strong>καὶ</strong></span> <span class='ocrx_word' id='word_1_170' title='bbox 3320 1107 3488 1162; x_wconf 64' lang='grc' dir='ltr'>κατὰ</span> <span class='ocrx_word' id='word_1_171' title='bbox 3525 1105 3692 1170; x_wconf 62' lang='grc' dir='ltr'><strong>γεῦπν</strong></span> 
     </span>
    </p>
   </div>
   <div class='ocr_carea' id='block_1_27' title="bbox 2087 1197 3688 1287">
    <p class='ocr_par' dir='ltr' id='par_1_27' title="bbox 2087 1197 3688 1287">
     <span class='ocr_line' id='line_1_27' title="bbox 2087 1197 3688 1287; baseline -0.021 -10"><span class='ocrx_word' id='word_1_172' title='bbox 2087 1217 2290 1287; x_wconf 72' lang='grc' dir='ltr'>πικρά·</span> <span class='ocrx_word' id='word_1_173' title='bbox 2337 1218 2370 1284; x_wconf 81' lang='grc' dir='ltr'><strong>ή</strong></span> <span class='ocrx_word' id='word_1_174' title='bbox 2415 1215 2471 1267; x_wconf 80' lang='grc' dir='ltr'><strong>δὲ</strong></span> <span class='ocrx_word' id='word_1_175' title='bbox 2517 1214 2764 1284; x_wconf 78' lang='grc' dir='ltr'>μέλαινα,</span> <span class='ocrx_word' id='word_1_176' title='bbox 2819 1209 2968 1274; x_wconf 77' lang='grc' dir='ltr'>ὀξεῖα</span> <span class='ocrx_word' id='word_1_177' title='bbox 3029 1208 3129 1273; x_wconf 80' lang='grc' dir='ltr'>μὲν</span> <span class='ocrx_word' id='word_1_178' title='bbox 3188 1203 3347 1258; x_wconf 72' lang='grc' dir='ltr'>κατὰ</span> <span class='ocrx_word' id='word_1_179' title='bbox 3406 1197 3615 1267; x_wconf 71' lang='grc' dir='ltr'>γεῦςιν</span> <span class='ocrx_word' id='word_1_180' title='bbox 3641 1199 3688 1258; x_wconf 61' lang='grc' dir='ltr'><strong>ι’,</strong></span> 
     </span>
    </p>
   </div>
   <div class='ocr_carea' id='block_1_28' title="bbox 2085 1291 3686 1380">
    <p class='ocr_par' dir='ltr' id='par_1_28' title="bbox 2085 1291 3686 1380">
     <span class='ocr_line' id='line_1_28' title="bbox 2085 1291 3686 1380; baseline -0.015 -17"><span class='ocrx_word' id='word_1_181' title='bbox 2085 1312 2286 1380; x_wconf 80' lang='grc' dir='ltr'>παχεῖα</span> <span class='ocrx_word' id='word_1_182' title='bbox 2318 1308 2374 1361; x_wconf 80' lang='grc' dir='ltr'>δὲ</span> <span class='ocrx_word' id='word_1_183' title='bbox 2405 1309 2549 1360; x_wconf 82' lang='grc' dir='ltr'><strong>κατά</strong></span> <span class='ocrx_word' id='word_1_184' title='bbox 2583 1305 2865 1366; x_wconf 80' lang='grc' dir='ltr'>σύστασιν,</span> <span class='ocrx_word' id='word_1_185' title='bbox 2902 1301 2998 1354; x_wconf 68' lang='grc' dir='ltr'>καὶ</span> <span class='ocrx_word' id='word_1_186' title='bbox 3026 1297 3273 1368; x_wconf 75' lang='grc' dir='ltr'>γεώδης.</span> <span class='ocrx_word' id='word_1_187' title='bbox 3318 1295 3449 1347; x_wconf 73' lang='grc' dir='ltr'>Καὶ</span> <span class='ocrx_word' id='word_1_188' title='bbox 3499 1291 3618 1342; x_wconf 77' lang='grc' dir='ltr'>εστι</span> <span class='ocrx_word' id='word_1_189' title='bbox 3642 1292 3686 1340; x_wconf 58' lang='grc' dir='ltr'><strong>τὲ</strong></span> 
     </span>
    </p>
   </div>
   <div class='ocr_carea' id='block_1_29' title="bbox 2089 1383 3688 1473">
    <p class='ocr_par' dir='ltr' id='par_1_29' title="bbox 2089 1383 3688 1473">
     <span class='ocr_line' id='line_1_29' title="bbox 2089 1383 3688 1473; baseline -0.027 -1"><span class='ocrx_word' id='word_1_190' title='bbox 2089 1403 2188 1473; x_wconf 75' lang='grc' dir='ltr'>μὲν</span> <span class='ocrx_word' id='word_1_191' title='bbox 2217 1396 2354 1471; x_wconf 74' lang='grc' dir='ltr'>αἷμα</span> <span class='ocrx_word' id='word_1_192' title='bbox 2380 1397 2608 1470; x_wconf 78' lang='grc' dir='ltr'>ἐρυθρὸν</span> <span class='ocrx_word' id='word_1_193' title='bbox 2652 1400 2719 1466; x_wconf 81' lang='grc' dir='ltr'>τῇ</span> <span class='ocrx_word' id='word_1_194' title='bbox 2756 1395 2948 1466; x_wconf 76' lang='grc' dir='ltr'>χροιᾷο</span> <span class='ocrx_word' id='word_1_195' title='bbox 2990 1390 3191 1444; x_wconf 75' lang='grc' dir='ltr'>λευκὸν</span> <span class='ocrx_word' id='word_1_196' title='bbox 3222 1387 3290 1442; x_wconf 80' lang='grc' dir='ltr'><strong>δὲ</strong></span> <span class='ocrx_word' id='word_1_197' title='bbox 3337 1385 3407 1437; x_wconf 75' lang='grc' dir='ltr'>τὺ</span> <span class='ocrx_word' id='word_1_198' title='bbox 3444 1383 3688 1450; x_wconf 59' lang='grc' dir='ltr'>φλέγμα·</span> 
     </span>
    </p>
   </div>
   <div class='ocr_carea' id='block_1_30' title="bbox 2086 1473 3691 1564">
    <p class='ocr_par' dir='ltr' id='par_1_30' title="bbox 2086 1473 3691 1564">
     <span class='ocr_line' id='line_1_30' title="bbox 2086 1473 3691 1564; baseline -0.017 -16"><span class='ocrx_word' id='word_1_199' title='bbox 2086 1494 2241 1564; x_wconf 81' lang='grc' dir='ltr'>ὠχρά</span> <span class='ocrx_word' id='word_1_200' title='bbox 2264 1493 2322 1545; x_wconf 78' lang='grc' dir='ltr'>δὲ</span> <span class='ocrx_word' id='word_1_201' title='bbox 2355 1494 2388 1563; x_wconf 84' lang='grc' dir='ltr'><strong>ὴ</strong></span> <span class='ocrx_word' id='word_1_202' title='bbox 2424 1488 2590 1560; x_wconf 79' lang='grc' dir='ltr'>ξανθὴ</span> <span class='ocrx_word' id='word_1_203' title='bbox 2615 1489 2745 1560; x_wconf 88' lang='grc' dir='ltr'>χολή</span> <span class='ocrx_word' id='word_1_204' title='bbox 2769 1503 2784 1519; x_wconf 76' lang='grc' dir='ltr'><strong>ο</strong></span> <span class='ocrx_word' id='word_1_205' title='bbox 2825 1485 2992 1558; x_wconf 83' lang='grc' dir='ltr'>μέλας</span> <span class='ocrx_word' id='word_1_206' title='bbox 3014 1483 3072 1537; x_wconf 79' lang='grc' dir='ltr'>δὲ</span> <span class='ocrx_word' id='word_1_207' title='bbox 3099 1483 3128 1535; x_wconf 99' lang='lat'><strong>6</strong></span> <span class='ocrx_word' id='word_1_208' title='bbox 3156 1473 3594 1551; x_wconf 71' lang='grc' dir='ltr'>μελαγχολικζς</span> <span class='ocrx_word' id='word_1_209' title='bbox 3620 1493 3691 1541; x_wconf 55' lang='grc' dir='ltr'><strong>ἶ.-</strong></span> 
     </span>
    </p>
   </div>
   <div class='ocr_carea' id='block_1_31' title="bbox 2092 1571 3690 1658">
    <p class='ocr_par' dir='ltr' id='par_1_31' title="bbox 2092 1571 3690 1658">
     <span class='ocr_line' id='line_1_31' title="bbox 2092 1571 3690 1658; baseline -0.016 -17"><span class='ocrx_word' id='word_1_210' title='bbox 2092 1589 2210 1658; x_wconf 80' lang='grc' dir='ltr'>μός.</span> <span class='ocrx_word' id='word_1_211' title='bbox 2243 1580 2400 1639; x_wconf 73' lang='grc' dir='ltr'>Οὗτοι</span> <span class='ocrx_word' id='word_1_212' title='bbox 2421 1585 2527 1654; x_wconf 86' lang='grc' dir='ltr'>γάρ</span> <span class='ocrx_word' id='word_1_213' title='bbox 2566 1584 2704 1634; x_wconf 80' lang='grc' dir='ltr'>εἰσιν</span> <span class='ocrx_word' id='word_1_214' title='bbox 2752 1582 2802 1632; x_wconf 79' lang='grc' dir='ltr'>οἱ</span> <span class='ocrx_word' id='word_1_215' title='bbox 2843 1579 3124 1646; x_wconf 82' lang='grc' dir='ltr'>συγγενεῖς</span> <span class='ocrx_word' id='word_1_216' title='bbox 3151 1573 3249 1627; x_wconf 80' lang='grc' dir='ltr'>τοῦ</span> <span class='ocrx_word' id='word_1_217' title='bbox 3307 1571 3590 1640; x_wconf 78' lang='grc' dir='ltr'>σώματος</span> <span class='ocrx_word' id='word_1_218' title='bbox 3619 1585 3690 1635; x_wconf 68' lang='grc' dir='ltr'><strong>τ.-</strong></span> 
     </span>
    </p>
   </div>
   <div class='ocr_carea' id='block_1_32' title="bbox 2093 1659 3690 1750">
    <p class='ocr_par' dir='ltr' id='par_1_32' title="bbox 2093 1659 3690 1750">
     <span class='ocr_line' id='line_1_32' title="bbox 2093 1659 3690 1750; baseline -0.016 -17"><span class='ocrx_word' id='word_1_219' title='bbox 2093 1680 2181 1750; x_wconf 87' lang='grc' dir='ltr'><strong>μοί</strong></span> <span class='ocrx_word' id='word_1_220' title='bbox 2207 1696 2221 1710; x_wconf 75' lang='grc' dir='ltr'><strong>ο</strong></span> <span class='ocrx_word' id='word_1_221' title='bbox 2257 1677 2315 1744; x_wconf 75' lang='grc' dir='ltr'>ἐξ</span> <span class='ocrx_word' id='word_1_222' title='bbox 2336 1670 2410 1730; x_wconf 83' lang='grc' dir='ltr'>ὧν</span> <span class='ocrx_word' id='word_1_223' title='bbox 2446 1675 2514 1730; x_wconf 76' lang='grc' dir='ltr'>τὰ</span> <span class='ocrx_word' id='word_1_224' title='bbox 2548 1675 2645 1746; x_wconf 81' lang='grc' dir='ltr'>μὲν</span> <span class='ocrx_word' id='word_1_225' title='bbox 2672 1673 2822 1727; x_wconf 79' lang='grc' dir='ltr'><strong>ἁπλᾶ</strong></span> <span class='ocrx_word' id='word_1_226' title='bbox 2857 1670 3049 1738; x_wconf 78' lang='grc' dir='ltr'>γέγονε</span> <span class='ocrx_word' id='word_1_227' title='bbox 3083 1667 3258 1737; x_wconf 88' lang='grc' dir='ltr'>μόρια</span> <span class='ocrx_word' id='word_1_228' title='bbox 3287 1681 3302 1693; x_wconf 79' lang='grc' dir='ltr'><strong><em>ο</em></strong></span> <span class='ocrx_word' id='word_1_229' title='bbox 3335 1662 3413 1714; x_wconf 73' lang='grc' dir='ltr'>τὰ</span> <span class='ocrx_word' id='word_1_230' title='bbox 3443 1661 3511 1712; x_wconf 80' lang='grc' dir='ltr'><strong>δὲ</strong></span> <span class='ocrx_word' id='word_1_231' title='bbox 3542 1659 3690 1726; x_wconf 60' lang='lat'><strong>697:-</strong></span> 
     </span>
    </p>
   </div>
   <div class='ocr_carea' id='block_1_33' title="bbox 2090 1752 3690 1840">
    <p class='ocr_par' dir='ltr' id='par_1_33' title="bbox 2090 1752 3690 1840">
     <span class='ocr_line' id='line_1_33' title="bbox 2090 1752 3690 1840; baseline -0.015 -16"><span class='ocrx_word' id='word_1_232' title='bbox 2090 1772 2235 1833; x_wconf 75' lang='grc' dir='ltr'>νικὰ,</span> <span class='ocrx_word' id='word_1_233' title='bbox 2263 1769 2295 1840; x_wconf 83' lang='grc' dir='ltr'><strong>ἦ</strong></span> <span class='ocrx_word' id='word_1_234' title='bbox 2327 1768 2576 1821; x_wconf 84' lang='grc' dir='ltr'>σύνθετα.</span> <span class='ocrx_word' id='word_1_235' title='bbox 2604 1766 2715 1820; x_wconf 69' lang='grc' dir='ltr'><strong>Καὶ</strong></span> <span class='ocrx_word' id='word_1_236' title='bbox 2745 1763 2980 1834; x_wconf 79' lang='grc' dir='ltr'>ὑπάρχει</span> <span class='ocrx_word' id='word_1_237' title='bbox 3016 1761 3129 1822; x_wconf 88' lang='grc' dir='ltr'>τοῖς</span> <span class='ocrx_word' id='word_1_238' title='bbox 3183 1757 3292 1827; x_wconf 81' lang='grc' dir='ltr'>μὲν</span> <span class='ocrx_word' id='word_1_239' title='bbox 3330 1752 3690 1823; x_wconf 52' lang='grc' dir='ltr'>ὁμοιομερές</span> 
     </span>
    </p>
   </div>
   <div class='ocr_carea' id='block_1_34' title="bbox 412 1843 2012 1927">
    <p class='ocr_par' dir='ltr' id='par_1_34' title="bbox 412 1855 1977 1927">
     <span class='ocr_line' id='line_1_34' title="bbox 412 1855 1977 1927; baseline 0.003 -18"><span class='ocrx_word' id='word_1_240' title='bbox 412 1864 600 1910; x_wconf 86' lang='lat' dir='ltr'><strong>nostro</strong></span> <span class='ocrx_word' id='word_1_241' title='bbox 625 1865 782 1920; x_wconf 87' lang='lat' dir='ltr'><strong>sunt;</strong></span> <span class='ocrx_word' id='word_1_242' title='bbox 816 1871 878 1910; x_wconf 77' lang='lat' dir='ltr'><strong>ex</strong></span> <span class='ocrx_word' id='word_1_243' title='bbox 908 1857 1130 1924; x_wconf 79' lang='lat' dir='ltr'><strong>quibus,</strong></span> <span class='ocrx_word' id='word_1_244' title='bbox 1162 1855 1410 1925; x_wconf 67' lang='lat' dir='ltr'><strong>quaedam</strong></span> <span class='ocrx_word' id='word_1_245' title='bbox 1455 1857 1733 1927; x_wconf 89' lang='lat' dir='ltr'><strong>simplices</strong></span> <span class='ocrx_word' id='word_1_246' title='bbox 1773 1862 1977 1927; x_wconf 83' lang='lat' dir='ltr'><strong>partes.</strong></span> 
     </span>
    </p>
   </div>
   <div class='ocr_carea' id='block_1_35' title="bbox 2132 1843 3690 1927">
    <p class='ocr_par' dir='ltr' id='par_1_35' title="bbox 2132 1843 3690 1924">
     <span class='ocr_line' id='line_1_35' title="bbox 2132 1843 3690 1924; baseline -0.016 -8"><span class='ocrx_word' id='word_1_247' title='bbox 2132 1864 2184 1916; x_wconf 72' lang='grc' dir='ltr'>αὶ</span> <span class='ocrx_word' id='word_1_248' title='bbox 2219 1862 2412 1924; x_wconf 86' lang='grc' dir='ltr'>ἁπλοῖς</span> <span class='ocrx_word' id='word_1_249' title='bbox 2438 1859 2558 1914; x_wconf 81' lang='grc' dir='ltr'>κατ’</span> <span class='ocrx_word' id='word_1_250' title='bbox 2611 1857 2822 1917; x_wconf 75' lang='grc' dir='ltr'>οὐσίαν,</span> <span class='ocrx_word' id='word_1_251' title='bbox 2875 1855 2936 1908; x_wconf 75' lang='grc' dir='ltr'>τὸ</span> <span class='ocrx_word' id='word_1_252' title='bbox 2986 1851 3214 1922; x_wconf 74' lang='grc' dir='ltr'>θερμὸν,</span> <span class='ocrx_word' id='word_1_253' title='bbox 3242 1847 3314 1900; x_wconf 81' lang='grc' dir='ltr'><strong>τὸ</strong></span> <span class='ocrx_word' id='word_1_254' title='bbox 3364 1843 3616 1915; x_wconf 66' lang='grc' dir='ltr'>ψυχρὸν,</span> <span class='ocrx_word' id='word_1_255' title='bbox 3650 1851 3690 1892; x_wconf 63' lang='grc' dir='ltr'><strong>τε</strong></span> 
     </span>
    </p>
   </div>
   <div class='ocr_carea' id='block_1_36' title="bbox 412 1930 2012 2026">
    <p class='ocr_par' dir='ltr' id='par_1_36' title="bbox 412 1930 1988 2017">
     <span class='ocr_line' id='line_1_36' title="bbox 412 1930 1988 2017; baseline 0.003 -16"><span class='ocrx_word' id='word_1_256' title='bbox 412 1947 660 2017; x_wconf 63' lang='lat' dir='ltr'><strong>quaedam</strong></span> <span class='ocrx_word' id='word_1_257' title='bbox 722 1947 1172 2002; x_wconf 88' lang='lat' dir='ltr'><strong>instrumentales</strong></span> <span class='ocrx_word' id='word_1_258' title='bbox 1239 1930 1393 2002; x_wconf 78' lang='lat' dir='ltr'><strong>facta:</strong></span> <span class='ocrx_word' id='word_1_259' title='bbox 1457 1958 1605 2003; x_wconf 91' lang='lat' dir='ltr'><strong>sunt.</strong></span> <span class='ocrx_word' id='word_1_260' title='bbox 1669 1948 1734 2003; x_wconf 89' lang='lat' dir='ltr'><strong>Et</strong></span> <span class='ocrx_word' id='word_1_261' title='bbox 1775 1951 1988 2006; x_wconf 90' lang='lat' dir='ltr'><strong>simila-</strong></span> 
     </span>
    </p>
   </div>
   <div class='ocr_carea' id='block_1_37' title="bbox 2132 1930 3691 2026">
    <p class='ocr_par' dir='ltr' id='par_1_37' title="bbox 2132 1936 3691 2026">
     <span class='ocr_line' id='line_1_37' title="bbox 2132 1936 3691 2026; baseline -0.015 -19"><span class='ocrx_word' id='word_1_262' title='bbox 2132 1954 2278 2026; x_wconf 78' lang='grc' dir='ltr'>ηρδν,</span> <span class='ocrx_word' id='word_1_263' title='bbox 2319 1952 2380 2005; x_wconf 67' lang='grc' dir='ltr'>τὸ</span> <span class='ocrx_word' id='word_1_264' title='bbox 2405 1949 2607 2020; x_wconf 73' lang='grc' dir='ltr'>ὑγρόνο</span> <span class='ocrx_word' id='word_1_265' title='bbox 2645 1952 2758 2012; x_wconf 87' lang='grc' dir='ltr'>τοῖς</span> <span class='ocrx_word' id='word_1_266' title='bbox 2785 1947 2840 2000; x_wconf 82' lang='grc' dir='ltr'><strong>δὲ</strong></span> <span class='ocrx_word' id='word_1_267' title='bbox 2871 1942 3155 2004; x_wconf 78' lang='grc' dir='ltr'><strong>συνθέτοις</strong></span> <span class='ocrx_word' id='word_1_268' title='bbox 3203 1939 3311 1992; x_wconf 67' lang='grc' dir='ltr'><strong>καὶ</strong></span> <span class='ocrx_word' id='word_1_269' title='bbox 3351 1936 3691 2026; x_wconf 42' lang='grc' dir='ltr'>ὀργα-δικᾴ,</span> 
     </span>
    </p>
   </div>
   <div class='ocr_carea' id='block_1_38' title="bbox 414 2039 1988 2110">
    <p class='ocr_par' dir='ltr' id='par_1_38' title="bbox 414 2039 1988 2110">
     <span class='ocr_line' id='line_1_38' title="bbox 414 2039 1988 2110; baseline 0.003 -18"><span class='ocrx_word' id='word_1_270' title='bbox 414 2039 557 2093; x_wconf 88' lang='lat' dir='ltr'><strong>rium</strong></span> <span class='ocrx_word' id='word_1_271' title='bbox 597 2039 834 2108; x_wconf 82' lang='lat' dir='ltr'><strong>quidem,</strong></span> <span class='ocrx_word' id='word_1_272' title='bbox 896 2055 961 2093; x_wconf 91' lang='lat' dir='ltr'><strong>ac</strong></span> <span class='ocrx_word' id='word_1_273' title='bbox 1004 2039 1334 2109; x_wconf 86' lang='lat' dir='ltr'><strong>simplicium</strong></span> <span class='ocrx_word' id='word_1_274' title='bbox 1408 2041 1677 2110; x_wconf 89' lang='lat' dir='ltr'><strong>partium,</strong></span> <span class='ocrx_word' id='word_1_275' title='bbox 1733 2041 1988 2096; x_wconf 89' lang='lat' dir='ltr'><strong>substan-</strong></span> 
     </span>
    </p>
   </div>
   <div class='ocr_carea' id='block_1_39' title="bbox 415 2130 1987 2202">
    <p class='ocr_par' dir='ltr' id='par_1_39' title="bbox 415 2130 1987 2202">
     <span class='ocr_line' id='line_1_39' title="bbox 415 2130 1987 2202; baseline 0.003 -18"><span class='ocrx_word' id='word_1_276' title='bbox 415 2130 565 2185; x_wconf 88' lang='lat' dir='ltr'><strong>tialia</strong></span> <span class='ocrx_word' id='word_1_277' title='bbox 597 2142 744 2194; x_wconf 87' lang='lat' dir='ltr'><strong>sunt,</strong></span> <span class='ocrx_word' id='word_1_278' title='bbox 789 2131 1024 2186; x_wconf 88' lang='lat' dir='ltr'><strong>calidum</strong></span> <span class='ocrx_word' id='word_1_279' title='bbox 1055 2174 1069 2198; x_wconf 92' lang='lat'><strong>,</strong></span> <span class='ocrx_word' id='word_1_280' title='bbox 1103 2132 1385 2202; x_wconf 76' lang='lat' dir='ltr'><strong>frigidum,</strong></span> <span class='ocrx_word' id='word_1_281' title='bbox 1443 2133 1652 2188; x_wconf 89' lang='lat' dir='ltr'><strong>siceum</strong></span> <span class='ocrx_word' id='word_1_282' title='bbox 1709 2143 1764 2187; x_wconf 91' lang='lat' dir='ltr'><strong>et</strong></span> <span class='ocrx_word' id='word_1_283' title='bbox 1805 2134 1987 2188; x_wconf 88' lang='lat' dir='ltr'><strong>humi-</strong></span> 
     </span>
    </p>
   </div>
   <div class='ocr_carea' id='block_1_40' title="bbox 411 2221 1988 2294">
    <p class='ocr_par' dir='ltr' id='par_1_40' title="bbox 411 2221 1988 2294">
     <span class='ocr_line' id='line_1_40' title="bbox 411 2221 1988 2294; baseline 0.002 -16"><span class='ocrx_word' id='word_1_284' title='bbox 411 2221 569 2278; x_wconf 90' lang='lat' dir='ltr'><strong>dum.</strong></span> <span class='ocrx_word' id='word_1_285' title='bbox 629 2223 968 2292; x_wconf 83' lang='lat' dir='ltr'><strong>Compositis</strong></span> <span class='ocrx_word' id='word_1_286' title='bbox 1047 2239 1179 2278; x_wconf 84' lang='lat' dir='ltr'><strong>vero</strong></span> <span class='ocrx_word' id='word_1_287' title='bbox 1238 2232 1404 2294; x_wconf 89' lang='lat' dir='ltr'><strong>atque</strong></span> <span class='ocrx_word' id='word_1_288' title='bbox 1474 2225 1988 2281; x_wconf 88' lang='lat' dir='ltr'><strong>iustrumentalibus</strong></span> 
     </span>
    </p>
   </div>
   <div class='ocr_carea' id='block_1_41' title="bbox 2091 2022 3691 2110">
    <p class='ocr_par' dir='ltr' id='par_1_41' title="bbox 2091 2022 3691 2110">
     <span class='ocr_line' id='line_1_41' title="bbox 2091 2022 3691 2110; baseline -0.016 -12"><span class='ocrx_word' id='word_1_289' title='bbox 2091 2022 2322 2098; x_wconf 34' lang='grc' dir='ltr'>ἐδ-κατὰ</span> <span class='ocrx_word' id='word_1_290' title='bbox 2371 2041 2535 2109; x_wconf 77' lang='grc' dir='ltr'>φύσιν</span> <span class='ocrx_word' id='word_1_291' title='bbox 2583 2041 2687 2110; x_wconf 80' lang='grc' dir='ltr'>τῆς</span> <span class='ocrx_word' id='word_1_292' title='bbox 2734 2036 3021 2109; x_wconf 84' lang='grc' dir='ltr'>ἁρμονίας,</span> <span class='ocrx_word' id='word_1_293' title='bbox 3057 2032 3153 2086; x_wconf 71' lang='grc' dir='ltr'><strong>καὶ</strong></span> <span class='ocrx_word' id='word_1_294' title='bbox 3204 2030 3267 2083; x_wconf 75' lang='grc' dir='ltr'>τὸ</span> <span class='ocrx_word' id='word_1_295' title='bbox 3310 2022 3691 2080; x_wconf 64' lang='grc' dir='ltr'>συντεθεῖτξε.</span> 
     </span>
    </p>
   </div>
   <div class='ocr_carea' id='block_1_42' title="bbox 2093 2118 3691 2204">
    <p class='ocr_par' dir='ltr' id='par_1_42' title="bbox 2093 2118 3691 2204">
     <span class='ocr_line' id='line_1_42' title="bbox 2093 2118 3691 2204; baseline -0.016 -14"><span class='ocrx_word' id='word_1_296' title='bbox 2093 2134 2306 2198; x_wconf 80' lang='grc' dir='ltr'>καλῶς’</span> <span class='ocrx_word' id='word_1_297' title='bbox 2350 2135 2427 2198; x_wconf 86' lang='grc' dir='ltr'>ὠς</span> <span class='ocrx_word' id='word_1_298' title='bbox 2476 2133 2613 2204; x_wconf 85' lang='grc' dir='ltr'>μήτε</span> <span class='ocrx_word' id='word_1_299' title='bbox 2672 2130 2764 2184; x_wconf 76' lang='grc' dir='ltr'>τὸν</span> <span class='ocrx_word' id='word_1_300' title='bbox 2812 2125 3093 2196; x_wconf 77' lang='grc' dir='ltr'>ὀφθαλμὸν</span> <span class='ocrx_word' id='word_1_301' title='bbox 3146 2121 3539 2184; x_wconf 78' lang='grc' dir='ltr'>στασιάζειν,</span> <span class='ocrx_word' id='word_1_302' title='bbox 3579 2118 3691 2185; x_wconf 57' lang='lat' dir='ltr'><strong>pit:</strong></span> 
     </span>
    </p>
   </div>
   <div class='ocr_carea' id='block_1_43' title="bbox 2095 2225 2628 2292">
    <p class='ocr_par' dir='ltr' id='par_1_43' title="bbox 2095 2225 2628 2292">
     <span class='ocr_line' id='line_1_43' title="bbox 2095 2225 2628 2292; baseline -0.006 -12"><span class='ocrx_word' id='word_1_303' title='bbox 2095 2227 2318 2292; x_wconf 78' lang='grc' dir='ltr'>σκάζειν</span> <span class='ocrx_word' id='word_1_304' title='bbox 2347 2227 2440 2280; x_wconf 81' lang='grc' dir='ltr'><strong>τὸν</strong></span> <span class='ocrx_word' id='word_1_305' title='bbox 2471 2225 2628 2279; x_wconf 84' lang='grc' dir='ltr'>πόδα.</span> 
     </span>
    </p>
   </div>
   <div class='ocr_carea' id='block_1_44' title="bbox 415 2302 3694 2387">
    <p class='ocr_par' dir='ltr' id='par_1_44' title="bbox 415 2302 3694 2387">
     <span class='ocr_line' id='line_1_44' title="bbox 415 2302 3694 2387; baseline -0.002 -13"><span class='ocrx_word' id='word_1_306' title='bbox 415 2321 522 2374; x_wconf 87' lang='lat' dir='ltr'><strong>hoc</strong></span> <span class='ocrx_word' id='word_1_307' title='bbox 560 2319 739 2375; x_wconf 87' lang='lat' dir='ltr'><strong>inesse</strong></span> <span class='ocrx_word' id='word_1_308' title='bbox 779 2328 971 2374; x_wconf 89' lang='lat' dir='ltr'><strong>natura</strong></span> <span class='ocrx_word' id='word_1_309' title='bbox 998 2320 1308 2375; x_wconf 86' lang='lat' dir='ltr'><strong>necessario</strong></span> <span class='ocrx_word' id='word_1_310' title='bbox 1347 2321 1527 2387; x_wconf 89' lang='lat' dir='ltr'><strong>debet,</strong></span> <span class='ocrx_word' id='word_1_311' title='bbox 1573 2321 1648 2374; x_wconf 90' lang='lat' dir='ltr'><strong>uti</strong></span> <span class='ocrx_word' id='word_1_312' title='bbox 1692 2320 1982 2385; x_wconf 88' lang='lat' dir='ltr'><strong>concinna,</strong></span> <span class='ocrx_word' id='word_1_313' title='bbox 2023 2338 2088 2378; x_wconf 87' lang='lat' dir='ltr'><strong>ac</strong></span> <span class='ocrx_word' id='word_1_314' title='bbox 2137 2338 2372 2379; x_wconf 79' lang='lat' dir='ltr'><strong>concors</strong></span> <span class='ocrx_word' id='word_1_315' title='bbox 2442 2319 2813 2376; x_wconf 89' lang='lat' dir='ltr'><strong>membrorum</strong></span> <span class='ocrx_word' id='word_1_316' title='bbox 2841 2313 2996 2386; x_wconf 81' lang='lat'><strong>133</strong></span> <span class='ocrx_word' id='word_1_317' title='bbox 3049 2307 3354 2380; x_wconf 67' lang='lat' dir='ltr'><strong>dispositio</strong></span> <span class='ocrx_word' id='word_1_318' title='bbox 3385 2304 3492 2368; x_wconf 64' lang='lat' dir='ltr'><strong>Sil.</strong></span> <span class='ocrx_word' id='word_1_319' title='bbox 3527 2302 3626 2365; x_wconf 68' lang='grc' dir='ltr'>δίεν</span> <span class='ocrx_word' id='word_1_320' title='bbox 3655 2315 3694 2352; x_wconf 66' lang='grc' dir='ltr'>πί</span> 
     </span>
    </p>
   </div>
   <div class='ocr_carea' id='block_1_45' title="bbox 417 2410 2124 2483">
    <p class='ocr_par' dir='ltr' id='par_1_45' title="bbox 417 2410 2124 2483">
     <span class='ocr_line' id='line_1_45' title="bbox 417 2410 2124 2483; baseline 0.003 -18"><span class='ocrx_word' id='word_1_321' title='bbox 417 2410 609 2465; x_wconf 76' lang='lat' dir='ltr'><strong>oculus</strong></span> <span class='ocrx_word' id='word_1_322' title='bbox 639 2411 930 2465; x_wconf 87' lang='lat' dir='ltr'><strong>irretortus</strong></span> <span class='ocrx_word' id='word_1_323' title='bbox 961 2411 1230 2476; x_wconf 82' lang='lat' dir='ltr'><strong>videatur,</strong></span> <span class='ocrx_word' id='word_1_324' title='bbox 1275 2428 1340 2467; x_wconf 89' lang='lat' dir='ltr'><strong>ac</strong></span> <span class='ocrx_word' id='word_1_325' title='bbox 1360 2429 1456 2483; x_wconf 88' lang='lat' dir='ltr'><strong>pes</strong></span> <span class='ocrx_word' id='word_1_326' title='bbox 1487 2412 1806 2482; x_wconf 86' lang='lat' dir='ltr'><strong>neutiquam</strong></span> <span class='ocrx_word' id='word_1_327' title='bbox 1835 2412 2124 2470; x_wconf 80' lang='lat' dir='ltr'><strong>claudicet.</strong></span> 
     </span>
    </p>
   </div>
   <div class='ocr_carea' id='block_1_46' title="bbox 492 2501 2002 2577">
    <p class='ocr_par' dir='ltr' id='par_1_46' title="bbox 492 2501 2002 2577">
     <span class='ocr_line' id='line_1_46' title="bbox 492 2501 2002 2577; baseline 0.003 -19"><span class='ocrx_word' id='word_1_328' title='bbox 492 2501 778 2558; x_wconf 89' lang='lat' dir='ltr'><strong>Similarcs</strong></span> <span class='ocrx_word' id='word_1_329' title='bbox 817 2514 999 2560; x_wconf 89' lang='lat' dir='ltr'><strong>autem</strong></span> <span class='ocrx_word' id='word_1_330' title='bbox 1043 2517 1222 2575; x_wconf 90' lang='lat' dir='ltr'><strong>partes</strong></span> <span class='ocrx_word' id='word_1_331' title='bbox 1270 2516 1822 2577; x_wconf 86' lang='lat' dir='ltr'><strong>temperamentorum</strong></span> <span class='ocrx_word' id='word_1_332' title='bbox 1856 2524 2002 2563; x_wconf 87' lang='lat' dir='ltr'><strong>eom-</strong></span> 
     </span>
    </p>
   </div>
   <div class='ocr_carea' id='block_1_47' title="bbox 423 2599 1999 2670">
    <p class='ocr_par' dir='ltr' id='par_1_47' title="bbox 423 2599 1999 2670">
     <span class='ocr_line' id='line_1_47' title="bbox 423 2599 1999 2670; baseline 0.003 -20"><span class='ocrx_word' id='word_1_333' title='bbox 423 2606 610 2667; x_wconf 87' lang='lat' dir='ltr'><strong>petens</strong></span> <span class='ocrx_word' id='word_1_334' title='bbox 663 2599 966 2653; x_wconf 87' lang='lat' dir='ltr'><strong>moderatin</strong></span> <span class='ocrx_word' id='word_1_335' title='bbox 1011 2601 1323 2655; x_wconf 88' lang='lat' dir='ltr'><strong>necessario</strong></span> <span class='ocrx_word' id='word_1_336' title='bbox 1384 2601 1646 2670; x_wconf 83' lang='lat' dir='ltr'><strong>subsequi</strong></span> <span class='ocrx_word' id='word_1_337' title='bbox 1693 2601 1872 2667; x_wconf 90' lang='lat' dir='ltr'><strong>debet,</strong></span> <span class='ocrx_word' id='word_1_338' title='bbox 1923 2601 1999 2655; x_wconf 88' lang='lat' dir='ltr'><strong>uti</strong></span> 
     </span>
    </p>
   </div>
   <div class='ocr_carea' id='block_1_48' title="bbox 2187 2490 3690 2579">
    <p class='ocr_par' dir='ltr' id='par_1_48' title="bbox 2187 2490 3690 2579">
     <span class='ocr_line' id='line_1_48' title="bbox 2187 2490 3690 2579; baseline -0.024 -7"><span class='ocrx_word' id='word_1_339' title='bbox 2187 2509 2276 2575; x_wconf 78' lang='grc' dir='ltr'><strong>Ἐξ</strong></span> <span class='ocrx_word' id='word_1_340' title='bbox 2310 2510 2558 2579; x_wconf 80' lang='grc' dir='ltr'>ἅναγκῆς</span> <span class='ocrx_word' id='word_1_341' title='bbox 2585 2507 2641 2560; x_wconf 85' lang='grc' dir='ltr'>δὲ</span> <span class='ocrx_word' id='word_1_342' title='bbox 2668 2506 2860 2560; x_wconf 73' lang='grc' dir='ltr'>ἕπεται</span> <span class='ocrx_word' id='word_1_343' title='bbox 2903 2503 3016 2564; x_wconf 87' lang='grc' dir='ltr'>τοῖς</span> <span class='ocrx_word' id='word_1_344' title='bbox 3066 2492 3486 2568; x_wconf 82' lang='grc' dir='ltr'>ὀμοιομερέσιν</span> <span class='ocrx_word' id='word_1_345' title='bbox 3540 2491 3575 2558; x_wconf 79' lang='grc' dir='ltr'>ἡ</span> <span class='ocrx_word' id='word_1_346' title='bbox 3611 2490 3690 2540; x_wconf 62' lang='grc' dir='ltr'><strong>τᾷ.</strong></span> 
     </span>
    </p>
   </div>
   <div class='ocr_carea' id='block_1_49' title="bbox 2104 2581 3690 2672">
    <p class='ocr_par' dir='ltr' id='par_1_49' title="bbox 2104 2581 3690 2672">
     <span class='ocr_line' id='line_1_49' title="bbox 2104 2581 3690 2672; baseline -0.015 -17"><span class='ocrx_word' id='word_1_347' title='bbox 2104 2603 2352 2672; x_wconf 78' lang='grc' dir='ltr'>κράσεων</span> <span class='ocrx_word' id='word_1_348' title='bbox 2378 2597 2695 2670; x_wconf 75' lang='grc' dir='ltr'>συμμετρία</span> <span class='ocrx_word' id='word_1_349' title='bbox 2717 2613 2730 2628; x_wconf 76' lang='grc'><strong><em>⁸</em></strong></span> <span class='ocrx_word' id='word_1_350' title='bbox 2759 2598 2792 2663; x_wconf 81' lang='grc' dir='ltr'><strong>ἡ</strong></span> <span class='ocrx_word' id='word_1_351' title='bbox 2817 2593 2960 2648; x_wconf 85' lang='grc' dir='ltr'><strong>κατά</strong></span> <span class='ocrx_word' id='word_1_352' title='bbox 2983 2589 3268 2659; x_wconf 79' lang='grc' dir='ltr'>δασύτητα</span> <span class='ocrx_word' id='word_1_353' title='bbox 3288 2585 3396 2638; x_wconf 73' lang='grc' dir='ltr'><strong>καὶ</strong></span> <span class='ocrx_word' id='word_1_354' title='bbox 3418 2581 3690 2651; x_wconf 63' lang='grc' dir='ltr'><strong>ψιλότητα⁷</strong></span> 
     </span>
    </p>
   </div>
   <div class='ocr_carea' id='block_1_50' title="bbox 422 2673 2012 2763">
    <p class='ocr_par' dir='ltr' id='par_1_50' title="bbox 422 2687 2005 2755">
     <span class='ocr_line' id='line_1_50' title="bbox 422 2687 2005 2755; baseline 0.004 -15"><span class='ocrx_word' id='word_1_355' title='bbox 422 2687 476 2740; x_wconf 89' lang='lat' dir='ltr'><strong>iu</strong></span> <span class='ocrx_word' id='word_1_356' title='bbox 516 2687 829 2754; x_wconf 84' lang='lat' dir='ltr'><strong>densitate,</strong></span> <span class='ocrx_word' id='word_1_357' title='bbox 865 2691 947 2744; x_wconf 89' lang='lat' dir='ltr'><strong>vel</strong></span> <span class='ocrx_word' id='word_1_358' title='bbox 992 2690 1248 2754; x_wconf 89' lang='lat' dir='ltr'><strong>raritate,</strong></span> <span class='ocrx_word' id='word_1_359' title='bbox 1295 2691 1410 2744; x_wconf 89' lang='lat' dir='ltr'><strong>sive</strong></span> <span class='ocrx_word' id='word_1_360' title='bbox 1465 2691 1854 2755; x_wconf 88' lang='lat' dir='ltr'><strong>crassitudine,</strong></span> <span class='ocrx_word' id='word_1_361' title='bbox 1907 2701 2005 2746; x_wconf 90' lang='lat' dir='ltr'><strong>aut</strong></span> 
     </span>
    </p>
   </div>
   <div class='ocr_carea' id='block_1_51' title="bbox 2132 2673 3691 2763">
    <p class='ocr_par' dir='ltr' id='par_1_51' title="bbox 2132 2673 3691 2763">
     <span class='ocr_line' id='line_1_51' title="bbox 2132 2673 3691 2763; baseline -0.008 -18"><span class='ocrx_word' id='word_1_362' title='bbox 2132 2693 2309 2763; x_wconf 65' lang='grc' dir='ltr'>ικατὰ</span> <span class='ocrx_word' id='word_1_363' title='bbox 2344 2691 2634 2761; x_wconf 84' lang='grc' dir='ltr'>παχύτητα</span> <span class='ocrx_word' id='word_1_364' title='bbox 2678 2687 2775 2742; x_wconf 66' lang='grc' dir='ltr'><strong>καλ⁸</strong></span> <span class='ocrx_word' id='word_1_365' title='bbox 2829 2684 3150 2755; x_wconf 72' lang='grc' dir='ltr'>ἰσχνότητα·</span> <span class='ocrx_word' id='word_1_366' title='bbox 3210 2678 3314 2732; x_wconf 73' lang='grc' dir='ltr'>καὶ</span> <span class='ocrx_word' id='word_1_367' title='bbox 3349 2677 3387 2745; x_wconf 75' lang='grc' dir='ltr'>ἡ</span> <span class='ocrx_word' id='word_1_368' title='bbox 3443 2673 3599 2726; x_wconf 72' lang='grc' dir='ltr'>κατᾶ</span> <span class='ocrx_word' id='word_1_369' title='bbox 3616 2675 3691 2734; x_wconf 53' lang='lat'><strong>7?)</strong></span> 
     </span>
    </p>
   </div>
   <div class='ocr_carea' id='block_1_52' title="bbox 421 2778 2001 2849">
    <p class='ocr_par' dir='ltr' id='par_1_52' title="bbox 421 2778 2001 2849">
     <span class='ocr_line' id='line_1_52' title="bbox 421 2778 2001 2849; baseline 0.004 -18"><span class='ocrx_word' id='word_1_370' title='bbox 421 2778 748 2847; x_wconf 86' lang='lat' dir='ltr'><strong>gracilitate,</strong></span> <span class='ocrx_word' id='word_1_371' title='bbox 781 2793 836 2834; x_wconf 88' lang='lat' dir='ltr'><strong>et</strong></span> <span class='ocrx_word' id='word_1_372' title='bbox 855 2781 999 2836; x_wconf 87' lang='lat' dir='ltr'><strong>bono</strong></span> <span class='ocrx_word' id='word_1_373' title='bbox 1040 2789 1136 2835; x_wconf 89' lang='lat' dir='ltr'><strong>aut</strong></span> <span class='ocrx_word' id='word_1_374' title='bbox 1185 2781 1330 2835; x_wconf 92' lang='lat' dir='ltr'><strong>malo</strong></span> <span class='ocrx_word' id='word_1_375' title='bbox 1369 2783 1572 2849; x_wconf 89' lang='lat' dir='ltr'><strong>colore,</strong></span> <span class='ocrx_word' id='word_1_376' title='bbox 1619 2793 1733 2838; x_wconf 90' lang='lat' dir='ltr'><strong>tum</strong></span> <span class='ocrx_word' id='word_1_377' title='bbox 1775 2784 1828 2837; x_wconf 91' lang='lat' dir='ltr'><strong>in</strong></span> <span class='ocrx_word' id='word_1_378' title='bbox 1861 2784 2001 2838; x_wconf 82' lang='lat' dir='ltr'><strong>mol-</strong></span> 
     </span>
    </p>
   </div>
   <div class='ocr_carea' id='block_1_53' title="bbox 422 2869 1996 2940">
    <p class='ocr_par' dir='ltr' id='par_1_53' title="bbox 422 2869 1996 2940">
     <span class='ocr_line' id='line_1_53' title="bbox 422 2869 1996 2940; baseline 0.003 -17"><span class='ocrx_word' id='word_1_379' title='bbox 422 2869 564 2934; x_wconf 88' lang='lat' dir='ltr'><strong>litie,</strong></span> <span class='ocrx_word' id='word_1_380' title='bbox 606 2869 726 2924; x_wconf 83' lang='lat' dir='ltr'><strong>sive</strong></span> <span class='ocrx_word' id='word_1_381' title='bbox 760 2871 1079 2940; x_wconf 88' lang='lat' dir='ltr'><strong>asperitate,</strong></span> <span class='ocrx_word' id='word_1_382' title='bbox 1119 2885 1228 2925; x_wconf 87' lang='lat' dir='ltr'><strong>non</strong></span> <span class='ocrx_word' id='word_1_383' title='bbox 1265 2872 1337 2924; x_wconf 92' lang='lat' dir='ltr'><strong>sit</strong></span> <span class='ocrx_word' id='word_1_384' title='bbox 1364 2887 1645 2928; x_wconf 81' lang='lat' dir='ltr'><strong>excessus.</strong></span> <span class='ocrx_word' id='word_1_385' title='bbox 1685 2872 1807 2927; x_wconf 65' lang='lat' dir='ltr'><strong>&quot;me</strong></span> <span class='ocrx_word' id='word_1_386' title='bbox 1834 2875 1996 2928; x_wconf 88' lang='lat' dir='ltr'><strong>etiam</strong></span> 
     </span>
    </p>
   </div>
   <div class='ocr_carea' id='block_1_54' title="bbox 421 2959 2000 3028">
    <p class='ocr_par' dir='ltr' id='par_1_54' title="bbox 421 2959 2000 3028">
     <span class='ocr_line' id='line_1_54' title="bbox 421 2959 2000 3028; baseline 0.004 -13"><span class='ocrx_word' id='word_1_387' title='bbox 421 2959 832 3028; x_wconf 85' lang='lat' dir='ltr'><strong>substantialia,</strong></span> <span class='ocrx_word' id='word_1_388' title='bbox 869 2961 925 3016; x_wconf 89' lang='lat' dir='ltr'><strong>in</strong></span> <span class='ocrx_word' id='word_1_389' title='bbox 976 2962 1500 3018; x_wconf 84' lang='lat' dir='ltr'><strong>instrumentalibus</strong></span> <span class='ocrx_word' id='word_1_390' title='bbox 1538 2973 1666 3018; x_wconf 90' lang='lat' dir='ltr'><strong>sunt</strong></span> <span class='ocrx_word' id='word_1_391' title='bbox 1711 2973 1772 3019; x_wconf 89' lang='lat' dir='ltr'><strong>ut</strong></span> <span class='ocrx_word' id='word_1_392' title='bbox 1810 2965 2000 3021; x_wconf 87' lang='lat' dir='ltr'><strong>mode-</strong></span> 
     </span>
    </p>
   </div>
   <div class='ocr_carea' id='block_1_55' title="bbox 420 3051 2001 3126">
    <p class='ocr_par' dir='ltr' id='par_1_55' title="bbox 420 3051 2001 3126">
     <span class='ocr_line' id='line_1_55' title="bbox 420 3051 2001 3126; baseline 0.002 -18"><span class='ocrx_word' id='word_1_393' title='bbox 420 3051 674 3116; x_wconf 79' lang='lat' dir='ltr'><strong>ratione,</strong></span> <span class='ocrx_word' id='word_1_394' title='bbox 723 3053 1150 3123; x_wconf 79' lang='lat' dir='ltr'><strong>compositione,</strong></span> <span class='ocrx_word' id='word_1_395' title='bbox 1215 3070 1480 3121; x_wconf 89' lang='lat' dir='ltr'><strong>numero,</strong></span> <span class='ocrx_word' id='word_1_396' title='bbox 1531 3069 1595 3109; x_wconf 89' lang='lat' dir='ltr'><strong>ac</strong></span> <span class='ocrx_word' id='word_1_397' title='bbox 1642 3055 1811 3126; x_wconf 82' lang='lat' dir='ltr'><strong>ﬁgura</strong></span> <span class='ocrx_word' id='word_1_398' title='bbox 1870 3073 2001 3113; x_wconf 62' lang='lat' dir='ltr'><strong>cono</strong></span> 
     </span>
    </p>
   </div>
   <div class='ocr_carea' id='block_1_56' title="bbox 424 3144 2002 3213">
    <p class='ocr_par' dir='ltr' id='par_1_56' title="bbox 424 3144 2002 3213">
     <span class='ocr_line' id='line_1_56' title="bbox 424 3144 2002 3213; baseline 0.006 -18"><span class='ocrx_word' id='word_1_399' title='bbox 424 3150 627 3210; x_wconf 83' lang='lat' dir='ltr'><strong>gruant</strong></span> <span class='ocrx_word' id='word_1_400' title='bbox 655 3156 674 3210; x_wconf 89' lang='lat'><strong>;</strong></span> <span class='ocrx_word' id='word_1_401' title='bbox 706 3157 832 3196; x_wconf 90' lang='lat' dir='ltr'><strong>nam</strong></span> <span class='ocrx_word' id='word_1_402' title='bbox 885 3144 991 3198; x_wconf 89' lang='lat' dir='ltr'><strong>hoc</strong></span> <span class='ocrx_word' id='word_1_403' title='bbox 1022 3145 1334 3199; x_wconf 85' lang='lat' dir='ltr'><strong>necessario</strong></span> <span class='ocrx_word' id='word_1_404' title='bbox 1383 3146 1435 3198; x_wconf 90' lang='lat' dir='ltr'><strong>in</strong></span> <span class='ocrx_word' id='word_1_405' title='bbox 1493 3146 2002 3213; x_wconf 81' lang='lat' dir='ltr'><strong>instrumentalibus</strong></span> 
     </span>
    </p>
   </div>
   <div class='ocr_carea' id='block_1_57' title="bbox 2103 2767 3692 2854">
    <p class='ocr_par' dir='ltr' id='par_1_57' title="bbox 2103 2767 3692 2854">
     <span class='ocr_line' id='line_1_57' title="bbox 2103 2767 3692 2854; baseline -0.015 -17"><span class='ocrx_word' id='word_1_406' title='bbox 2103 2782 2359 2854; x_wconf 78' lang='grc' dir='ltr'>εύχροιάν</span> <span class='ocrx_word' id='word_1_407' title='bbox 2391 2800 2450 2836; x_wconf 85' lang='grc' dir='ltr'><strong>τε</strong></span> <span class='ocrx_word' id='word_1_408' title='bbox 2488 2783 2581 2836; x_wconf 75' lang='grc' dir='ltr'><strong>καὶ</strong></span> <span class='ocrx_word' id='word_1_409' title='bbox 2631 2780 2892 2850; x_wconf 77' lang='grc' dir='ltr'><strong>ἄχροισ.ν⁸</strong></span> <span class='ocrx_word' id='word_1_410' title='bbox 2925 2776 3020 2828; x_wconf 75' lang='grc' dir='ltr'><strong>καὶ</strong></span> <span class='ocrx_word' id='word_1_411' title='bbox 3065 2771 3297 2842; x_wconf 81' lang='grc' dir='ltr'>προσέτι</span> <span class='ocrx_word' id='word_1_412' title='bbox 3343 2767 3692 2838; x_wconf 62' lang='grc' dir='ltr'>μαλακότητι</span> 
     </span>
    </p>
   </div>
   <div class='ocr_carea' id='block_1_58' title="bbox 2106 2858 3690 2945">
    <p class='ocr_par' dir='ltr' id='par_1_58' title="bbox 2106 2858 3690 2945">
     <span class='ocr_line' id='line_1_58' title="bbox 2106 2858 3690 2945; baseline -0.011 -16"><span class='ocrx_word' id='word_1_413' title='bbox 2106 2878 2201 2929; x_wconf 80' lang='grc' dir='ltr'><strong>καί</strong></span> <span class='ocrx_word' id='word_1_414' title='bbox 2229 2875 2592 2945; x_wconf 80' lang='grc' dir='ltr'>σκληρότητα.</span> <span class='ocrx_word' id='word_1_415' title='bbox 2635 2873 2762 2934; x_wconf 83' lang='grc' dir='ltr'>Τοῖς</span> <span class='ocrx_word' id='word_1_416' title='bbox 2783 2870 2840 2923; x_wconf 82' lang='grc' dir='ltr'>δὲ</span> <span class='ocrx_word' id='word_1_417' title='bbox 2865 2868 3177 2939; x_wconf 81' lang='grc' dir='ltr'>ὀργανικοῖς</span> <span class='ocrx_word' id='word_1_418' title='bbox 3209 2864 3344 2918; x_wconf 88' lang='grc' dir='ltr'>κατ’</span> <span class='ocrx_word' id='word_1_419' title='bbox 3379 2858 3586 2914; x_wconf 74' lang='grc' dir='ltr'>οὐσίαν</span> <span class='ocrx_word' id='word_1_420' title='bbox 3615 2858 3690 2925; x_wconf 61' lang='grc' dir='ltr'><strong>μὲν</strong></span> 
     </span>
    </p>
   </div>
   <div class='ocr_carea' id='block_1_59' title="bbox 2107 2953 3690 3039">
    <p class='ocr_par' dir='ltr' id='par_1_59' title="bbox 2107 2953 3690 3039">
     <span class='ocr_line' id='line_1_59' title="bbox 2107 2953 3690 3039; baseline -0.013 -18"><span class='ocrx_word' id='word_1_421' title='bbox 2107 2969 2140 3039; x_wconf 81' lang='grc' dir='ltr'>ὴ</span> <span class='ocrx_word' id='word_1_422' title='bbox 2172 2967 2507 3038; x_wconf 81' lang='grc' dir='ltr'>συμμετρία,</span> <span class='ocrx_word' id='word_1_423' title='bbox 2549 2965 2643 3019; x_wconf 74' lang='grc' dir='ltr'><strong>καὶ</strong></span> <span class='ocrx_word' id='word_1_424' title='bbox 2673 2964 2707 3035; x_wconf 87' lang='grc' dir='ltr'>ή</span> <span class='ocrx_word' id='word_1_425' title='bbox 2739 2961 3008 3026; x_wconf 77' lang='grc' dir='ltr'>σύνθεσις,</span> <span class='ocrx_word' id='word_1_426' title='bbox 3046 2957 3142 3011; x_wconf 71' lang='grc' dir='ltr'>καὶ</span> <span class='ocrx_word' id='word_1_427' title='bbox 3170 2957 3200 3010; x_wconf 89' lang='lat'><strong>6</strong></span> <span class='ocrx_word' id='word_1_428' title='bbox 3223 2953 3505 3026; x_wconf 70' lang='grc' dir='ltr'>ἀριθμὸς,</span> <span class='ocrx_word' id='word_1_429' title='bbox 3537 2955 3628 3002; x_wconf 73' lang='grc' dir='ltr'>καὶ</span> <span class='ocrx_word' id='word_1_430' title='bbox 3649 2955 3690 3001; x_wconf 71' lang='grc' dir='ltr'>τέ</span> 
     </span>
    </p>
   </div>
   <div class='ocr_carea' id='block_1_60' title="bbox 2111 3042 3690 3124">
    <p class='ocr_par' dir='ltr' id='par_1_60' title="bbox 2111 3042 3690 3124">
     <span class='ocr_line' id='line_1_60' title="bbox 2111 3042 3690 3124; baseline -0.008 -18"><span class='ocrx_word' id='word_1_431' title='bbox 2111 3054 2326 3124; x_wconf 74' lang='grc' dir='ltr'>σχῆμαο</span> <span class='ocrx_word' id='word_1_432' title='bbox 2367 3054 2427 3119; x_wconf 71' lang='grc' dir='ltr'>ἐξ</span> <span class='ocrx_word' id='word_1_433' title='bbox 2467 3053 2718 3122; x_wconf 80' lang='grc' dir='ltr'><strong>ἀνάγκης</strong></span> <span class='ocrx_word' id='word_1_434' title='bbox 2747 3051 2804 3105; x_wconf 79' lang='grc' dir='ltr'>δὲ</span> <span class='ocrx_word' id='word_1_435' title='bbox 2839 3050 2900 3103; x_wconf 83' lang='grc' dir='ltr'><strong>τδ</strong></span> <span class='ocrx_word' id='word_1_436' title='bbox 2955 3047 3138 3111; x_wconf 85' lang='grc' dir='ltr'>καλῶς</span> <span class='ocrx_word' id='word_1_437' title='bbox 3169 3046 3274 3109; x_wconf 71' lang='grc' dir='ltr'>τὰς</span> <span class='ocrx_word' id='word_1_438' title='bbox 3332 3042 3630 3114; x_wconf 69' lang='grc' dir='ltr'>ἐνεργείας</span> <span class='ocrx_word' id='word_1_439' title='bbox 3661 3043 3690 3070; x_wconf 90' lang='grc'><strong>¹¹</strong></span> 
     </span>
    </p>
   </div>
   <div class='ocr_carea' id='block_1_61' title="bbox 2107 3133 3689 3216">
    <p class='ocr_par' dir='ltr' id='par_1_61' title="bbox 2107 3133 3689 3216">
     <span class='ocr_line' id='line_1_61' title="bbox 2107 3133 3689 3216; baseline -0.008 -18"><span class='ocrx_word' id='word_1_440' title='bbox 2107 3146 2340 3200; x_wconf 74' lang='grc' dir='ltr'>ἕκαστον</span> <span class='ocrx_word' id='word_1_441' title='bbox 2387 3145 2496 3199; x_wconf 84' lang='grc' dir='ltr'>τῶν</span> <span class='ocrx_word' id='word_1_442' title='bbox 2536 3142 2849 3216; x_wconf 81' lang='grc' dir='ltr'>ὀργανικῶν</span> <span class='ocrx_word' id='word_1_443' title='bbox 2899 3139 3172 3194; x_wconf 77' lang='grc' dir='ltr'>ἐκτελεῖν·</span> <span class='ocrx_word' id='word_1_444' title='bbox 3230 3133 3354 3192; x_wconf 84' lang='grc' dir='ltr'>οἷον</span> <span class='ocrx_word' id='word_1_445' title='bbox 3412 3137 3524 3206; x_wconf 74' lang='grc' dir='ltr'><strong>τὴν</strong></span> <span class='ocrx_word' id='word_1_446' title='bbox 3562 3138 3689 3204; x_wconf 61' lang='grc' dir='ltr'>χεῖρε</span> 
     </span>
    </p>
   </div>
   <div class='ocr_carea' id='block_1_62' title="bbox 426 3230 2012 3308">
    <p class='ocr_par' dir='ltr' id='par_1_62' title="bbox 426 3231 2008 3304">
     <span class='ocr_line' id='line_1_62' title="bbox 426 3231 2008 3304; baseline 0.006 -19"><span class='ocrx_word' id='word_1_447' title='bbox 426 3231 764 3300; x_wconf 87' lang='lat' dir='ltr'><strong>requiritur,</strong></span> <span class='ocrx_word' id='word_1_448' title='bbox 815 3233 894 3288; x_wconf 91' lang='lat' dir='ltr'><strong>uti</strong></span> <span class='ocrx_word' id='word_1_449' title='bbox 952 3249 1144 3290; x_wconf 89' lang='lat' dir='ltr'><strong>eorum</strong></span> <span class='ocrx_word' id='word_1_450' title='bbox 1217 3234 1500 3304; x_wconf 89' lang='lat' dir='ltr'><strong>quodlibet</strong></span> <span class='ocrx_word' id='word_1_451' title='bbox 1564 3247 1714 3292; x_wconf 88' lang='lat' dir='ltr'><strong>recte</strong></span> <span class='ocrx_word' id='word_1_452' title='bbox 1783 3239 2008 3294; x_wconf 85' lang='lat' dir='ltr'><strong>deman-</strong></span> 
     </span>
    </p>
   </div>
   <div class='ocr_carea' id='block_1_63' title="bbox 2132 3230 3689 3308">
    <p class='ocr_par' dir='ltr' id='par_1_63' title="bbox 2132 3230 3689 3308">
     <span class='ocr_line' id='line_1_63' title="bbox 2132 3230 3689 3308; baseline -0.007 -17"><span class='ocrx_word' id='word_1_453' title='bbox 2132 3237 2292 3302; x_wconf 86' lang='grc' dir='ltr'>ιαλῶς</span> <span class='ocrx_word' id='word_1_454' title='bbox 2318 3237 2837 3308; x_wconf 79' lang='grc' dir='ltr'>ἀντιλαμϐάνεσθαι,</span> <span class='ocrx_word' id='word_1_455' title='bbox 2869 3236 2964 3290; x_wconf 74' lang='grc' dir='ltr'><strong>καὶ</strong></span> <span class='ocrx_word' id='word_1_456' title='bbox 2989 3235 3058 3288; x_wconf 79' lang='grc' dir='ltr'>τὰ</span> <span class='ocrx_word' id='word_1_457' title='bbox 3106 3232 3278 3304; x_wconf 79' lang='grc' dir='ltr'>σκέλη</span> <span class='ocrx_word' id='word_1_458' title='bbox 3335 3231 3539 3292; x_wconf 75' lang='grc' dir='ltr'>καλῶς</span> <span class='ocrx_word' id='word_1_459' title='bbox 3575 3230 3689 3299; x_wconf 67' lang='grc' dir='ltr'><strong>ξοαέ-</strong></span> 
     </span>
    </p>
   </div>
   <div class='ocr_carea' id='block_1_64' title="bbox 426 3322 2006 3399">
    <p class='ocr_par' dir='ltr' id='par_1_64' title="bbox 426 3322 2006 3399">
     <span class='ocr_line' id='line_1_64' title="bbox 426 3322 2006 3399; baseline 0.006 -22"><span class='ocrx_word' id='word_1_460' title='bbox 426 3322 554 3379; x_wconf 85' lang='lat' dir='ltr'><strong>data</strong></span> <span class='ocrx_word' id='word_1_461' title='bbox 597 3323 715 3380; x_wconf 81' lang='lat' dir='ltr'><strong>&#39;sibi</strong></span> <span class='ocrx_word' id='word_1_462' title='bbox 760 3326 948 3380; x_wconf 89' lang='lat' dir='ltr'><strong>munia</strong></span> <span class='ocrx_word' id='word_1_463' title='bbox 1009 3335 1252 3398; x_wconf 75' lang='lat' dir='ltr'><strong>peragat,</strong></span> <span class='ocrx_word' id='word_1_464' title='bbox 1314 3337 1373 3381; x_wconf 88' lang='lat' dir='ltr'><strong>ut</strong></span> <span class='ocrx_word' id='word_1_465' title='bbox 1403 3328 1642 3399; x_wconf 79' lang='lat' dir='ltr'><strong>scilicet</strong></span> <span class='ocrx_word' id='word_1_466' title='bbox 1707 3345 1905 3386; x_wconf 88' lang='lat' dir='ltr'><strong>manus</strong></span> <span class='ocrx_word' id='word_1_467' title='bbox 1949 3331 2006 3386; x_wconf 87' lang='lat' dir='ltr'><strong>in</strong></span> 
     </span>
    </p>
   </div>
   <div class='ocr_carea' id='block_1_65' title="bbox 429 3415 2005 3496">
    <p class='ocr_par' dir='ltr' id='par_1_65' title="bbox 429 3415 2005 3496">
     <span class='ocr_line' id='line_1_65' title="bbox 429 3415 2005 3496; baseline 0.005 -26"><span class='ocrx_word' id='word_1_468' title='bbox 429 3415 598 3472; x_wconf 85' lang='lat' dir='ltr'><strong>rebus</strong></span> <span class='ocrx_word' id='word_1_469' title='bbox 649 3417 930 3487; x_wconf 89' lang='lat' dir='ltr'><strong>capiendis</strong></span> <span class='ocrx_word' id='word_1_470' title='bbox 979 3427 1127 3496; x_wconf 70' lang='lat' dir='ltr'><strong>recte</strong></span> <span class='ocrx_word' id='word_1_471' title='bbox 1186 3428 1508 3486; x_wconf 83' lang='lat' dir='ltr'><strong>moveatur,</strong></span> <span class='ocrx_word' id='word_1_472' title='bbox 1567 3421 1729 3490; x_wconf 86' lang='lat' dir='ltr'><strong>pedes</strong></span> <span class='ocrx_word' id='word_1_473' title='bbox 1764 3437 1894 3476; x_wconf 87' lang='lat' dir='ltr'><strong>vero</strong></span> <span class='ocrx_word' id='word_1_474' title='bbox 1953 3424 2005 3478; x_wconf 89' lang='lat' dir='ltr'><strong>in</strong></span> 
     </span>
    </p>
   </div>
   <div class='ocr_carea' id='block_1_66' title="bbox 429 3505 2006 3574">
    <p class='ocr_par' dir='ltr' id='par_1_66' title="bbox 429 3505 2006 3574">
     <span class='ocr_line' id='line_1_66' title="bbox 429 3505 2006 3574; baseline 0.006 -16"><span class='ocrx_word' id='word_1_475' title='bbox 429 3518 621 3574; x_wconf 86' lang='lat' dir='ltr'><strong>gressu</strong></span> <span class='ocrx_word' id='word_1_476' title='bbox 645 3543 662 3570; x_wconf 90' lang='lat'><strong>,</strong></span> <span class='ocrx_word' id='word_1_477' title='bbox 689 3520 855 3564; x_wconf 85' lang='lat' dir='ltr'><strong>aures</strong></span> <span class='ocrx_word' id='word_1_478' title='bbox 895 3505 950 3562; x_wconf 88' lang='lat' dir='ltr'><strong>in</strong></span> <span class='ocrx_word' id='word_1_479' title='bbox 983 3507 1242 3564; x_wconf 90' lang='lat' dir='ltr'><strong>audiendi</strong></span> <span class='ocrx_word' id='word_1_480' title='bbox 1273 3509 1362 3574; x_wconf 86' lang='lat' dir='ltr'><strong>vi,</strong></span> <span class='ocrx_word' id='word_1_481' title='bbox 1395 3520 1448 3564; x_wconf 91' lang='lat' dir='ltr'><strong>et</strong></span> <span class='ocrx_word' id='word_1_482' title='bbox 1473 3511 1618 3565; x_wconf 90' lang='lat' dir='ltr'><strong>oeuli</strong></span> <span class='ocrx_word' id='word_1_483' title='bbox 1656 3511 1708 3565; x_wconf 93' lang='lat' dir='ltr'><strong>in</strong></span> <span class='ocrx_word' id='word_1_484' title='bbox 1745 3513 2006 3567; x_wconf 89' lang='lat' dir='ltr'><strong>cernendi</strong></span> 
     </span>
    </p>
   </div>
   <div class='ocr_carea' id='block_1_67' title="bbox 434 3595 2006 3674">
    <p class='ocr_par' dir='ltr' id='par_1_67' title="bbox 434 3595 2006 3674">
     <span class='ocr_line' id='line_1_67' title="bbox 434 3595 2006 3674; baseline 0.006 -23"><span class='ocrx_word' id='word_1_485' title='bbox 434 3595 702 3655; x_wconf 79' lang='lat' dir='ltr'><strong>facultate</strong></span> <span class='ocrx_word' id='word_1_486' title='bbox 730 3601 956 3656; x_wconf 91' lang='lat' dir='ltr'><strong>minime</strong></span> <span class='ocrx_word' id='word_1_487' title='bbox 983 3599 1261 3658; x_wconf 85' lang='lat' dir='ltr'><strong>deliciam.</strong></span> <span class='ocrx_word' id='word_1_488' title='bbox 1298 3601 1452 3657; x_wconf 88' lang='lat' dir='ltr'><strong>Tunc</strong></span> <span class='ocrx_word' id='word_1_489' title='bbox 1495 3605 1661 3659; x_wconf 85' lang='lat' dir='ltr'><strong>etiam</strong></span> <span class='ocrx_word' id='word_1_490' title='bbox 1706 3605 2006 3674; x_wconf 88' lang='lat' dir='ltr'><strong>hominem,</strong></span> 
     </span>
    </p>
   </div>
   <div class='ocr_carea' id='block_1_68' title="bbox 433 3689 2012 3766">
    <p class='ocr_par' dir='ltr' id='par_1_68' title="bbox 433 3689 2012 3766">
     <span class='ocr_line' id='line_1_68' title="bbox 433 3689 2012 3766; baseline 0.006 -24"><span class='ocrx_word' id='word_1_491' title='bbox 433 3703 546 3763; x_wconf 87' lang='lat' dir='ltr'><strong>qua</strong></span> <span class='ocrx_word' id='word_1_492' title='bbox 577 3689 646 3744; x_wconf 88' lang='lat' dir='ltr'><strong>ad</strong></span> <span class='ocrx_word' id='word_1_493' title='bbox 675 3704 878 3761; x_wconf 88' lang='lat' dir='ltr'><strong>corpus</strong></span> <span class='ocrx_word' id='word_1_494' title='bbox 907 3693 1120 3757; x_wconf 83' lang='lat' dir='ltr'><strong>attinet,</strong></span> <span class='ocrx_word' id='word_1_495' title='bbox 1151 3693 1352 3748; x_wconf 80' lang='lat' dir='ltr'><strong>habere</strong></span> <span class='ocrx_word' id='word_1_496' title='bbox 1402 3694 1731 3762; x_wconf 88' lang='lat' dir='ltr'><strong>peculiarem</strong></span> <span class='ocrx_word' id='word_1_497' title='bbox 1767 3710 1832 3751; x_wconf 91' lang='lat' dir='ltr'><strong>ac</strong></span> <span class='ocrx_word' id='word_1_498' title='bbox 1878 3711 2012 3766; x_wconf 82' lang='lat' dir='ltr'><strong>pro-</strong></span> 
     </span>
    </p>
   </div>
   <div class='ocr_carea' id='block_1_69' title="bbox 434 3778 2012 3847">
    <p class='ocr_par' dir='ltr' id='par_1_69' title="bbox 434 3778 2012 3847">
     <span class='ocr_line' id='line_1_69' title="bbox 434 3778 2012 3847; baseline 0.003 -15"><span class='ocrx_word' id='word_1_499' title='bbox 434 3778 610 3847; x_wconf 86' lang='lat' dir='ltr'><strong>priam</strong></span> <span class='ocrx_word' id='word_1_500' title='bbox 639 3779 896 3834; x_wconf 82' lang='lat' dir='ltr'><strong>virtutem</strong></span> <span class='ocrx_word' id='word_1_501' title='bbox 925 3782 1258 3836; x_wconf 89' lang='lat' dir='ltr'><strong>censendum</strong></span> <span class='ocrx_word' id='word_1_502' title='bbox 1293 3794 1396 3847; x_wconf 84' lang='lat' dir='ltr'><strong>est,</strong></span> <span class='ocrx_word' id='word_1_503' title='bbox 1432 3797 1557 3836; x_wconf 89' lang='lat' dir='ltr'><strong>cum</strong></span> <span class='ocrx_word' id='word_1_504' title='bbox 1594 3782 1648 3838; x_wconf 92' lang='lat' dir='ltr'><strong>in</strong></span> <span class='ocrx_word' id='word_1_505' title='bbox 1684 3784 1802 3839; x_wconf 92' lang='lat' dir='ltr'><strong>suis</strong></span> <span class='ocrx_word' id='word_1_506' title='bbox 1841 3784 2012 3839; x_wconf 88' lang='lat' dir='ltr'><strong>actio-</strong></span> 
     </span>
    </p>
   </div>
   <div class='ocr_carea' id='block_1_70' title="bbox 437 3866 2014 3944">
    <p class='ocr_par' dir='ltr' id='par_1_70' title="bbox 437 3866 2014 3944">
     <span class='ocr_line' id='line_1_70' title="bbox 437 3866 2014 3944; baseline 0.006 -22"><span class='ocrx_word' id='word_1_507' title='bbox 437 3866 623 3934; x_wconf 85' lang='lat' dir='ltr'><strong>nibus,</strong></span> <span class='ocrx_word' id='word_1_508' title='bbox 655 3870 1011 3939; x_wconf 78' lang='lat' dir='ltr'><strong>cogitatione,</strong></span> <span class='ocrx_word' id='word_1_509' title='bbox 1041 3872 1335 3937; x_wconf 88' lang='lat' dir='ltr'><strong>memoria,</strong></span> <span class='ocrx_word' id='word_1_510' title='bbox 1373 3873 1791 3944; x_wconf 81' lang='lat' dir='ltr'><strong>imaginatione,</strong></span> <span class='ocrx_word' id='word_1_511' title='bbox 1837 3877 2014 3932; x_wconf 85' lang='lat' dir='ltr'><strong>sensi-</strong></span> 
     </span>
    </p>
   </div>
   <div class='ocr_carea' id='block_1_71' title="bbox 437 3959 2011 4034">
    <p class='ocr_par' dir='ltr' id='par_1_71' title="bbox 437 3959 2011 4034">
     <span class='ocr_line' id='line_1_71' title="bbox 437 3959 2011 4034; baseline 0.007 -19"><span class='ocrx_word' id='word_1_512' title='bbox 437 3959 546 4016; x_wconf 84' lang='lat' dir='ltr'><strong>bus</strong></span> <span class='ocrx_word' id='word_1_513' title='bbox 585 3974 652 4016; x_wconf 85' lang='lat' dir='ltr'><strong>ac</strong></span> <span class='ocrx_word' id='word_1_514' title='bbox 691 3962 922 4031; x_wconf 90' lang='lat' dir='ltr'><strong>reliquis</strong></span> <span class='ocrx_word' id='word_1_515' title='bbox 959 3979 1082 4032; x_wconf 65' lang='lat' dir='ltr'><strong>quae</strong></span> <span class='ocrx_word' id='word_1_516' title='bbox 1123 3964 1191 4018; x_wconf 85' lang='lat' dir='ltr'><strong>ad</strong></span> <span class='ocrx_word' id='word_1_517' title='bbox 1232 3979 1432 4034; x_wconf 89' lang='lat' dir='ltr'><strong>corpus</strong></span> <span class='ocrx_word' id='word_1_518' title='bbox 1463 3967 1726 4034; x_wconf 86' lang='lat' dir='ltr'><strong>attinent,</strong></span> <span class='ocrx_word' id='word_1_519' title='bbox 1757 3967 1828 4024; x_wconf 86' lang='lat' dir='ltr'><strong>ab</strong></span> <span class='ocrx_word' id='word_1_520' title='bbox 1860 3969 2011 4026; x_wconf 86' lang='lat' dir='ltr'><strong>omni</strong></span> 
     </span>
    </p>
   </div>
   <div class='ocr_carea' id='block_1_72' title="bbox 439 4048 1476 4122">
    <p class='ocr_par' dir='ltr' id='par_1_72' title="bbox 439 4048 1476 4122">
     <span class='ocr_line' id='line_1_72' title="bbox 439 4048 1476 4122; baseline 0.005 -20"><span class='ocrx_word' id='word_1_521' title='bbox 439 4048 865 4117; x_wconf 89' lang='lat' dir='ltr'><strong>reprehensione</strong></span> <span class='ocrx_word' id='word_1_522' title='bbox 888 4051 1132 4105; x_wconf 87' lang='lat' dir='ltr'><strong>redditur</strong></span> <span class='ocrx_word' id='word_1_523' title='bbox 1171 4063 1476 4122; x_wconf 84' lang='lat' dir='ltr'><strong>exemptus.</strong></span> 
     </span>
    </p>
   </div>
   <div class='ocr_carea' id='block_1_73' title="bbox 510 4138 2016 4210">
    <p class='ocr_par' dir='ltr' id='par_1_73' title="bbox 510 4138 2016 4210">
     <span class='ocr_line' id='line_1_73' title="bbox 510 4138 2016 4210; baseline 0.007 -16"><span class='ocrx_word' id='word_1_524' title='bbox 510 4138 791 4210; x_wconf 88' lang='lat' dir='ltr'><strong>Siquidem</strong></span> <span class='ocrx_word' id='word_1_525' title='bbox 833 4141 998 4197; x_wconf 92' lang='lat' dir='ltr'><strong>homo</strong></span> <span class='ocrx_word' id='word_1_526' title='bbox 1022 4151 1152 4199; x_wconf 90' lang='lat' dir='ltr'><strong>tunc</strong></span> <span class='ocrx_word' id='word_1_527' title='bbox 1184 4145 1470 4206; x_wconf 82' lang='lat' dir='ltr'><strong>rationalis</strong></span> <span class='ocrx_word' id='word_1_528' title='bbox 1508 4146 1732 4202; x_wconf 91' lang='lat' dir='ltr'><strong>nomine</strong></span> <span class='ocrx_word' id='word_1_529' title='bbox 1761 4157 2016 4204; x_wconf 89' lang='lat' dir='ltr'><strong>censetur</strong></span> 
     </span>
    </p>
   </div>
   <div class='ocr_carea' id='block_1_74' title="bbox 441 4232 2016 4310">
    <p class='ocr_par' dir='ltr' id='par_1_74' title="bbox 441 4232 2016 4310">
     <span class='ocr_line' id='line_1_74' title="bbox 441 4232 2016 4310; baseline 0.006 -25"><span class='ocrx_word' id='word_1_530' title='bbox 441 4232 682 4301; x_wconf 84' lang='lat' dir='ltr'><strong>(tametsi</strong></span> <span class='ocrx_word' id='word_1_531' title='bbox 721 4234 843 4290; x_wconf 86' lang='lat' dir='ltr'><strong>talis</strong></span> <span class='ocrx_word' id='word_1_532' title='bbox 868 4245 1064 4290; x_wconf 88' lang='lat' dir='ltr'><strong>natura</strong></span> <span class='ocrx_word' id='word_1_533' title='bbox 1105 4234 1220 4306; x_wconf 91' lang='lat' dir='ltr'><strong>sit),</strong></span> <span class='ocrx_word' id='word_1_534' title='bbox 1251 4249 1376 4290; x_wconf 92' lang='lat' dir='ltr'><strong>cum</strong></span> <span class='ocrx_word' id='word_1_535' title='bbox 1409 4238 1552 4292; x_wconf 90' lang='lat' dir='ltr'><strong>circa</strong></span> <span class='ocrx_word' id='word_1_536' title='bbox 1582 4239 1820 4308; x_wconf 90' lang='lat' dir='ltr'><strong>primum</strong></span> <span class='ocrx_word' id='word_1_537' title='bbox 1846 4241 2016 4310; x_wconf 91' lang='lat' dir='ltr'><strong>septi-</strong></span> 
     </span>
    </p>
   </div>
   <div class='ocr_carea' id='block_1_75' title="bbox 442 4325 2017 4400">
    <p class='ocr_par' dir='ltr' id='par_1_75' title="bbox 442 4325 2017 4400">
     <span class='ocr_line' id='line_1_75' title="bbox 442 4325 2017 4400; baseline 0.006 -21"><span class='ocrx_word' id='word_1_538' title='bbox 442 4340 592 4380; x_wconf 89' lang='lat' dir='ltr'><strong>mum</strong></span> <span class='ocrx_word' id='word_1_539' title='bbox 620 4325 674 4380; x_wconf 88' lang='lat' dir='ltr'><strong>in</strong></span> <span class='ocrx_word' id='word_1_540' title='bbox 696 4328 1048 4384; x_wconf 89' lang='lat' dir='ltr'><strong>enuntiandis</strong></span> <span class='ocrx_word' id='word_1_541' title='bbox 1083 4329 1478 4400; x_wconf 77' lang='lat' dir='ltr'><strong>reildendisque</strong></span> <span class='ocrx_word' id='word_1_542' title='bbox 1510 4331 1714 4394; x_wconf 77' lang='lat' dir='ltr'><strong>verbis,</strong></span> <span class='ocrx_word' id='word_1_543' title='bbox 1735 4333 2017 4388; x_wconf 89' lang='lat' dir='ltr'><strong>rationalis</strong></span> 
     </span>
    </p>
   </div>
   <div class='ocr_carea' id='block_1_76' title="bbox 442 4418 2014 4491">
    <p class='ocr_par' dir='ltr' id='par_1_76' title="bbox 442 4418 2014 4491">
     <span class='ocr_line' id='line_1_76' title="bbox 442 4418 2014 4491; baseline 0.006 -19"><span class='ocrx_word' id='word_1_544' title='bbox 442 4419 640 4478; x_wconf 74' lang='lat' dir='ltr'><strong>anima:</strong></span> <span class='ocrx_word' id='word_1_545' title='bbox 680 4418 954 4477; x_wconf 77' lang='lat' dir='ltr'><strong>facultatis</strong></span> <span class='ocrx_word' id='word_1_546' title='bbox 982 4422 1392 4477; x_wconf 88' lang='lat' dir='ltr'><strong>evidentissima</strong></span> <span class='ocrx_word' id='word_1_547' title='bbox 1425 4433 1742 4491; x_wconf 87' lang='lat' dir='ltr'><strong>argumenta</strong></span> <span class='ocrx_word' id='word_1_548' title='bbox 1774 4425 2014 4481; x_wconf 83' lang='lat' dir='ltr'><strong>exhibet.</strong></span> 
     </span>
    </p>
   </div>
   <div class='ocr_carea' id='block_1_77' title="bbox 442 4509 2019 4584">
    <p class='ocr_par' dir='ltr' id='par_1_77' title="bbox 442 4509 2019 4584">
     <span class='ocr_line' id='line_1_77' title="bbox 442 4509 2019 4584; baseline 0.005 -20"><span class='ocrx_word' id='word_1_549' title='bbox 442 4509 585 4568; x_wconf 78' lang='lat' dir='ltr'><strong>Anni</strong></span> <span class='ocrx_word' id='word_1_550' title='bbox 616 4511 760 4566; x_wconf 87' lang='lat' dir='ltr'><strong>enim</strong></span> <span class='ocrx_word' id='word_1_551' title='bbox 790 4513 884 4582; x_wconf 91' lang='lat' dir='ltr'><strong>qui</strong></span> <span class='ocrx_word' id='word_1_552' title='bbox 910 4513 1051 4567; x_wconf 81' lang='lat' dir='ltr'><strong>infra</strong></span> <span class='ocrx_word' id='word_1_553' title='bbox 1080 4513 1210 4569; x_wconf 90' lang='lat' dir='ltr'><strong>illud</strong></span> <span class='ocrx_word' id='word_1_554' title='bbox 1231 4524 1461 4584; x_wconf 61' lang='lat' dir='ltr'><strong>tempus</strong></span> <span class='ocrx_word' id='word_1_555' title='bbox 1487 4525 1634 4580; x_wconf 92' lang='lat' dir='ltr'><strong>sunt,</strong></span> <span class='ocrx_word' id='word_1_556' title='bbox 1667 4516 1894 4573; x_wconf 88' lang='lat' dir='ltr'><strong>rationis</strong></span> <span class='ocrx_word' id='word_1_557' title='bbox 1922 4533 2019 4572; x_wconf 81' lang='lat' dir='ltr'><strong>ex-</strong></span> 
     </span>
    </p>
   </div>
   <div class='ocr_carea' id='block_1_78' title="bbox 2111 3323 3688 3397">
    <p class='ocr_par' dir='ltr' id='par_1_78' title="bbox 2111 3323 3688 3397">
     <span class='ocr_line' id='line_1_78' title="bbox 2111 3323 3688 3397; baseline -0.008 -12"><span class='ocrx_word' id='word_1_558' title='bbox 2111 3329 2248 3397; x_wconf 81' lang='grc' dir='ltr'>ζειν,</span> <span class='ocrx_word' id='word_1_559' title='bbox 2276 3331 2455 3385; x_wconf 75' lang='grc' dir='ltr'>καὶτὰ</span> <span class='ocrx_word' id='word_1_560' title='bbox 2489 3325 2604 3384; x_wconf 78' lang='grc' dir='ltr'>ὦτα</span> <span class='ocrx_word' id='word_1_561' title='bbox 2623 3329 2868 3391; x_wconf 82' lang='grc' dir='ltr'>ἀκούειν,</span> <span class='ocrx_word' id='word_1_562' title='bbox 2901 3326 3144 3389; x_wconf 73' lang='grc' dir='ltr'>καὶτοὺς</span> <span class='ocrx_word' id='word_1_563' title='bbox 3163 3323 3506 3394; x_wconf 70' lang='grc' dir='ltr'>ὀφθαλμοὺς</span> <span class='ocrx_word' id='word_1_564' title='bbox 3537 3323 3688 3382; x_wconf 64' lang='lat' dir='ltr'><strong>ms;</strong></span> 
     </span>
    </p>
   </div>
   <div class='ocr_carea' id='block_1_79' title="bbox 2112 3413 3686 3495">
    <p class='ocr_par' dir='ltr' id='par_1_79' title="bbox 2112 3413 3686 3495">
     <span class='ocr_line' id='line_1_79' title="bbox 2112 3413 3686 3495; baseline -0.008 -19"><span class='ocrx_word' id='word_1_565' title='bbox 2112 3423 2351 3495; x_wconf 85' lang='grc' dir='ltr'>βλέπειν.</span> <span class='ocrx_word' id='word_1_566' title='bbox 2379 3422 2696 3494; x_wconf 84' lang='grc' dir='ltr'>Τηνικαῦτα</span> <span class='ocrx_word' id='word_1_567' title='bbox 2719 3421 2829 3492; x_wconf 83' lang='grc' dir='ltr'>γὰρ</span> <span class='ocrx_word' id='word_1_568' title='bbox 2873 3421 2918 3453; x_wconf 85' lang='grc'><em>³³</em></span> <span class='ocrx_word' id='word_1_569' title='bbox 2948 3420 3050 3487; x_wconf 85' lang='grc' dir='ltr'><strong>τὴν</strong></span> <span class='ocrx_word' id='word_1_570' title='bbox 3080 3417 3293 3471; x_wconf 85' lang='grc' dir='ltr'>οἰκείαν</span> <span class='ocrx_word' id='word_1_571' title='bbox 3316 3413 3542 3484; x_wconf 75' lang='grc' dir='ltr'>ἀρετὴν</span> <span class='ocrx_word' id='word_1_572' title='bbox 3572 3413 3686 3482; x_wconf 72' lang='grc' dir='ltr'>ἔχειν</span> 
     </span>
    </p>
   </div>
   <div class='ocr_carea' id='block_1_80' title="bbox 2110 3506 3686 3586">
    <p class='ocr_par' dir='ltr' id='par_1_80' title="bbox 2110 3506 3686 3586">
     <span class='ocr_line' id='line_1_80' title="bbox 2110 3506 3686 3586; baseline -0.011 -16"><span class='ocrx_word' id='word_1_573' title='bbox 2110 3516 2254 3570; x_wconf 87' lang='grc' dir='ltr'>κατὰ</span> <span class='ocrx_word' id='word_1_574' title='bbox 2284 3515 2346 3568; x_wconf 79' lang='grc' dir='ltr'>τὸ</span> <span class='ocrx_word' id='word_1_575' title='bbox 2386 3515 2547 3586; x_wconf 83' lang='grc' dir='ltr'>σῶμα</span> <span class='ocrx_word' id='word_1_576' title='bbox 2599 3515 2692 3568; x_wconf 80' lang='grc' dir='ltr'><strong>τὸν</strong></span> <span class='ocrx_word' id='word_1_577' title='bbox 2740 3512 3026 3583; x_wconf 79' lang='grc' dir='ltr'>ἄνθρωπον</span> <span class='ocrx_word' id='word_1_578' title='bbox 3053 3511 3099 3542; x_wconf 71' lang='grc'>³⁸</span> <span class='ocrx_word' id='word_1_579' title='bbox 3143 3508 3418 3578; x_wconf 86' lang='grc' dir='ltr'>λέγομεν,</span> <span class='ocrx_word' id='word_1_580' title='bbox 3452 3508 3588 3559; x_wconf 81' lang='grc' dir='ltr'>ὅταν</span> <span class='ocrx_word' id='word_1_581' title='bbox 3615 3506 3686 3562; x_wconf 67' lang='grc' dir='ltr'><strong>τᾶς</strong></span> 
     </span>
    </p>
   </div>
   <div class='ocr_carea' id='block_1_81' title="bbox 2111 3599 3682 3680">
    <p class='ocr_par' dir='ltr' id='par_1_81' title="bbox 2111 3599 3682 3680">
     <span class='ocr_line' id='line_1_81' title="bbox 2111 3599 3682 3680; baseline -0.008 -18"><span class='ocrx_word' id='word_1_582' title='bbox 2111 3609 2315 3671; x_wconf 76' lang='grc' dir='ltr'>οἰκείας</span> <span class='ocrx_word' id='word_1_583' title='bbox 2349 3607 2633 3680; x_wconf 70' lang='grc' dir='ltr'>ἐνεργείας</span> <span class='ocrx_word' id='word_1_584' title='bbox 2649 3606 2959 3678; x_wconf 82' lang='grc' dir='ltr'>ἀμέμπτως</span> <span class='ocrx_word' id='word_1_585' title='bbox 2988 3601 3235 3671; x_wconf 76' lang='grc' dir='ltr'>ἐπιτελῇ,</span> <span class='ocrx_word' id='word_1_586' title='bbox 3268 3602 3375 3663; x_wconf 71' lang='grc' dir='ltr'>τὰς</span> <span class='ocrx_word' id='word_1_587' title='bbox 3401 3604 3553 3653; x_wconf 72' lang='grc' dir='ltr'>κατὰ</span> <span class='ocrx_word' id='word_1_588' title='bbox 3571 3599 3682 3664; x_wconf 66' lang='lat' dir='ltr'><strong>lar.-</strong></span> 
     </span>
    </p>
   </div>
   <div class='ocr_carea' id='block_1_82' title="bbox 2121 3694 3684 3772">
    <p class='ocr_par' dir='ltr' id='par_1_82' title="bbox 2121 3694 3684 3772">
     <span class='ocr_line' id='line_1_82' title="bbox 2121 3694 3684 3772; baseline -0.008 -17"><span class='ocrx_word' id='word_1_589' title='bbox 2121 3703 2258 3772; x_wconf 84' lang='grc' dir='ltr'>σμδν</span> <span class='ocrx_word' id='word_1_590' title='bbox 2282 3703 2348 3767; x_wconf 77' lang='grc'><strong>³⁵,</strong></span> <span class='ocrx_word' id='word_1_591' title='bbox 2381 3703 2478 3766; x_wconf 84' lang='grc' dir='ltr'>τὰς</span> <span class='ocrx_word' id='word_1_592' title='bbox 2504 3702 2644 3756; x_wconf 83' lang='grc' dir='ltr'>κατὰ</span> <span class='ocrx_word' id='word_1_593' title='bbox 2679 3701 2919 3771; x_wconf 82' lang='grc' dir='ltr'>μνήμην,</span> <span class='ocrx_word' id='word_1_594' title='bbox 2941 3698 3040 3760; x_wconf 84' lang='grc' dir='ltr'>τὰς</span> <span class='ocrx_word' id='word_1_595' title='bbox 3072 3696 3216 3750; x_wconf 85' lang='grc' dir='ltr'>κατὰ</span> <span class='ocrx_word' id='word_1_596' title='bbox 3237 3695 3585 3762; x_wconf 74' lang='grc' dir='ltr'>φαντασίαν,</span> <span class='ocrx_word' id='word_1_597' title='bbox 3611 3694 3684 3751; x_wconf 61' lang='grc' dir='ltr'>τὰς</span> 
     </span>
    </p>
   </div>
   <div class='ocr_carea' id='block_1_83' title="bbox 2123 3789 3682 3864">
    <p class='ocr_par' dir='ltr' id='par_1_83' title="bbox 2123 3789 3682 3864">
     <span class='ocr_line' id='line_1_83' title="bbox 2123 3789 3682 3864; baseline -0.004 -18"><span class='ocrx_word' id='word_1_598' title='bbox 2123 3792 2242 3846; x_wconf 77' lang='grc' dir='ltr'>κατ’</span> <span class='ocrx_word' id='word_1_599' title='bbox 2274 3793 2547 3864; x_wconf 74' lang='grc' dir='ltr'>αἴσθησιν,</span> <span class='ocrx_word' id='word_1_600' title='bbox 2581 3795 2674 3847; x_wconf 80' lang='grc' dir='ltr'>καὶ</span> <span class='ocrx_word' id='word_1_601' title='bbox 2719 3793 2816 3857; x_wconf 84' lang='grc' dir='ltr'>τὰς</span> <span class='ocrx_word' id='word_1_602' title='bbox 2857 3792 3052 3855; x_wconf 84' lang='grc' dir='ltr'>λοιπὰς</span> <span class='ocrx_word' id='word_1_603' title='bbox 3104 3790 3197 3844; x_wconf 80' lang='grc' dir='ltr'>τοῦ</span> <span class='ocrx_word' id='word_1_604' title='bbox 3244 3789 3517 3861; x_wconf 79' lang='grc' dir='ltr'>σώματος</span> <span class='ocrx_word' id='word_1_605' title='bbox 3560 3790 3682 3858; x_wconf 65' lang='grc' dir='ltr'>ἐνερ-</span> 
     </span>
    </p>
   </div>
   <div class='ocr_carea' id='block_1_84' title="bbox 2117 3884 2293 3954">
    <p class='ocr_par' dir='ltr' id='par_1_84' title="bbox 2117 3884 2293 3954">
     <span class='ocr_line' id='line_1_84' title="bbox 2117 3884 2293 3954; baseline 0.011 -16"><span class='ocrx_word' id='word_1_606' title='bbox 2117 3884 2293 3954; x_wconf 84' lang='grc' dir='ltr'>γείας.</span> 
     </span>
    </p>
   </div>
   <div class='ocr_carea' id='block_1_85' title="bbox 2201 4137 3681 4217">
    <p class='ocr_par' dir='ltr' id='par_1_85' title="bbox 2201 4137 3681 4217">
     <span class='ocr_line' id='line_1_85' title="bbox 2201 4137 3681 4217; baseline -0.009 -14"><span class='ocrx_word' id='word_1_607' title='bbox 2201 4149 2352 4202; x_wconf 76' lang='grc' dir='ltr'>Ἐπεὶ</span> <span class='ocrx_word' id='word_1_608' title='bbox 2366 4147 2423 4201; x_wconf 75' lang='grc' dir='ltr'>δὲ</span> <span class='ocrx_word' id='word_1_609' title='bbox 2443 4145 2664 4217; x_wconf 78' lang='grc' dir='ltr'>λογικὸς</span> <span class='ocrx_word' id='word_1_610' title='bbox 2681 4146 2726 4178; x_wconf 76' lang='grc'><strong>³⁸</strong></span> <span class='ocrx_word' id='word_1_611' title='bbox 2744 4163 2810 4198; x_wconf 89' lang='grc' dir='ltr'><strong>κυ</strong></span> <span class='ocrx_word' id='word_1_612' title='bbox 2821 4144 2950 4215; x_wconf 84' lang='grc' dir='ltr'>ρίως</span> <span class='ocrx_word' id='word_1_613' title='bbox 2959 4142 3080 4197; x_wconf 86' lang='grc' dir='ltr'>τότε</span> <span class='ocrx_word' id='word_1_614' title='bbox 3101 4140 3325 4215; x_wconf 81' lang='grc' dir='ltr'>λέγεται</span> <span class='ocrx_word' id='word_1_615' title='bbox 3343 4138 3378 4191; x_wconf 87' lang='lat'><strong>6</strong></span> <span class='ocrx_word' id='word_1_616' title='bbox 3395 4137 3499 4193; x_wconf 77' lang='grc' dir='ltr'><strong>ἄνθ</strong></span> <span class='ocrx_word' id='word_1_617' title='bbox 3509 4153 3681 4208; x_wconf 67' lang='grc' dir='ltr'>ρωπος,</span> 
     </span>
    </p>
   </div>
   <div class='ocr_carea' id='block_1_86' title="bbox 2121 4231 3681 4308">
    <p class='ocr_par' dir='ltr' id='par_1_86' title="bbox 2121 4231 3681 4308">
     <span class='ocr_line' id='line_1_86' title="bbox 2121 4231 3681 4308; baseline -0.008 -14"><span class='ocrx_word' id='word_1_618' title='bbox 2121 4242 2168 4294; x_wconf 84' lang='grc' dir='ltr'>εἰ</span> <span class='ocrx_word' id='word_1_619' title='bbox 2203 4239 2298 4294; x_wconf 76' lang='grc' dir='ltr'>καὶ</span> <span class='ocrx_word' id='word_1_620' title='bbox 2329 4239 2492 4308; x_wconf 81' lang='grc' dir='ltr'>φύσει</span> <span class='ocrx_word' id='word_1_621' title='bbox 2534 4237 2653 4291; x_wconf 77' lang='grc' dir='ltr'>ἐστὶ</span> <span class='ocrx_word' id='word_1_622' title='bbox 2697 4235 2949 4305; x_wconf 79' lang='grc' dir='ltr'>λογικὸς,</span> <span class='ocrx_word' id='word_1_623' title='bbox 3000 4235 3128 4288; x_wconf 82' lang='grc' dir='ltr'>ὅταν</span> <span class='ocrx_word' id='word_1_624' title='bbox 3168 4232 3271 4303; x_wconf 72' lang='grc' dir='ltr'><strong>ἤδη</strong></span> <span class='ocrx_word' id='word_1_625' title='bbox 3326 4231 3526 4294; x_wconf 72' lang='grc' dir='ltr'>ἱκανός</span> <span class='ocrx_word' id='word_1_626' title='bbox 3564 4233 3681 4283; x_wconf 65' lang='grc' dir='ltr'>ἔστιν</span> 
     </span>
    </p>
   </div>
   <div class='ocr_carea' id='block_1_87' title="bbox 2121 4323 3676 4402">
    <p class='ocr_par' dir='ltr' id='par_1_87' title="bbox 2121 4323 3676 4402">
     <span class='ocr_line' id='line_1_87' title="bbox 2121 4323 3676 4402; baseline -0.006 -18"><span class='ocrx_word' id='word_1_627' title='bbox 2121 4330 2394 4402; x_wconf 79' lang='grc' dir='ltr'>ἑρμηνεὺς</span> <span class='ocrx_word' id='word_1_628' title='bbox 2439 4323 2582 4381; x_wconf 78' lang='grc' dir='ltr'>εἷναι</span> <span class='ocrx_word' id='word_1_629' title='bbox 2623 4327 2731 4381; x_wconf 86' lang='grc' dir='ltr'>τῶν</span> <span class='ocrx_word' id='word_1_630' title='bbox 2763 4325 3011 4394; x_wconf 79' lang='grc' dir='ltr'>συνήθων</span> <span class='ocrx_word' id='word_1_631' title='bbox 3043 4324 3331 4394; x_wconf 83' lang='grc' dir='ltr'>ὀνομάτων</span> <span class='ocrx_word' id='word_1_632' title='bbox 3363 4339 3430 4375; x_wconf 86' lang='grc' dir='ltr'><strong>τε</strong></span> <span class='ocrx_word' id='word_1_633' title='bbox 3479 4323 3574 4375; x_wconf 87' lang='grc' dir='ltr'>καὶ</span> <span class='ocrx_word' id='word_1_634' title='bbox 3604 4325 3676 4392; x_wconf 66' lang='grc' dir='ltr'><strong>ρη-</strong></span> 
     </span>
    </p>
   </div>
   <div class='ocr_carea' id='block_1_88' title="bbox 2126 4415 3676 4496">
    <p class='ocr_par' dir='ltr' id='par_1_88' title="bbox 2126 4415 3676 4496">
     <span class='ocr_line' id='line_1_88' title="bbox 2126 4415 3676 4496; baseline -0.008 -19"><span class='ocrx_word' id='word_1_635' title='bbox 2126 4424 2345 4496; x_wconf 86' lang='grc' dir='ltr'>μάτων,</span> <span class='ocrx_word' id='word_1_636' title='bbox 2403 4423 2498 4474; x_wconf 76' lang='grc' dir='ltr'><strong>καὶ</strong></span> <span class='ocrx_word' id='word_1_637' title='bbox 2546 4422 2588 4454; x_wconf 82' lang='grc'><strong>⁸⁷</strong></span> <span class='ocrx_word' id='word_1_638' title='bbox 2626 4421 2724 4492; x_wconf 83' lang='grc' dir='ltr'><strong>τὴν</strong></span> <span class='ocrx_word' id='word_1_639' title='bbox 2763 4419 2991 4489; x_wconf 80' lang='grc' dir='ltr'>λογικὴν</span> <span class='ocrx_word' id='word_1_640' title='bbox 3037 4417 3150 4482; x_wconf 73' lang='grc' dir='ltr'>ἕξιν</span> <span class='ocrx_word' id='word_1_641' title='bbox 3215 4415 3676 4488; x_wconf 53' lang='grc' dir='ltr'>περιποιούμενος,</span> 
     </span>
    </p>
   </div>
   <div class='ocr_carea' id='block_1_89' title="bbox 2123 4508 3676 4590">
    <p class='ocr_par' dir='ltr' id='par_1_89' title="bbox 2123 4508 3676 4590">
     <span class='ocr_line' id='line_1_89' title="bbox 2123 4508 3676 4590; baseline -0.008 -19"><span class='ocrx_word' id='word_1_642' title='bbox 2123 4519 2288 4590; x_wconf 76' lang='grc' dir='ltr'>ήγουν</span> <span class='ocrx_word' id='word_1_643' title='bbox 2313 4515 2455 4569; x_wconf 84' lang='grc' dir='ltr'><strong>κατά</strong></span> <span class='ocrx_word' id='word_1_644' title='bbox 2485 4514 2585 4585; x_wconf 83' lang='grc' dir='ltr'>τὴν</span> <span class='ocrx_word' id='word_1_645' title='bbox 2615 4511 2839 4583; x_wconf 83' lang='grc' dir='ltr'>πρώτην</span> <span class='ocrx_word' id='word_1_646' title='bbox 2865 4509 3177 4564; x_wconf 78' lang='grc' dir='ltr'>ἑπταετίαν.</span> <span class='ocrx_word' id='word_1_647' title='bbox 3202 4508 3286 4560; x_wconf 81' lang='grc' dir='ltr'><strong>Τὰ</strong></span> <span class='ocrx_word' id='word_1_648' title='bbox 3311 4509 3430 4578; x_wconf 80' lang='grc' dir='ltr'>γὰρ</span> <span class='ocrx_word' id='word_1_649' title='bbox 3448 4508 3554 4579; x_wconf 72' lang='grc' dir='ltr'>πρὸ</span> <span class='ocrx_word' id='word_1_650' title='bbox 3577 4508 3676 4560; x_wconf 68' lang='grc' dir='ltr'>ταί-</span> 
     </span>
    </p>
   </div>
   <div class='ocr_carea' id='block_1_90' title="bbox 444 4599 2012 4679">
    <p class='ocr_par' dir='ltr' id='par_1_90' title="bbox 444 4604 2012 4677">
     <span class='ocr_line' id='line_1_90' title="bbox 444 4604 2012 4677; baseline 0.002 -18"><span class='ocrx_word' id='word_1_651' title='bbox 444 4611 644 4673; x_wconf 83' lang='lat' dir='ltr'><strong>pertes,</strong></span> <span class='ocrx_word' id='word_1_652' title='bbox 667 4604 1146 4676; x_wconf 88' lang='lat' dir='ltr'><strong>imprudentesque</strong></span> <span class='ocrx_word' id='word_1_653' title='bbox 1181 4621 1245 4660; x_wconf 89' lang='lat' dir='ltr'><strong>ac</strong></span> <span class='ocrx_word' id='word_1_654' title='bbox 1274 4604 1522 4660; x_wconf 81' lang='lat' dir='ltr'><strong>fatuitate</strong></span> <span class='ocrx_word' id='word_1_655' title='bbox 1553 4606 1696 4677; x_wconf 90' lang='lat' dir='ltr'><strong>pleni</strong></span> <span class='ocrx_word' id='word_1_656' title='bbox 1722 4607 2012 4662; x_wconf 89' lang='lat' dir='ltr'><strong>habentur.</strong></span> 
     </span>
    </p>
   </div>
   <div class='ocr_carea' id='block_1_91' title="bbox 2132 4599 3677 4679">
    <p class='ocr_par' dir='ltr' id='par_1_91' title="bbox 2132 4599 3677 4679">
     <span class='ocr_line' id='line_1_91' title="bbox 2132 4599 3677 4679; baseline -0.008 -17"><span class='ocrx_word' id='word_1_657' title='bbox 2132 4626 2218 4679; x_wconf 71' lang='grc' dir='ltr'>της</span> <span class='ocrx_word' id='word_1_658' title='bbox 2249 4607 2365 4678; x_wconf 75' lang='grc' dir='ltr'>ἔτη,</span> <span class='ocrx_word' id='word_1_659' title='bbox 2431 4604 2674 4672; x_wconf 85' lang='grc' dir='ltr'>ἀλογίας,</span> <span class='ocrx_word' id='word_1_660' title='bbox 2724 4605 2820 4658; x_wconf 84' lang='grc' dir='ltr'>καὶ</span> <span class='ocrx_word' id='word_1_661' title='bbox 2871 4601 3182 4668; x_wconf 86' lang='grc' dir='ltr'>ἀσυνεσίας,</span> <span class='ocrx_word' id='word_1_662' title='bbox 3237 4602 3340 4654; x_wconf 73' lang='grc' dir='ltr'><strong>καὶ</strong></span> <span class='ocrx_word' id='word_1_663' title='bbox 3391 4599 3677 4671; x_wconf 61' lang='grc' dir='ltr'>ἀφροσύνης</span> 
     </span>
    </p>
   </div>
   <div class='ocr_carea' id='block_1_92' title="bbox 445 4692 2015 4768">
    <p class='ocr_par' dir='ltr' id='par_1_92' title="bbox 445 4692 2015 4768">
     <span class='ocr_line' id='line_1_92' title="bbox 445 4692 2015 4768; baseline 0.002 -19"><span class='ocrx_word' id='word_1_664' title='bbox 445 4692 584 4752; x_wconf 87' lang='lat' dir='ltr'><strong>Cum</strong></span> <span class='ocrx_word' id='word_1_665' title='bbox 609 4710 740 4751; x_wconf 88' lang='lat' dir='ltr'><strong>vero</strong></span> <span class='ocrx_word' id='word_1_666' title='bbox 769 4696 916 4752; x_wconf 88' lang='lat' dir='ltr'><strong>aliud</strong></span> <span class='ocrx_word' id='word_1_667' title='bbox 958 4697 1300 4767; x_wconf 84' lang='lat' dir='ltr'><strong>septenuium</strong></span> <span class='ocrx_word' id='word_1_668' title='bbox 1352 4697 1666 4763; x_wconf 87' lang='lat' dir='ltr'><strong>absolverit,</strong></span> <span class='ocrx_word' id='word_1_669' title='bbox 1714 4697 2015 4768; x_wconf 80' lang='lat' dir='ltr'><strong>perlectum</strong></span> 
     </span>
    </p>
   </div>
   <div class='ocr_carea' id='block_1_93' title="bbox 447 4788 2016 4859">
    <p class='ocr_par' dir='ltr' id='par_1_93' title="bbox 447 4788 2016 4859">
     <span class='ocr_line' id='line_1_93' title="bbox 447 4788 2016 4859; baseline 0.003 -19"><span class='ocrx_word' id='word_1_670' title='bbox 447 4795 595 4842; x_wconf 89' lang='lat' dir='ltr'><strong>recte</strong></span> <span class='ocrx_word' id='word_1_671' title='bbox 655 4788 861 4844; x_wconf 85' lang='lat' dir='ltr'><strong>dixeris</strong></span> <span class='ocrx_word' id='word_1_672' title='bbox 905 4806 921 4844; x_wconf 90' lang='lat'><strong>:</strong></span> <span class='ocrx_word' id='word_1_673' title='bbox 973 4805 1098 4844; x_wconf 86' lang='lat' dir='ltr'><strong>nam</strong></span> <span class='ocrx_word' id='word_1_674' title='bbox 1158 4790 1467 4859; x_wconf 86' lang='lat' dir='ltr'><strong>hujusmodi</strong></span> <span class='ocrx_word' id='word_1_675' title='bbox 1513 4788 1647 4847; x_wconf 55' lang='lat' dir='ltr'><strong>dias</strong></span> <span class='ocrx_word' id='word_1_676' title='bbox 1697 4791 1876 4847; x_wconf 89' lang='lat' dir='ltr'><strong>simile</strong></span> <span class='ocrx_word' id='word_1_677' title='bbox 1913 4791 2016 4846; x_wconf 88' lang='lat' dir='ltr'><strong>sibi</strong></span> 
     </span>
    </p>
   </div>
   <div class='ocr_carea' id='block_1_94' title="bbox 448 4880 2018 4954">
    <p class='ocr_par' dir='ltr' id='par_1_94' title="bbox 448 4880 2018 4954">
     <span class='ocr_line' id='line_1_94' title="bbox 448 4880 2018 4954; baseline 0.003 -23"><span class='ocrx_word' id='word_1_678' title='bbox 448 4893 738 4946; x_wconf 88' lang='lat' dir='ltr'><strong>procreare</strong></span> <span class='ocrx_word' id='word_1_679' title='bbox 809 4880 1007 4936; x_wconf 89' lang='lat' dir='ltr'><strong>idonea</strong></span> <span class='ocrx_word' id='word_1_680' title='bbox 1063 4890 1166 4938; x_wconf 89' lang='lat' dir='ltr'><strong>est.</strong></span> <span class='ocrx_word' id='word_1_681' title='bbox 1217 4881 1299 4936; x_wconf 85' lang='lat' dir='ltr'><strong>Ad</strong></span> <span class='ocrx_word' id='word_1_682' title='bbox 1350 4883 1482 4945; x_wconf 72' lang='lat' dir='ltr'><strong>haec,</strong></span> <span class='ocrx_word' id='word_1_683' title='bbox 1547 4884 1693 4938; x_wconf 88' lang='lat' dir='ltr'><strong>tertii</strong></span> <span class='ocrx_word' id='word_1_684' title='bbox 1751 4883 2018 4954; x_wconf 81' lang='lat' dir='ltr'><strong>septennii</strong></span> 
     </span>
    </p>
   </div>
   <div class='ocr_carea' id='block_1_95' title="bbox 451 4972 2018 5045">
    <p class='ocr_par' dir='ltr' id='par_1_95' title="bbox 451 4972 2018 5045">
     <span class='ocr_line' id='line_1_95' title="bbox 451 4972 2018 5045; baseline 0.005 -22"><span class='ocrx_word' id='word_1_685' title='bbox 451 4981 666 5039; x_wconf 87' lang='lat' dir='ltr'><strong>tempus</strong></span> <span class='ocrx_word' id='word_1_686' title='bbox 751 4972 999 5041; x_wconf 91' lang='lat' dir='ltr'><strong>corporis</strong></span> <span class='ocrx_word' id='word_1_687' title='bbox 1029 4973 1465 5045; x_wconf 43' lang='lat' dir='ltr'><strong>\iucremenlum</strong></span> <span class='ocrx_word' id='word_1_688' title='bbox 1525 4977 1848 5045; x_wconf 68' lang='lat' dir='ltr'><strong>praescribit,</strong></span> <span class='ocrx_word' id='word_1_689' title='bbox 1895 4993 2018 5032; x_wconf 87' lang='lat' dir='ltr'><strong>nam</strong></span> 
     </span>
    </p>
   </div>
   <div class='ocr_carea' id='block_1_96' title="bbox 453 5061 2022 5133">
    <p class='ocr_par' dir='ltr' id='par_1_96' title="bbox 453 5061 2022 5133">
     <span class='ocr_line' id='line_1_96' title="bbox 453 5061 2022 5133; baseline 0.004 -18"><span class='ocrx_word' id='word_1_690' title='bbox 453 5069 576 5129; x_wconf 83' lang='lat' dir='ltr'><strong>post</strong></span> <span class='ocrx_word' id='word_1_691' title='bbox 643 5061 880 5132; x_wconf 88' lang='lat' dir='ltr'><strong>primum</strong></span> <span class='ocrx_word' id='word_1_692' title='bbox 929 5077 1091 5133; x_wconf 90' lang='lat' dir='ltr'><strong>supra</strong></span> <span class='ocrx_word' id='word_1_693' title='bbox 1127 5065 1446 5120; x_wconf 81' lang='lat' dir='ltr'><strong>vicesimum</strong></span> <span class='ocrx_word' id='word_1_694' title='bbox 1505 5081 1733 5133; x_wconf 90' lang='lat' dir='ltr'><strong>annum,</strong></span> <span class='ocrx_word' id='word_1_695' title='bbox 1773 5068 1907 5122; x_wconf 86' lang='lat' dir='ltr'><strong>nihil</strong></span> <span class='ocrx_word' id='word_1_696' title='bbox 1955 5069 2022 5122; x_wconf 89' lang='lat' dir='ltr'><strong>ad</strong></span> 
     </span>
    </p>
   </div>
   <div class='ocr_carea' id='block_1_97' title="bbox 454 5153 2022 5231">
    <p class='ocr_par' dir='ltr' id='par_1_97' title="bbox 454 5153 2022 5231">
     <span class='ocr_line' id='line_1_97' title="bbox 454 5153 2022 5231; baseline 0.005 -26"><span class='ocrx_word' id='word_1_697' title='bbox 454 5153 680 5208; x_wconf 88' lang='lat' dir='ltr'><strong>humani</strong></span> <span class='ocrx_word' id='word_1_698' title='bbox 743 5155 989 5223; x_wconf 88' lang='lat' dir='ltr'><strong>corporis</strong></span> <span class='ocrx_word' id='word_1_699' title='bbox 1065 5155 1493 5226; x_wconf 81' lang='lat' dir='ltr'><strong>magnitudinem</strong></span> <span class='ocrx_word' id='word_1_700' title='bbox 1561 5159 1766 5213; x_wconf 89' lang='lat' dir='ltr'><strong>accedit</strong></span> <span class='ocrx_word' id='word_1_701' title='bbox 1809 5177 1833 5231; x_wconf 89' lang='lat'><strong>_:</strong></span> <span class='ocrx_word' id='word_1_702' title='bbox 1885 5159 2022 5214; x_wconf 89' lang='lat' dir='ltr'><strong>tales</strong></span> 
     </span>
    </p>
   </div>
   <div class='ocr_carea' id='block_1_98' title="bbox 453 5241 2024 5318">
    <p class='ocr_par' dir='ltr' id='par_1_98' title="bbox 453 5241 2024 5318">
     <span class='ocr_line' id='line_1_98' title="bbox 453 5241 2024 5318; baseline 0.004 -21"><span class='ocrx_word' id='word_1_703' title='bbox 453 5241 724 5312; x_wconf 89' lang='lat' dir='ltr'><strong>siquidem</strong></span> <span class='ocrx_word' id='word_1_704' title='bbox 781 5245 943 5308; x_wconf 85' lang='lat' dir='ltr'><strong>anni.</strong></span> <span class='ocrx_word' id='word_1_705' title='bbox 999 5247 1152 5316; x_wconf 82' lang='lat' dir='ltr'><strong>vigor</strong></span> <span class='ocrx_word' id='word_1_706' title='bbox 1203 5256 1258 5300; x_wconf 90' lang='lat' dir='ltr'><strong>et</strong></span> <span class='ocrx_word' id='word_1_707' title='bbox 1309 5246 1408 5301; x_wconf 87' lang='lat' dir='ltr'><strong>llos</strong></span> <span class='ocrx_word' id='word_1_708' title='bbox 1465 5247 1645 5302; x_wconf 67' lang='lat' dir='ltr'><strong>anatis</strong></span> <span class='ocrx_word' id='word_1_709' title='bbox 1703 5263 2024 5318; x_wconf 83' lang='lat' dir='ltr'><strong>nuncupan-</strong></span> 
     </span>
    </p>
   </div>
   <div class='ocr_carea' id='block_1_99' title="bbox 455 5333 2023 5413">
    <p class='ocr_par' dir='ltr' id='par_1_99' title="bbox 455 5333 2023 5413">
     <span class='ocr_line' id='line_1_99' title="bbox 455 5333 2023 5413; baseline 0.004 -24"><span class='ocrx_word' id='word_1_710' title='bbox 455 5345 566 5390; x_wconf 89' lang='lat' dir='ltr'><strong>tur.</strong></span> <span class='ocrx_word' id='word_1_711' title='bbox 616 5333 898 5392; x_wconf 80' lang='lat' dir='ltr'><strong>Rationale</strong></span> <span class='ocrx_word' id='word_1_712' title='bbox 968 5339 1113 5393; x_wconf 91' lang='lat' dir='ltr'><strong>enim</strong></span> <span class='ocrx_word' id='word_1_713' title='bbox 1167 5339 1266 5410; x_wconf 91' lang='lat' dir='ltr'><strong>ipsi</strong></span> <span class='ocrx_word' id='word_1_714' title='bbox 1325 5340 1522 5394; x_wconf 74' lang='lat' dir='ltr'><strong>anima:</strong></span> <span class='ocrx_word' id='word_1_715' title='bbox 1576 5341 1755 5410; x_wconf 92' lang='lat' dir='ltr'><strong>primo</strong></span> <span class='ocrx_word' id='word_1_716' title='bbox 1803 5350 2023 5413; x_wconf 88' lang='lat' dir='ltr'><strong>septen-</strong></span> 
     </span>
    </p>
   </div>
   <div class='ocr_carea' id='block_1_100' title="bbox 457 5427 2023 5505">
    <p class='ocr_par' dir='ltr' id='par_1_100' title="bbox 457 5427 2023 5505">
     <span class='ocr_line' id='line_1_100' title="bbox 457 5427 2023 5505; baseline 0.004 -24"><span class='ocrx_word' id='word_1_717' title='bbox 457 5427 552 5482; x_wconf 51' lang='lat' dir='ltr'><strong>i‘.io</strong></span> <span class='ocrx_word' id='word_1_718' title='bbox 586 5428 976 5498; x_wconf 56' lang='lat' dir='ltr'><strong>praescribitur.</strong></span> <span class='ocrx_word' id='word_1_719' title='bbox 1031 5431 1100 5485; x_wconf 83' lang='lat' dir='ltr'><strong>At</strong></span> <span class='ocrx_word' id='word_1_720' title='bbox 1147 5441 1275 5487; x_wconf 89' lang='lat' dir='ltr'><strong>sunt</strong></span> <span class='ocrx_word' id='word_1_721' title='bbox 1328 5432 1484 5488; x_wconf 89' lang='lat' dir='ltr'><strong>nobis</strong></span> <span class='ocrx_word' id='word_1_722' title='bbox 1533 5448 1726 5489; x_wconf 84' lang='lat' dir='ltr'><strong>sensus</strong></span> <span class='ocrx_word' id='word_1_723' title='bbox 1757 5433 2023 5505; x_wconf 89' lang='lat' dir='ltr'><strong>quinque,</strong></span> 
     </span>
    </p>
   </div>
   <div class='ocr_carea' id='block_1_101' title="bbox 2123 4691 3676 4772">
    <p class='ocr_par' dir='ltr' id='par_1_101' title="bbox 2123 4691 3676 4772">
     <span class='ocr_line' id='line_1_101' title="bbox 2123 4691 3676 4772; baseline -0.004 -17"><span class='ocrx_word' id='word_1_724' title='bbox 2123 4701 2441 4772; x_wconf 74' lang='grc' dir='ltr'>ἀνάμεσταο</span> <span class='ocrx_word' id='word_1_725' title='bbox 2498 4697 2640 4752; x_wconf 89' lang='grc' dir='ltr'><strong>κατά</strong></span> <span class='ocrx_word' id='word_1_726' title='bbox 2687 4696 2744 4750; x_wconf 83' lang='grc' dir='ltr'>δὲ</span> <span class='ocrx_word' id='word_1_727' title='bbox 2790 4696 2892 4767; x_wconf 81' lang='grc' dir='ltr'><strong>τὴν</strong></span> <span class='ocrx_word' id='word_1_728' title='bbox 2930 4694 3126 4764; x_wconf 80' lang='grc' dir='ltr'>ἑτέραν</span> <span class='ocrx_word' id='word_1_729' title='bbox 3179 4692 3488 4747; x_wconf 82' lang='grc' dir='ltr'>ἑπταετίαν</span> <span class='ocrx_word' id='word_1_730' title='bbox 3526 4691 3676 4760; x_wconf 63' lang='grc' dir='ltr'>ἄκρας</span> 
     </span>
    </p>
   </div>
   <div class='ocr_carea' id='block_1_102' title="bbox 2123 4777 3673 4853">
    <p class='ocr_par' dir='ltr' id='par_1_102' title="bbox 2123 4777 3673 4853">
     <span class='ocr_line' id='line_1_102' title="bbox 2123 4777 3673 4853; baseline -0.01 -8"><span class='ocrx_word' id='word_1_731' title='bbox 2123 4789 2490 4845; x_wconf 77' lang='grc' dir='ltr'>τελειοῦσθαιο</span> <span class='ocrx_word' id='word_1_732' title='bbox 2545 4787 2828 4850; x_wconf 88' lang='grc' dir='ltr'>τελείωσις</span> <span class='ocrx_word' id='word_1_733' title='bbox 2876 4785 2932 4838; x_wconf 78' lang='grc' dir='ltr'><strong>δέ</strong></span> <span class='ocrx_word' id='word_1_734' title='bbox 2989 4787 3106 4838; x_wconf 73' lang='grc' dir='ltr'>ἐστι</span> <span class='ocrx_word' id='word_1_735' title='bbox 3163 4781 3404 4853; x_wconf 81' lang='grc' dir='ltr'>δύναμις</span> <span class='ocrx_word' id='word_1_736' title='bbox 3464 4782 3563 4851; x_wconf 83' lang='grc' dir='ltr'>τῆς</span> 
     </span>
    </p>
   </div>
   <div class='ocr_carea' id='block_1_103' title="bbox 2123 4873 3674 4954">
    <p class='ocr_par' dir='ltr' id='par_1_103' title="bbox 2123 4873 3674 4954">
     <span class='ocr_line' id='line_1_103' title="bbox 2123 4873 3674 4954; baseline -0.009 -16"><span class='ocrx_word' id='word_1_737' title='bbox 2123 4884 2310 4954; x_wconf 87' lang='grc' dir='ltr'>ὁμοίου</span> <span class='ocrx_word' id='word_1_738' title='bbox 2343 4884 2573 4953; x_wconf 79' lang='grc' dir='ltr'>σπορᾶς.</span> <span class='ocrx_word' id='word_1_739' title='bbox 2620 4881 2756 4952; x_wconf 69' lang='grc' dir='ltr'>Περὶ</span> <span class='ocrx_word' id='word_1_740' title='bbox 2787 4878 2894 4948; x_wconf 87' lang='grc' dir='ltr'>γὰρ</span> <span class='ocrx_word' id='word_1_741' title='bbox 2952 4877 3053 4948; x_wconf 82' lang='grc' dir='ltr'><strong>τὴν</strong></span> <span class='ocrx_word' id='word_1_742' title='bbox 3092 4873 3674 4946; x_wconf 52' lang='grc' dir='ltr'>τεσσαρεσκαιδεκάτῃ</span> 
     </span>
    </p>
   </div>
   <div class='ocr_carea' id='block_1_104' title="bbox 2127 4964 3675 5046">
    <p class='ocr_par' dir='ltr' id='par_1_104' title="bbox 2127 4964 3675 5046">
     <span class='ocr_line' id='line_1_104' title="bbox 2127 4964 3675 5046; baseline -0.011 -16"><span class='ocrx_word' id='word_1_743' title='bbox 2127 4975 2340 5046; x_wconf 78' lang='grc' dir='ltr'>ἡλικίαν</span> <span class='ocrx_word' id='word_1_744' title='bbox 2370 4973 2430 5028; x_wconf 84' lang='grc' dir='ltr'><strong>τὸ</strong></span> <span class='ocrx_word' id='word_1_745' title='bbox 2463 4974 2648 5042; x_wconf 87' lang='grc' dir='ltr'>ὅμοιον</span> <span class='ocrx_word' id='word_1_746' title='bbox 2673 4971 2868 5042; x_wconf 76' lang='grc' dir='ltr'>γεννᾷν</span> <span class='ocrx_word' id='word_1_747' title='bbox 2900 4966 3197 5038; x_wconf 79' lang='grc' dir='ltr'>δυνάμεθα.</span> <span class='ocrx_word' id='word_1_748' title='bbox 3233 4965 3416 5036; x_wconf 81' lang='grc' dir='ltr'>Τρίτη</span> <span class='ocrx_word' id='word_1_749' title='bbox 3463 4964 3615 5018; x_wconf 69' lang='grc' dir='ltr'>πάλιν</span> <span class='ocrx_word' id='word_1_750' title='bbox 3646 4964 3675 4993; x_wconf 79' lang='grc'><em>³</em></span> 
     </span>
    </p>
   </div>
   <div class='ocr_carea' id='block_1_105' title="bbox 2129 5056 3675 5136">
    <p class='ocr_par' dir='ltr' id='par_1_105' title="bbox 2129 5056 3675 5136">
     <span class='ocr_line' id='line_1_105' title="bbox 2129 5056 3675 5136; baseline -0.01 -15"><span class='ocrx_word' id='word_1_751' title='bbox 2129 5065 2388 5121; x_wconf 83' lang='grc' dir='ltr'>έπταετία</span> <span class='ocrx_word' id='word_1_752' title='bbox 2417 5065 2590 5136; x_wconf 79' lang='grc' dir='ltr'>πέρας</span> <span class='ocrx_word' id='word_1_753' title='bbox 2617 5061 2764 5116; x_wconf 78' lang='grc' dir='ltr'>ἐστιν</span> <span class='ocrx_word' id='word_1_754' title='bbox 2783 5061 3062 5130; x_wconf 80' lang='grc' dir='ltr'>αὐξήσεως</span> <span class='ocrx_word' id='word_1_755' title='bbox 3083 5074 3099 5090; x_wconf 88' lang='grc'><strong>·</strong></span> <span class='ocrx_word' id='word_1_756' title='bbox 3130 5058 3259 5128; x_wconf 86' lang='grc' dir='ltr'>ἄχρι</span> <span class='ocrx_word' id='word_1_757' title='bbox 3297 5056 3413 5126; x_wconf 72' lang='grc' dir='ltr'>γὰρ</span> <span class='ocrx_word' id='word_1_758' title='bbox 3448 5056 3562 5119; x_wconf 69' lang='grc' dir='ltr'>ἑνὸς</span> <span class='ocrx_word' id='word_1_759' title='bbox 3607 5057 3675 5107; x_wconf 63' lang='grc' dir='ltr'>καὶ</span> 
     </span>
    </p>
   </div>
   <div class='ocr_carea' id='block_1_106' title="bbox 2129 5141 3673 5217">
    <p class='ocr_par' dir='ltr' id='par_1_106' title="bbox 2129 5141 3673 5217">
     <span class='ocr_line' id='line_1_106' title="bbox 2129 5141 3673 5217; baseline -0.009 -8"><span class='ocrx_word' id='word_1_760' title='bbox 2129 5156 2333 5209; x_wconf 71' lang='grc' dir='ltr'>εἴκοσιν</span> <span class='ocrx_word' id='word_1_761' title='bbox 2384 5153 2523 5206; x_wconf 83' lang='grc' dir='ltr'>ὲτῶν</span> <span class='ocrx_word' id='word_1_762' title='bbox 2570 5150 2878 5205; x_wconf 77' lang='grc' dir='ltr'>ἐπιδίδωσιν</span> <span class='ocrx_word' id='word_1_763' title='bbox 2914 5141 2996 5211; x_wconf 81' lang='grc' dir='ltr'><strong>είς</strong></span> <span class='ocrx_word' id='word_1_764' title='bbox 3029 5145 3260 5217; x_wconf 80' lang='grc' dir='ltr'>μέγεθος</span> <span class='ocrx_word' id='word_1_765' title='bbox 3307 5145 3338 5196; x_wconf 90' lang='lat'><strong>6</strong></span> <span class='ocrx_word' id='word_1_766' title='bbox 3384 5144 3673 5216; x_wconf 71' lang='grc' dir='ltr'>ἄνθρωπος·</span> 
     </span>
    </p>
   </div>
   <div class='ocr_carea' id='block_1_107' title="bbox 2130 5231 3672 5314">
    <p class='ocr_par' dir='ltr' id='par_1_107' title="bbox 2130 5231 3672 5314">
     <span class='ocr_line' id='line_1_107' title="bbox 2130 5231 3672 5314; baseline -0.008 -13"><span class='ocrx_word' id='word_1_767' title='bbox 2130 5248 2226 5301; x_wconf 81' lang='grc' dir='ltr'>καὶ</span> <span class='ocrx_word' id='word_1_768' title='bbox 2273 5246 2521 5302; x_wconf 85' lang='grc' dir='ltr'>καλεῖται</span> <span class='ocrx_word' id='word_1_769' title='bbox 2573 5244 2723 5314; x_wconf 85' lang='grc' dir='ltr'><strong>παρά</strong></span> <span class='ocrx_word' id='word_1_770' title='bbox 2763 5242 2979 5304; x_wconf 86' lang='grc' dir='ltr'>πολλοῖς</span> <span class='ocrx_word' id='word_1_771' title='bbox 3005 5241 3036 5294; x_wconf 95' lang='lat'><strong>6</strong></span> <span class='ocrx_word' id='word_1_772' title='bbox 3067 5239 3260 5312; x_wconf 81' lang='grc' dir='ltr'>χρόνος</span> <span class='ocrx_word' id='word_1_773' title='bbox 3313 5231 3478 5301; x_wconf 73' lang='grc' dir='ltr'>οὗτος</span> <span class='ocrx_word' id='word_1_774' title='bbox 3523 5237 3672 5306; x_wconf 69' lang='grc' dir='ltr'>ἀκμή.</span> 
     </span>
    </p>
   </div>
   <div class='ocr_carea' id='block_1_108' title="bbox 2128 5332 3672 5412">
    <p class='ocr_par' dir='ltr' id='par_1_108' title="bbox 2128 5332 3672 5412">
     <span class='ocr_line' id='line_1_108' title="bbox 2128 5332 3672 5412; baseline -0.008 -18"><span class='ocrx_word' id='word_1_775' title='bbox 2128 5341 2321 5412; x_wconf 77' lang='grc' dir='ltr'>Ψυχῆς</span> <span class='ocrx_word' id='word_1_776' title='bbox 2354 5339 2451 5410; x_wconf 80' lang='grc' dir='ltr'><strong>μὲν</strong></span> <span class='ocrx_word' id='word_1_777' title='bbox 2479 5333 2574 5392; x_wconf 77' lang='grc' dir='ltr'><strong>οὖν</strong></span> <span class='ocrx_word' id='word_1_778' title='bbox 2598 5338 2659 5391; x_wconf 84' lang='grc' dir='ltr'><strong>τὸ</strong></span> <span class='ocrx_word' id='word_1_779' title='bbox 2688 5337 2807 5390; x_wconf 87' lang='grc' dir='ltr'>ὅλον</span> <span class='ocrx_word' id='word_1_780' title='bbox 2839 5335 3170 5405; x_wconf 83' lang='grc' dir='ltr'>ὲπταμερές.</span> <span class='ocrx_word' id='word_1_781' title='bbox 3204 5332 3506 5402; x_wconf 76' lang='grc' dir='ltr'>Δίσθὴσεις</span> <span class='ocrx_word' id='word_1_782' title='bbox 3525 5335 3672 5385; x_wconf 72' lang='grc' dir='ltr'>πέντε*</span> 
     </span>
    </p>
   </div>
   <div class='ocr_carea' id='block_1_109' title="bbox 2133 5423 3673 5503">
    <p class='ocr_par' dir='ltr' id='par_1_109' title="bbox 2133 5423 3673 5503">
     <span class='ocr_line' id='line_1_109' title="bbox 2133 5423 3673 5503; baseline -0.005 -19"><span class='ocrx_word' id='word_1_783' title='bbox 2133 5432 2362 5503; x_wconf 74' lang='grc' dir='ltr'>ὅρασις,</span> <span class='ocrx_word' id='word_1_784' title='bbox 2387 5430 2708 5502; x_wconf 73' lang='grc' dir='ltr'>ὄσφρησις,</span> <span class='ocrx_word' id='word_1_785' title='bbox 2740 5427 2918 5495; x_wconf 79' lang='grc' dir='ltr'>ἀκοὴ,</span> <span class='ocrx_word' id='word_1_786' title='bbox 2945 5427 3176 5498; x_wconf 78' lang='grc' dir='ltr'>γεῦσις,</span> <span class='ocrx_word' id='word_1_787' title='bbox 3201 5423 3296 5479; x_wconf 68' lang='grc' dir='ltr'>καὶ</span> <span class='ocrx_word' id='word_1_788' title='bbox 3319 5424 3470 5494; x_wconf 60' lang='grc' dir='ltr'><strong>ἁφή.</strong></span> <span class='ocrx_word' id='word_1_789' title='bbox 3493 5424 3566 5477; x_wconf 70' lang='grc' dir='ltr'><em>τὰ</em></span> <span class='ocrx_word' id='word_1_790' title='bbox 3589 5440 3673 5492; x_wconf 70' lang='grc' dir='ltr'><strong>φω-</strong></span> 
     </span>
    </p>
   </div>
   <div class='ocr_carea' id='block_1_110' title="bbox 531 5625 3670 5706">
    <p class='ocr_par' dir='ltr' id='par_1_110' title="bbox 531 5625 3670 5706">
     <span class='ocr_line' id='line_1_110' title="bbox 531 5625 3670 5706; baseline -0.003 -22"><span class='ocrx_word' id='word_1_791' title='bbox 531 5631 576 5706; x_wconf 57' lang='grc' dir='ltr'><strong>ξθ</strong></span> <span class='ocrx_word' id='word_1_792' title='bbox 605 5629 700 5706; x_wconf 48' lang='grc' dir='ltr'><strong>καὶἸ</strong></span> <span class='ocrx_word' id='word_1_793' title='bbox 729 5629 814 5706; x_wconf 67' lang='lat' dir='ltr'><strong>(ip.</strong></span> <span class='ocrx_word' id='word_1_794' title='bbox 847 5628 911 5706; x_wconf 84' lang='lat' dir='ltr'><strong>C_.</strong></span> <span class='ocrx_word' id='word_1_795' title='bbox 982 5629 1202 5706; x_wconf 54' lang='lat' dir='ltr'><strong>f°_xat&#39;r&amp;</strong></span> <span class='ocrx_word' id='word_1_796' title='bbox 1225 5630 1323 5706; x_wconf 81' lang='grc' dir='ltr'>τὴν</span> <span class='ocrx_word' id='word_1_797' title='bbox 1352 5630 1630 5706; x_wconf 42' lang='grc' dir='ltr'>γεῦσιν-Β,</span> <span class='ocrx_word' id='word_1_798' title='bbox 1711 5633 1878 5706; x_wconf 44' lang='grc' dir='ltr'>’ξτὴν</span> <span class='ocrx_word' id='word_1_799' title='bbox 1923 5632 2121 5706; x_wconf 70' lang='grc' dir='ltr'>γεῦσιν</span> <span class='ocrx_word' id='word_1_800' title='bbox 2152 5631 2212 5690; x_wconf 89' lang='grc' dir='ltr'>Β,</span> <span class='ocrx_word' id='word_1_801' title='bbox 2269 5633 2337 5706; x_wconf 80' lang='lat'><strong>_&quot;</strong></span> <span class='ocrx_word' id='word_1_802' title='bbox 2368 5631 2671 5706; x_wconf 60' lang='grc' dir='ltr'>τάςένεργ.</span> <span class='ocrx_word' id='word_1_803' title='bbox 2705 5627 2869 5706; x_wconf 75' lang='grc' dir='ltr'>αὐτοῦ</span> <span class='ocrx_word' id='word_1_804' title='bbox 2902 5627 2965 5683; x_wconf 84' lang='grc' dir='ltr'>Β.</span> <span class='ocrx_word' id='word_1_805' title='bbox 2995 5697 3006 5706; x_wconf 84' lang='lat'>_</span> <span class='ocrx_word' id='word_1_806' title='bbox 3042 5627 3309 5706; x_wconf 70' lang='lat' dir='ltr'><strong>”_&#39;mvtx.</strong></span> <span class='ocrx_word' id='word_1_807' title='bbox 3339 5625 3451 5706; x_wconf 63' lang='grc' dir='ltr'><strong>γάρ</strong></span> <span class='ocrx_word' id='word_1_808' title='bbox 3482 5625 3670 5706; x_wconf 70' lang='grc' dir='ltr'>λέγομεν</span> 
     </span>
    </p>
   </div>
   <div class='ocr_carea' id='block_1_111' title="bbox 463 5700 1070 5772">
    <p class='ocr_par' dir='ltr' id='par_1_111' title="bbox 463 5700 1070 5772">
     <span class='ocr_line' id='line_1_111' title="bbox 463 5700 1070 5772; baseline -0.003 -18"><span class='ocrx_word' id='word_1_809' title='bbox 463 5702 502 5754; x_wconf 80' lang='lat' dir='ltr'><strong>u</strong></span> <span class='ocrx_word' id='word_1_810' title='bbox 531 5700 589 5756; x_wconf 90' lang='lat' dir='ltr'><strong>P.</strong></span> <span class='ocrx_word' id='word_1_811' title='bbox 634 5701 707 5772; x_wconf 10' lang='grc' dir='ltr'>,ιι</span> <span class='ocrx_word' id='word_1_812' title='bbox 742 5700 824 5772; x_wconf 67' lang='grc' dir='ltr'>ἐχ.</span> <span class='ocrx_word' id='word_1_813' title='bbox 858 5700 948 5772; x_wconf 69' lang='grc' dir='ltr'><strong>τὸν</strong></span> <span class='ocrx_word' id='word_1_814' title='bbox 975 5700 1070 5755; x_wconf 77' lang='grc' dir='ltr'>ἄνθ</span> 
     </span>
    </p>
   </div>
   <div class='ocr_carea' id='block_1_112' title="bbox 461 5769 1594 5842">
    <p class='ocr_par' dir='ltr' id='par_1_112' title="bbox 461 5769 1594 5842">
     <span class='ocr_line' id='line_1_112' title="bbox 461 5769 1594 5842; baseline 0.002 -18"><span class='ocrx_word' id='word_1_815' title='bbox 461 5773 502 5804; x_wconf 80' lang='grc'><strong>⁸⁷</strong></span> <span class='ocrx_word' id='word_1_816' title='bbox 561 5771 656 5825; x_wconf 67' lang='grc' dir='ltr'><strong>καὶ</strong></span> <span class='ocrx_word' id='word_1_817' title='bbox 708 5769 816 5828; x_wconf 68' lang='lat' dir='ltr'><strong>oui.</strong></span> <span class='ocrx_word' id='word_1_818' title='bbox 859 5769 919 5827; x_wconf 83' lang='grc' dir='ltr'>Β.</span> <span class='ocrx_word' id='word_1_819' title='bbox 997 5772 1039 5804; x_wconf 76' lang='grc'><strong>³⁸</strong></span> <span class='ocrx_word' id='word_1_820' title='bbox 1071 5769 1157 5842; x_wconf 83' lang='grc' dir='ltr'><strong>τρ.</strong></span> <span class='ocrx_word' id='word_1_821' title='bbox 1204 5772 1313 5842; x_wconf 82' lang='grc' dir='ltr'><strong>γὰρ</strong></span> <span class='ocrx_word' id='word_1_822' title='bbox 1350 5771 1511 5828; x_wconf 81' lang='grc' dir='ltr'>πάλιν</span> <span class='ocrx_word' id='word_1_823' title='bbox 1534 5771 1594 5826; x_wconf 88' lang='lat' dir='ltr'><strong>B.</strong></span> 
     </span>
    </p>
   </div>
   <div class='ocr_carea' id='block_1_113' title="bbox 1081 5702 2330 5773">
    <p class='ocr_par' dir='ltr' id='par_1_113' title="bbox 1081 5702 2330 5773">
     <span class='ocr_line' id='line_1_113' title="bbox 1081 5702 2330 5773; baseline 0.002 -17"><span class='ocrx_word' id='word_1_824' title='bbox 1081 5717 1130 5771; x_wconf 92' lang='grc' dir='ltr'><strong>ρ.</strong></span> <span class='ocrx_word' id='word_1_825' title='bbox 1179 5702 1324 5773; x_wconf 85' lang='grc' dir='ltr'><strong>κατά</strong></span> <span class='ocrx_word' id='word_1_826' title='bbox 1369 5702 1429 5773; x_wconf 62' lang='grc' dir='ltr'><strong>τὸ</strong></span> <span class='ocrx_word' id='word_1_827' title='bbox 1457 5719 1508 5756; x_wconf 90' lang='grc' dir='ltr'><strong>σ.</strong></span> <span class='ocrx_word' id='word_1_828' title='bbox 1538 5703 1578 5773; x_wconf 71' lang='grc' dir='ltr'><strong><em>Β</em></strong></span> <span class='ocrx_word' id='word_1_829' title='bbox 1605 5704 1661 5759; x_wconf 85' lang='lat' dir='ltr'><strong>P.</strong></span> <span class='ocrx_word' id='word_1_830' title='bbox 1739 5705 1783 5735; x_wconf 84' lang='grc'><strong>³⁸</strong></span> <span class='ocrx_word' id='word_1_831' title='bbox 1810 5702 1947 5758; x_wconf 78' lang='grc' dir='ltr'><strong>κατά</strong></span> <span class='ocrx_word' id='word_1_832' title='bbox 1975 5705 2066 5759; x_wconf 73' lang='grc' dir='ltr'><strong>τὸν</strong></span> <span class='ocrx_word' id='word_1_833' title='bbox 2112 5705 2229 5773; x_wconf 86' lang='grc' dir='ltr'>λογ.</span> <span class='ocrx_word' id='word_1_834' title='bbox 2269 5702 2330 5758; x_wconf 87' lang='grc' dir='ltr'>Β.</span> 
     </span>
    </p>
   </div>
   <div class='ocr_carea' id='block_1_114' title="bbox 2433 5696 3666 5770">
    <p class='ocr_par' dir='ltr' id='par_1_114' title="bbox 2433 5696 3666 5770">
     <span class='ocr_line' id='line_1_114' title="bbox 2433 5696 3666 5770; baseline -0.01 -14"><span class='ocrx_word' id='word_1_835' title='bbox 2433 5703 2480 5736; x_wconf 82' lang='grc'><strong><em>³⁸</em></strong></span> <span class='ocrx_word' id='word_1_836' title='bbox 2504 5696 2639 5757; x_wconf 62' lang='lat' dir='ltr'><strong>tiret</strong></span> <span class='ocrx_word' id='word_1_837' title='bbox 2659 5702 2753 5756; x_wconf 75' lang='grc' dir='ltr'><strong>καὶ</strong></span> <span class='ocrx_word' id='word_1_838' title='bbox 2789 5697 3051 5770; x_wconf 77' lang='grc' dir='ltr'>λογισμὸς</span> <span class='ocrx_word' id='word_1_839' title='bbox 3083 5697 3164 5764; x_wconf 81' lang='lat' dir='ltr'><strong>A;</strong></span> <span class='ocrx_word' id='word_1_840' title='bbox 3194 5713 3325 5753; x_wconf 77' lang='lat' dir='ltr'><strong>mox</strong></span> <span class='ocrx_word' id='word_1_841' title='bbox 3359 5696 3401 5750; x_wconf 86' lang='grc' dir='ltr'><strong><em>Β</em></strong></span> <span class='ocrx_word' id='word_1_842' title='bbox 3425 5696 3534 5755; x_wconf 83' lang='lat' dir='ltr'><strong>em.</strong></span> <span class='ocrx_word' id='word_1_843' title='bbox 3554 5696 3666 5750; x_wconf 75' lang='grc' dir='ltr'>τότι.</span> 
     </span>
    </p>
   </div>
  </div>
