3792 6464
389 352 530 410 1275

1616 354 1898 411 MELE'I‘ll
1941 349 2252 408 MONACIII

3551 351 3692 411 ιξτε

387 486 512 526 nem
584 471 889 525 sortiuntur
921 487 936 524 :
966 469 1234 540 siquidem
1262 511 1277 536 ,
1333 485 1457 526 cum
1514 471 1958 527 instrumentales

2097 471 2252 530 ικοῖς.
2302 465 2397 518 Ἐκ
2430 465 2537 536 γάρ
2560 465 2669 518 τῶν
2697 465 3042 537 ὁμοιομερῶν
3074 465 3440 536 συγκείμενα
3487 465 3567 516 τὰ
3611 468 3694 536 ὁρ-

386 568 570 630 partes
592 577 657 614 ex
681 560 1013 616 similaribus
1046 561 1360 630 compositae
1396 561 1527 624 sint,
1549 577 1738 618 eorum
1778 573 1832 618 et
1862 564 1958 617 mi-

387 651 670 706 nisterium
732 653 993 706 sentiunt.
1035 649 1197 706 Verbi
1243 653 1418 722 gratia
1449 695 1465 718 ,
1526 668 1623 709 cor
1655 694 1671 720 ,
1700 669 1826 709 cum
1875 655 1960 708 in-

389 743 766 798 strumentalis
793 758 920 812 pars
939 781 954 803 .
999 743 1166 797 totius
1195 743 1445 812 corporis
1484 745 1640 813 origo
1667 755 1722 800 et
1757 745 1962 815 princi-

387 833 535 904 pium
560 834 651 898 sit,
676 835 892 888 arteriae
914 850 979 889 ac
1020 835 1212 888 thorax
1248 834 1325 888 illi
1366 835 1694 899 inserviunt,
1731 851 1858 889 nam
1889 836 1960 890 ab

388 922 606 976 arteriis
633 931 805 977 totum
832 939 1034 992 corpus
1059 924 1380 993 sanguinem
1418 924 1551 989 sibi,
1583 940 1648 980 ac
1681 925 1957 995 spiritum,

385 1027 508 1081 quae
530 1028 561 1066 a
595 1012 760 1066 corde
783 1021 1109 1082 suggerunt,
1140 1014 1381 1069 vindicat
1411 1033 1424 1069 :
1459 1016 1650 1069 thorax
1689 1032 1838 1081 vero,
1873 1016 1960 1071 sui

386 1103 812 1172 compressione.
829 1104 1271 1174 dilatationeque,
1287 1120 1481 1174 purum
1495 1122 1674 1161 aerem
1693 1108 1758 1161 ad
1779 1107 1965 1176 ipsum.

387 1208 484 1248 cor
535 1195 790 1251 demittit.
837 1194 1074 1251 Cerebro
1128 1196 1317 1266 utique
1364 1198 1515 1252 nervi
1564 1207 1617 1252 et
1655 1198 1804 1253 dorsi
1845 1213 1962 1252 me-

388 1284 558 1349 dulla,
611 1285 843 1354 jecinori
893 1302 1083 1351 venae,
1128 1287 1358 1342 testibus
1415 1289 1707 1343 seminales
1745 1298 1960 1344 meatus

388 1373 746 1430 famulantur.
777 1375 900 1432 Haec
928 1378 1072 1432 enim
1100 1378 1345 1448 corporis
1378 1379 1664 1448 principia,
1687 1389 1742 1435 et
1769 1380 1960 1435 dicun-

389 1475 508 1531 tur,
561 1479 615 1522 et
667 1478 826 1533 sunt,
879 1479 937 1524 ut
978 1471 1128 1539 prius
1186 1471 1528 1526 ostendimus
1570 1474 1960 1543 :cartilagines

389 1569 593 1625 autem,
619 1575 737 1628 quae
762 1576 856 1630 per
881 1569 1051 1616 totum
1087 1577 1286 1632 corpus
1307 1573 1457 1630 sunt,
1477 1579 1706 1633 corpora
1739 1565 1960 1620 ossibus

387 1649 638 1704 melliora
663 1690 677 1714 ,
716 1651 975 1707 carnibus
1027 1669 1155 1708 vero
1207 1653 1363 1724 longe
1397 1655 1626 1710 sicciora
1666 1655 1955 1710 habentur.

387 1740 459 1794 At
487 1741 669 1795 carnis
702 1744 1092 1808 revolutiones,
1128 1758 1222 1800 seu
1255 1746 1486 1800 tonsilla:
1520 1749 1812 1816 spongiosa
1841 1763 1962 1801 cor-

2059 558 2260 627 γανικά
2316 556 2422 610 ὑπὸ
2473 557 2682 612 τούτων
2719 558 3095 630 ὑπηρετεῖται.
3145 553 3312 620 Οἷον,
3364 557 3408 628 ἠ
3481 559 3694 628 καρδία

2060 649 2202 718 ἀρχή
2241 649 2357 700 ἐστι
2389 647 2485 700 τοῦ
2515 647 2792 718 σώματος,
2832 653 2927 702 καὶ
2965 649 3296 718 ὁργανικόν·
3349 649 3696 717 ὑπηρετῶ-

2062 755 2146 791 σιν
2171 737 2264 791 οὖν
2293 739 2430 809 αὐτῇ
2471 738 2736 808 ἀρτηρίαι
2782 739 2878 792 καὶ
2927 737 3132 809 θώραξ.
3205 738 3540 807 ’Δρτηρξαι
3593 738 3697 807 μὲν

2060 828 2394 900 χορηγοῦσαι
2421 829 2500 900 τῷ
2540 830 2706 883 παντὶ
2731 831 2946 901 σώματι
2976 826 3139 902 αἷμα,
3190 833 3291 884 καὶ
3332 829 3592 899 πνείμα
3634 833 3695 882 τὸ

2061 921 2120 988 ἐξ
2148 921 2318 989 αὐτῆς
2349 936 2364 952 ⁸
2397 921 2580 991 θώραξ
2607 921 2685 985 δὲ,
2709 922 2798 975 διὰ
2827 923 2926 992 τῆς
2947 924 3214 994 συστολῆς
3242 925 3346 977 καὶ
3369 923 3695 988 διαστολῆς

2061 1013 2368 1080 ἐπεισάγων
2415 1014 2552 1083 αὐτῇ
2579 1015 2624 1046 ⁵⁵
2659 1014 2798 1084 ἀέρα
2850 1015 3110 1085 καθαρόν.
3159 1016 3494 1085 Ὑπηρετεῖ
3550 1015 3612 1066 δὲ
3649 1015 3690 1045 ³

2062 1102 2368 1171 ἐγκεφάλου
2404 1103 2472 1155 τά
2507 1103 2695 1174 νεῦρα,
2739 1103 2832 1156 καὶ
2865 1105 2894 1156 ὁ
2927 1108 3182 1169 νωτιαῖος
3207 1123 3222 1136 ο
3255 1107 3458 1175 ἥπατι
3512 1103 3600 1167 δὲ,
3639 1107 3691 1156 αἱ

2062 1192 2284 1259 φλέϐες·
2304 1196 2422 1256 τοῖς
2445 1194 2500 1246 δὲ
2529 1193 2770 1264 ὄρχεσιν,
2794 1196 2843 1246 oi
2867 1199 3239 1265 σπερματικοὶ
3263 1196 3471 1265 πόροι.
3495 1194 3686 1247 Tui-:1

2061 1284 2170 1353 γὰρ
2195 1285 2362 1353 ἀρχαὶ
2403 1283 2498 1337 τοῦ
2535 1285 2792 1355 σώματος
2839 1288 2934 1340 καὶ
2984 1287 3031 1319 ⁸⁸
3060 1288 3345 1356 λέγονται,
3385 1289 3505 1341 καὶ
3559 1289 3685 1349 εἰσὶ,

2063 1371 2244 1434 καθὼς
2274 1372 2558 1442 ἐδείξαμεν
2600 1373 2826 1427 ὕπισθεν
2854 1376 2899 1406 ⁸⁷
2921 1391 2935 1406 ο
2967 1377 3095 1429 οἶδὲ
3130 1377 3276 1430 κατά
3313 1375 3554 1438 παντὸς
3593 1376 3686 1429 τοῦ

2064 1465 2314 1534 σώματος
2353 1466 2588 1535 χόνδροι,
2631 1465 2862 1536 σώματα
2909 1469 3038 1534 εἰσὶ,
3074 1468 3167 1522 τοῦ
3205 1470 3313 1539 μὲν
3344 1467 3537 1522 ὀστοῦ
3588 1486 3689 1535 μαι

2060 1555 2368 1626 λακώτερα,
2405 1555 2507 1626 τῆς
2533 1556 2591 1609 δὲ
2628 1559 2831 1628 σαρκὸς
2853 1559 3226 1630 διαφερόντως
3257 1557 3593 1629 ξηρότερα..
3627 1559 3686 1611 0i

2060 1647 2116 1700 δὲ
2139 1646 2343 1712 ἀδένες,
2381 1647 2616 1718 σώματα
2643 1649 2934 1720 σπογγὼδη
2982 1651 3113 1714 εἰσὶ,
3163 1651 3262 1703 τοῦ
3298 1651 3410 1719 μὲν
3439 1649 3686 1719 χόνδρου

2065 1737 2456 1810 μαλακώτερα,
2511 1739 2855 1810 σκληρότερα
2905 1739 2961 1793 δὲ
2986 1744 3088 1810 τῆς
3123 1741 3356 1812 σαρκός.
3392 1740 3690 1808 Διάφορος

387 1846 521 1900 pora
549 1842 710 1898 sunt,
747 1850 870 1903 quae
898 1837 1218 1907 cartilagine
1251 1837 1469 1906 quidem
1512 1838 1628 1908 ipsa
1684 1839 1953 1904 molliora,

2093 1829 2127 1880 ἱὲ
2158 1827 2364 1881 τούτων
2396 1830 2428 1898 ἡ
2463 1829 2644 1898 χρεία.
2675 1831 2738 1882 υί
2770 1829 2870 1900 μὲν
2903 1830 3011 1900 γὰρ
3039 1830 3160 1882 ἀντὶ
3192 1829 3429 1898 στοιῦἧς
3473 1829 3690 1898 £24271;-

388 1924 634 1978 camium
684 1941 811 1980 vero
858 1935 1052 1981 natura
1099 1928 1264 1997 paulo
1309 1928 1533 1982 duriora
1575 1939 1722 1992 sunt,
1762 1929 1957 1984 harum

387 2015 588 2085 quippe
645 2032 780 2072 usus
833 2018 1080 2074 diversus
1127 2021 1376 2074 habetur.
1433 2019 1568 2074 Nam
1603 2023 1852 2091 quaedam
1893 2038 1961 2077 ex

388 2113 540 2182 ipsis,
565 2117 776 2178 mediae,
804 2117 943 2170 inter
989 2119 1211 2172 vascula
1256 2133 1378 2187 quae
1409 2133 1580 2174 venas
1619 2121 1960 2189 arteriasque

391 2205 759 2274 appellamus,
795 2208 1136 2272 consistunt.
1185 2211 1430 2279 quedam
1459 2225 1611 2271 vero,
1647 2227 1744 2265 ceu
1785 2213 1964 2267 cubile

389 2293 524 2370 ipsis
559 2294 865 2364 subjacent.
888 2298 1040 2352 Alias
1069 2298 1221 2364 item,
1252 2299 1518 2354 obeundae
1545 2300 1776 2368 alicujus
1796 2302 1965 2356 actio-

391 2385 476 2441 nis
509 2400 673 2442 causa
718 2397 911 2443 natura
954 2390 1200 2458 protulit,
1235 2398 1294 2444 ut
1322 2407 1442 2460 qua:
1473 2392 1524 2446 in
1555 2394 1768 2462 papillis
1800 2403 1965 2460 sunt,

388 2492 625 2546 quarum
655 2477 832 2534 oﬂicio
885 2483 1110 2551 sanguis
1133 2482 1183 2535 in
1219 2482 1302 2536 lac
1328 2492 1717 2539 commutatur.
1745 2485 1815 2540 At
1843 2487 1964 2542 alia:

389 2570 446 2624 in
494 2571 722 2627 testibus
771 2581 926 2635 snut,
980 2589 1101 2642 quae
1145 2574 1380 2644 genitale
1423 2590 1605 2630 semen
1651 2576 1960 2646 perficiunt.

393 2660 534 2716 S'int
565 2670 620 2716 et
645 2661 698 2716 in
746 2663 861 2718 oris
903 2666 1172 2733 angustiis
1217 2666 1446 2721 tonsillae
1494 2667 1644 2733 aliae,
1687 2683 1718 2722 a
1763 2669 1964 2736 quibus

390 2750 562 2804 saliva
603 2753 916 2807 necessario
943 2756 1315 2808 constituitur.
1351 2754 1416 2809 Et
1463 2757 1721 2825 quoniam
1756 2759 1963 2812 vocali»

389 2840 494 2896 bus
541 2841 952 2909 instrumentis,
995 2860 1062 2904 ex
1087 2845 1307 2900 assiduo
1338 2854 1482 2900 motu
1510 2847 1962 2912 siccoscentibus,

389 2942 494 2982 vox
515 2928 860 3000 intercipi.et
882 2947 1015 2988 usus
1033 2933 1320 2988 verborum
1351 2935 1581 2991 deiicere
1613 2936 1776 3004 solet,
1799 2937 1964 3008 hujus

393 3021 590 3090 gratia,
627 3023 861 3078 musculi
894 3025 988 3094 qui
1015 3024 1276 3080 salivares
1296 3026 1554 3082 dicuntur
1577 3043 1702 3082 cum
1732 3030 1965 3085 tonsillis

393 3111 450 3164 in
497 3126 594 3166 ore
634 3114 982 3178 consistunt,
1016 3127 1076 3170 ut
1106 3125 1222 3170 toto
1249 3131 1345 3171 ore
1374 3117 1444 3172 ab
1471 3118 1608 3188 ipsis
1633 3119 1962 3186 humectato,

392 3219 586 3273 aspera
600 3191 811 3261 i‘arteria
829 3208 894 3262 ad
915 3208 1160 3262 eamdem
1178 3224 1388 3272 vocem,
1421 3225 1486 3264 ac
1517 3212 1784 3266 sermonis
1806 3226 1967 3266 usum

392 3294 634 3363 vegetior
699 3295 1083 3366 actuosiorque
1131 3297 1408 3352 reddatur.
1471 3298 1589 3354 Nisi
1633 3301 1778 3355 enim
1841 3301 1972 3356 huic

2072 1936 2172 1972 σαν
2199 1915 2340 1973 εἶναι
2375 1919 2580 1989 μεταξὺ
2611 1920 2722 1972 τῶν
2753 1920 3024 1988 ἀγγείων·
3053 1923 3104 1974 οἱ
3134 1921 3188 1974 δὲ
3221 1920 3688 1990 ὑπεστρώθησαν

2069 2014 2183 2074 τοῖς
2212 2009 2474 2079 ἀγγείοις.
2506 2009 2618 2065 οἷον
2646 2011 2809 2081 φλεψὶ
2835 2014 2931 2066 καί
2957 2015 3254 2084 ἀρτηρίαις
3274 2030 3288 2044 ο
3315 2013 3488 2068 ἄλλοι
3512 2012 3580 2064 δὲ
3599 2016 3686 2064 καὶ

2070 2103 2233 2174 Χάριν
2314 2104 2599 2175 ἐνεργείας
2671 2105 2959 2173 ἐγένοντο,
3017 2105 3208 2176 ὥσπερ
3270 2109 3323 2158 οἱ
3409 2109 3479 2159 ὲν
3573 2109 3686 2165 τοῖς

2069 2196 2272 2259 τιτθοῖς
2293 2197 2338 2228 ⁵³
2365 2197 2413 2249 οἳ
2445 2196 2507 2249 τὸ
2536 2191 2676 2266 αἷμα
2707 2197 2788 2259 είς
2825 2197 2886 2249 τὸ
2917 2197 2961 2229 ⁸⁸
2991 2197 3137 2266 γάλα
3169 2198 3647 2268 μεταϐάλλουσιν
3671 2216 3682 2224 ·

2069 2289 2163 2341 καὶ
2195 2290 2244 2341 oi
2277 2289 2336 2341 ὲν
2363 2290 2477 2352 τοῖς
2507 2289 2746 2359 ὄρχεσιν,
2780 2290 2829 2342 οἳ
2862 2290 3076 2343 ποιοῦσι
3101 2291 3162 2342 τὸ
3190 2290 3429 2360 σπέρμα
3450 2307 3470 2320 ο
3506 2290 3610 2342 καὶ
3635 2292 3683 2342 οξ

2069 2382 2127 2432 ἐν
2153 2382 2266 2441 τοῖς
2297 2381 2672 2449 παρισθμίοις.
2699 2381 2748 2434 οἳ
2781 2383 2872 2435 τὸν
2907 2381 3081 2434 σίελον
3114 2383 3450 2449 ἀναγκαίως
3485 2380 3684 2433 ποιοῦ-

2071 2488 2174 2527 σιν.
2215 2471 2432 2543 Ἐπειδὴ
2468 2472 2578 2542 γὰρ
2608 2476 2671 2525 ὲκ
2701 2475 2804 2542 τῆς
2836 2471 3096 2542 συνεχοῦς
3144 2473 3431 2542 κινήσεως
3454 2473 3537 2524 τὰ
3570 2491 3680 2540 φω-

2069 2560 2267 2629 νητικά
2292 2561 2502 2632 ὄργανα
2525 2561 2893 2631 ξηραινόμενα
2919 2562 3040 2633 ἱστᾷ
3063 2564 3164 2629 τὴν
3189 2563 3410 2634 φωνὴν,
3441 2563 3553 2616 καὶ
3581 2564 3679 2633 τὴν

2068 2653 2287 2722 ὁμιλίαν
2311 2653 2615 2724 διακρατεῖ,
2645 2654 2838 2707 τούτου
2856 2654 3016 2724 χάριν
3049 2656 3098 2708 οἱ
3122 2654 3361 2706 σιελίται
3398 2654 3554 2723 μῦες
3584 2658 3678 2708 σῦν

2069 2743 2252 2796 ἀδέσιν
2306 2743 2458 2806 ἐντὸς
2487 2743 2582 2796 τοῦ
2627 2745 2896 2814 στόματος
2928 2745 2974 2776 ⁶⁹
3015 2745 3227 2798 κεῖνται
3258 2747 3324 2808 ⁶¹,
3357 2745 3455 2798 ἵνα
3497 2745 3674 2800 καθυπ-

2070 2835 2384 2907 γραίνουσιν
2409 2836 2454 2868 ⁶’
2483 2836 2608 2889 ὅλον
2643 2835 2704 2888 τὸ
2733 2839 2908 2905 στόμα
2941 2837 3036 2890 καὶ
3069 2836 3167 2906 τὴν
3190 2839 3330 2908 ἀρτη
3342 2837 3498 2907 ρίαν,
3541 2838 3675 2907 api;

2072 2929 2411 2998 ἐκφωνήσεις
2439 2927 2538 2980 καὶ
2567 2911 2807 2998 ὁμιλίας,
2848 2927 2944 2981 καὶ
2982 2928 3328 2998 παρέκτασιν
3359 2929 3581 2996 λόγων.
3615 2929 3670 2982 ΕΞ

2076 3018 2151 3090 μὴ
2204 3019 2313 3089 γὰρ
2353 3018 2398 3049 ⁸³
2427 3016 2586 3071 τοῦτο
2638 3019 2792 3089 παρά
2822 3017 2918 3071 τοῦ
2970 3019 3230 3088 Τεχνίτου
3276 3019 3386 3090 τῆς
3447 3020 3674 3088 φύσεως

2074 3113 2365 3184 ἐπενοήθη,
2393 3112 2451 3178 ἐξ
2476 3111 2698 3182 ὁμιλίας
2733 3112 2959 3183 μικρᾶς,
3002 3112 3036 3183 ἢ
3079 3113 3341 3183 ῥημάτων
3363 3112 3600 3180 ὀλίγων,
3637 3113 3666 3182 ἦ

2078 3204 2346 3275 μελῳδίας
2380 3203 2480 3274 οὐχ
2523 3203 2738 3274 ἱκανῆς,
2785 3203 3004 3273 ἄφωνος
3035 3206 3064 3258 ὁ
3123 3203 3422 3275 ἄνθρωπος
3463 3204 3666 3265 εὐθέως

2076 3297 2313 3366 ἐγένετο.

390 3385 492 3452 Ni.
523 3394 733 3442 natura:
778 3388 991 3458 Opiﬁcis
1035 3404 1169 3444 cura
1204 3389 1364 3461 136
1435 3391 1540 3446 hoc
1595 3401 1754 3463 pacto
1827 3391 2213 3457 consuluisset,
2249 3390 2415 3445 homo
2475 3403 2543 3444 ex
2569 3387 2789 3443 modico
2814 3387 3012 3459 quovis
3078 3387 3352 3443 sermonis
3403 3401 3540 3451 usu,
3572 3400 3664 3440 nec

390 3477 564 3533 multo
594 3479 744 3536 vocis
770 3482 1162 3550 modulamine,
1194 3484 1247 3538 in
1272 3500 1404 3539 voce
1429 3485 1545 3555 ipsa
1573 3487 1846 3557 jacturam
1871 3496 2166 3558 pateretur.

419 3645 421 3647 ι
463 3568 570 3624 Sed
609 3585 734 3626 cum
774 3573 890 3628 haec
957 3575 1270 3645 hujusmodi
1319 3578 1586 3649 disposita
1637 3581 1966 3648 habeantur,

393 3660 460 3715 ad
483 3677 679 3718 sonum
707 3663 1004 3729 edendum,
1031 3682 1296 3738 quantum
1324 3671 1543 3740 expedit
1569 3687 1675 3728 vox
1695 3673 1970 3728 sulﬁciens

393 3753 661 3822 redditur,
684 3772 848 3826 quam
880 3774 984 3815 nos
1016 3769 1072 3814 et
1115 3761 1280 3816 altius
1313 3763 1584 3828 attollere,
1615 3773 1669 3820 et
1695 3765 1813 3836 ejus
1839 3781 1972 3820 con-

395 3855 580 3913 centu,
609 3849 947 3904 audientium
980 3851 1207 3907 auribus
1233 3852 1488 3921 blandiri,
1519 3855 1749 3926 illaque,
1777 3857 1971 3925 volup-

396 3946 564 3991 tatem
637 3938 831 3994 aﬂ'erre
883 3957 990 3996 non
1043 3943 1313 3998 modicam
1346 3961 1658 4016 possumus.
1709 3946 1971 4014 Quamvis

395 4027 542 4081 enim
571 4027 810 4094 cicadas,
845 4040 900 4085 et
933 4032 1277 4101 philomelas,
1311 4049 1409 4089 nec
1439 4050 1549 4090 non
1589 4037 1847 4106 pleraque
1867 4037 1973 4092 alia

397 4133 464 4171 ex
517 4118 702 4174 avium
749 4135 949 4191 genere
972 4165 987 4190 ,
1026 4124 1307 4180 hominum
1343 4126 1569 4183 auribus
1593 4168 1610 4195 ,
1653 4129 1804 4184 vocis
1838 4144 1974 4184 con-

2156 3576 2320 3632 ’Δλλά
2373 3575 2580 3630 τούτων
2625 3575 2800 3640 οὕτως
2849 3575 3145 3646 κειμένων,
3187 3576 3284 3630 καὶ
3333 3573 3428 3643 ἐφ’
3484 3573 3660 3626 ἱκανὸν

2077 3671 2402 3741 φθέγγεται,
2429 3670 2525 3722 καὶ
2549 3669 2606 3731 ἐς
2641 3667 2775 3738 ὕψος
2796 3667 2944 3739 αίρει
2973 3666 3181 3737 φωνὴν,
3213 3667 3310 3720 καὶ
3342 3667 3406 3719 ἐν
3437 3665 3659 3735 ήδύτιςτι

2071 3765 2256 3834 φωνῆς
2283 3763 2518 3833 διαρκεῖ*
2552 3762 2646 3814 καὶ
2673 3762 2802 3825 τοὺς
2830 3759 3136 3822 ἀκούοντας
3159 3759 3377 3830 τέρπει,
3416 3758 3517 3810 καὶ
3550 3756 3656 3826 ἠδο-

2075 3856 2174 3927 νὴν
2208 3854 2517 3924 ὲναφίησιν.
2549 3854 2615 3907 Ei
2644 3853 2756 3922 γάρ
2792 3853 2888 3906 καλ⁸
2920 3852 3176 3922 ἡδύνουσι
3205 3851 3456 3916 τέττιγες
3487 3850 3536 3880 ⁸⁸
3572 3848 3657 3901 καὶ

2074 3947 2320 4016 ἀηδόνες,
2350 3945 2445 3999 καὶ
2465 3945 2553 3998 ἒτε
2564 3963 2632 4016 ρα
2657 3945 2774 4010 ζῶα
2798 3945 2843 3977 ⁸⁵
2863 3945 2956 3997 τὸν
2982 3944 3078 3999 ἀνθ
3089 3959 3295 4015 ρωπον,
3330 3941 3474 3996 ἀλλά
3505 3941 3602 3994 καὶ
3619 3941 3660 3972 ⁵⁵

2072 4036 2439 4107 διαφερόντως
2465 4037 2494 4089 ὁ
2522 4035 2812 4108 ἄνθρωπος
2837 4034 2996 4089 τοῦτο
3027 4034 3195 4099 ποιεῖ,
3226 4033 3254 4086 ὃ
3284 4034 3382 4087 καὶ
3410 4034 3653 4103 Ὅμηρος

2076 4127 2445 4198 ἐπιστάμενος
2475 4127 2632 4195 ἔλεγε
2646 4143 2662 4158 ο

398 4216 561 4263 centu
587 4248 604 4272 ,
653 4211 976 4266 suavitatem
1033 4215 1326 4284 quamdam
1379 4215 1626 4287 ingerere
1663 4217 1970 4281 cernimus,
2026 4226 2268 4272 attamen
2321 4218 2481 4288 longe
2505 4218 2663 4272 aliter
2713 4215 2881 4272 homo
2908 4217 3016 4271 tale
3055 4231 3291 4280 munus,
3331 4230 3503 4284 quam
3545 4215 3652 4284 ipsa

399 4300 660 4356 animalia
697 4304 1037 4373 exsequitur,
1068 4305 1527 4375 quemadmodum
1557 4306 1825 4364 Homerus
1872 4309 2104 4378 hujusce
2131 4309 2209 4364 rei
2245 4308 2455 4379 peritus
2489 4309 2747 4368 asseruit.
2773 4323 2895 4362 cum
2928 4307 3138 4378 inquit:

576 4415 642 4488 4t
666 4432 775 4488 uos,
800 4435 829 4471 ο
836 4419 1073 4487 juvenes,
1100 4421 1335 4475 divinum
1373 4424 1620 4476 accersite
1643 4435 1831 4488 vatem,

575 4482 678 4559 Qui
712 4482 851 4540 deus
865 4501 920 4543 ut
953 4482 1113 4545 cantu
1142 4502 1450 4545 cunctorum
1474 4493 1700 4546 mulceat
1723 4482 1904 4559 aures,

577 4554 865 4623 Praestitit,
899 4570 957 4614 ut
988 4573 1209 4615 mentem
1237 4562 1400 4630 ﬂectit
1425 4574 1642 4617 cantare
1667 4554 1904 4634 rogatus.

401 4667 566 4724 Solus
618 4671 765 4724 enim
818 4672 980 4727 homo
1028 4673 1179 4730 vocis
1234 4673 1578 4730 dulcedinem
1639 4676 1978 4746 distinguere

403 4775 470 4814 ac
498 4762 777 4831 percipere
802 4773 999 4832 potest.
1039 4763 1144 4820 Sed
1179 4774 1234 4820 et
1277 4766 1380 4821 soli
1422 4767 1630 4822 homini
1668 4778 1874 4822 tantum
1909 4767 1978 4822 ad

404 4861 604 4907 cantus
627 4853 1019 4918 modulamina,
1054 4857 1342 4911 omnifaria
1374 4859 1584 4913 musica
1611 4859 1978 4915 instrumenta

407 4949 462 4994 ct
492 4942 671 4996 varios
715 4943 1213 5000 blandimentorum
1264 4963 1399 5002 usus
1431 4950 1762 5004 constituere
1789 4950 1976 5004 datum

405 5041 509 5086 est.
550 5030 664 5087 Soli
700 5034 805 5103 ipsi
839 5035 1045 5090 homini
1082 5053 1178 5107 per
1208 5037 1418 5094 litteras
1447 5040 1764 5097 absentibus
1787 5044 1980 5098 amicis

408 5121 637 5176 salutem
682 5124 884 5180 dicere.
935 5125 1116 5193 Solus,
1142 5129 1384 5198 inquam,
1420 5132 1601 5197 homo,
1648 5131 1984 5186 animadver-

413 5211 557 5265 tendi
589 5227 654 5268 ac
679 5215 890 5271 consilii
917 5219 1166 5288 capiendi
1198 5221 1250 5275 vi
1280 5220 1540 5290 prmditus
1567 5231 1670 5288 est;
1702 5231 1757 5277 et
1799 5223 1981 5278 risibi-

413 5302 482 5357 lis
517 5303 770 5360 animalis
791 5307 964 5373 solus,
1001 5311 1212 5366 tametsi
1245 5311 1404 5368 simia
1427 5313 1613 5369 nescio
1644 5328 1808 5382 quam
1837 5313 1982 5369 risus

483 5440 531 5472 ⁵⁸
549 5439 696 5510 αὑτῷ
717 5441 776 5494 Β.
853 5446 898 5477 ⁵⁵
914 5445 970 5498 δὲ
989 5449 1082 5500 καὶ
1108 5448 1167 5502 Β.
1240 5451 1285 5482 ⁵⁸
1309 5452 1406 5504 καὶ
1431 5467 1541 5505 om.
1568 5451 1627 5505 Β.
1704 5452 1750 5483 ⁸⁷
1774 5450 2087 5523 ἔμπροσθεν
2108 5452 2166 5506 P.

511 5513 744 5564 κινεῖται
786 5513 846 5567 C.
961 5517 1005 5547 ⁸⁸
1035 5518 1470 5576 καθυγραίνωσιν
1503 5520 1680 5576 ΒΟΡ.
1795 5522 1838 5555 ⁸³
1867 5523 1976 5576 γὰο
2003 5537 2114 5576 om.
2149 5523 2188 5576 Β

1948 5539 1976 5590 ρ
2003 5537 2114 5576 om.
2150 5537 2207 5578 ts.

414 5512 457 5541 ⁶¹
511 5513 744 5564 κινεῖται
786 5513 846 5567 C.

961 5517 1005 5589 ξ’
1027 5518 1470 5589 γκαθυγραίνωσιν
1503 5521 1599 5576 BC
1618 5520 1680 5575 Ρ.
1795 5517 1838 5555 ⁸³
1867 5517 1939 5589 γά

2326 4464 2340 4478 .
2379 4463 2393 4477 .
2438 4461 2454 4478 .
2491 4423 2803 4478 Ιίαλέσατε
2833 4423 2995 4478 θεῖον
3017 4423 3244 4478 ἀοιδόνο

2185 4492 2265 4557 τῷ
2294 4493 2336 4525 ⁸⁷
2378 4495 2429 4561 γ’
2461 4493 2577 4561 ἄρα
2609 4495 2744 4560 θεὸς
2773 4493 2908 4560 πέρι
2938 4492 3132 4547 δῶκεν
3162 4494 3206 4525 ⁸⁸
3235 4493 3450 4559 ἀοιδὴν

2087 4561 2354 4631 Τρέπειν,
2381 4564 2516 4616 ὅποι
2546 4564 2590 4594 ⁸³
2619 4563 2807 4632 θυμὸς
2834 4565 3242 4630 ἐποτρύνῃσιν
3273 4564 3499 4618 ἀείδειν
3523 4567 3618 4632 (ρι.

2082 4676 2262 4740 Μόνος
2297 4676 2410 4748 γὰρ
2453 4678 2482 4730 ὁ
2526 4675 2819 4747 ἄνθρωπος
2857 4677 3105 4748 ἡδύτητα
3153 4677 3340 4745 φωνῆς
3395 4677 3648 4748 διακρίνει

2083 4771 2179 4822 καὶ
2228 4769 2576 4841 ἀποδέχεται.
2631 4769 2809 4832 Μόνος
2856 4769 3068 4840 ὁργανα
3118 4767 3258 4837 πρὸς
3293 4767 3438 4838 ᾠδὰς
3488 4786 3645 4821 κατα-

2087 4859 2378 4924 σκευάζειν
2397 4859 2642 4922 δύναται,
2665 4860 2762 4913 καὶ
2785 4859 3081 4928 Θελκτήρια
3104 4857 3237 4928 μέλη
3263 4861 3458 4911 ποιεῖν.
3489 4860 3646 4920 Μόνος

2083 4951 2110 5003 ὁ
2142 4949 2187 4980 ⁷⁸
2227 4949 2518 5020 ἄνθρωπος
2550 4948 2640 5003 διὰ
2680 4949 3031 5019 γραμμάτων
3069 4947 3166 5000 καὶ
3215 4947 3504 5017 πόρρωθεν
3532 4950 3645 5010 τοὶ-ς

2089 5039 2277 5108 φίλους
2305 5039 2632 5104 ἀσπάζεται.
2667 5041 2844 5102 Μόνος
2875 5040 2903 5092 ὁ
2932 5039 2977 5072 ⁷⁸
3002 5038 3288 5108 ἄνθρωπος
3320 5037 3644 5107 διανοητικὺν

2089 5132 2182 5184 καὶ
2210 5131 2640 5202 βουλευματικόν
2675 5134 2718 5164 ⁷³
2747 5133 2866 5185 ἐστι
2897 5131 3058 5196 ζῶον,
3100 5131 3279 5194 Μόνος
3314 5133 3342 5183 ὀ
3376 5130 3644 5201 ἄνθρωπος

2089 5221 2228 5286 ζῶον
2274 5223 2598 5292 γελαστικόν
2645 5225 2814 5277 ἐστιν·
2866 5224 2916 5276 εἰ
2959 5223 3056 5276 καὶ
3095 5225 3195 5292 τὴν
3237 5221 3391 5292 μιμὼ
3443 5223 3642 5290 λέγουσι

2091 5313 2524 5384 σχηματίζεσθαι
2563 5315 2744 5370 τοῦτο.
2792 5316 2970 5380 Μόνος
3012 5317 3041 5368 ὁ
3095 5313 3385 5385 ἄνθρωπος
3421 5315 3505 5369 διὰ
3548 5316 3640 5368 τῶν

2268 5453 2314 5485 ⁸⁸
2335 5453 2502 5516 τιθοῖς
2521 5453 2587 5506 Α.

2318 5524 2362 5555 ⁸⁸
2396 5525 2490 5576 καὶ
2519 5524 2762 5588 τέττιγες
2786 5524 2830 5576 Α
2853 5522 2912 5576 Ρ.

2685 5453 2732 5485 ⁵9
2764 5453 2824 5505 τὸ
2848 5468 2957 5506 om.
2985 5453 3023 5504 Β
3045 5454 3099 5502 Ρ.
3179 5453 3224 5484 ⁸⁸
3257 5451 3506 5519 σώματος
3530 5453 3564 5504 Α
3585 5451 3634 5505 Ρ.

3031 5523 3076 5553 ⁸⁸
3098 5524 3175 5576 ἐτ.
3208 5523 3316 5576 τῶν
3344 5519 3496 5585 ζώων
3517 5522 3552 5574 Β
3584 5523 3632 5577 Ρ.

413 5581 460 5663 1‘:
476 5579 569 5663 καὶ
593 5595 702 5635 om.
732 5581 789 5636 Β.
867 5585 911 5616 ⁸⁷
929 5585 988 5638 τὸ
1010 5588 1073 5641 Α.
1148 5579 1196 5620 ⁸⁸⁷
1217 5579 1594 5661 περιδῶκενΑ.
1637 5592 1680 5624 ⁸⁸
1699 5594 1806 5663 ὅπη
1825 5579 1958 5647 ΑῬί

2093 5594 2118 5646 ὁ
2147 5608 2253 5648 om.
2279 5591 2344 5650 Β.
2415 5595 2456 5627 ⁷¹
2481 5596 2508 5647 ὁ
2539 5609 2647 5648 om.
2670 5579 2710 5646 ί)
2733 5579 2790 5658 ί),
2820 5603 2873 5648 et
2896 5594 2974 5649 sic
3001 5594 3054 5649 in
3083 5593 3180 5648 rcl.
3258 5593 3302 5624 ⁷³
3325 5579 3639 5661 βουλευτικὸν

420 5648 551 5706 ΒΡ.

491 5761 566 5834 (ρ)
596 5763 696 5819 Od.
729 5765 790 5832 Θ,
824 5767 908 5824 45.
