3812 6438
108 392 297 450 £277
1411 391 1497 444 DE
1539 391 1822 449 NATURA
1869 391 2169 448 HOMINIS.
3285 397 3425 452 19.78

102 509 481 581 φωνητικῶν
514 510 768 580 ὀργάνων
814 511 980 562 τυποῖ
1013 508 1083 562 τά
1131 510 1405 580 λεγόμενα
1445 511 1478 582 ἢ
1523 512 1705 581 φωνού

1847 514 2270 569 similitudinem
2310 513 2617 583 exprimere
2656 511 2948 578 videatur,
3000 513 3424 584 appellationem

104 617 317 670 μενά,
359 601 453 654 καὶ
479 600 748 670 διαρθροῖ⁸
780 599 892 651 τῶν
914 599 1090 652 ἄλλων
1121 597 1277 663 ζώων
1305 600 1598 673 ἀνάρθρως
1631 620 1710 671 φω

1847 605 2106 662 vindicat.
2151 606 2348 670 Solus,
2391 604 2674 660 vocalibus
2709 603 3124 669 instrumentis,
3174 620 3297 675 qua:
3343 608 3427 663 di-

99 691 409 746 νούντων.
443 693 505 744 El
533 690 590 744 δὲ
620 692 715 743 καὶ
747 691 876 754 τοὺς
903 691 1174 759 ἀγγέλους
1203 692 1299 745 καὶ
1328 690 1588 764 δαιμόνας
1616 696 1741 763 ὁμι-

100 783 266 838 λεῖν
296 785 516 852 λέγεται
553 782 813 854 λογικῶς,
843 783 961 836 ἀλλ’
995 783 1056 836 οὐ
1091 783 1180 836 διὰ
1218 783 1544 855 φωνητικῶν
1571 787 1741 856 ὀργά-

104 894 280 942 νων,
314 877 440 931 ούδὲ
499 876 588 930 διὰ
622 875 796 946 πνοῆς
826 875 1018 947 ῶσπερ
1047 878 1232 947 ἡμεῖς.
1263 877 1440 942 Μόνος
1473 878 1502 930 ό
1533 879 1744 950 ἅνθρω-

110 985 253 1032 πος
287 969 429 1039 μετὰ
470 968 1042 1024 θάνατον’άνίσταταιο
1075 969 1171 1022 καὶ
1198 969 1394 1040 θνητὸς
1426 968 1502 1025 ὢν
1527 971 1743 1026 ἀπαθα-

113 1061 434 1127 νατίζεται
463 1062 528 1116 ⁷³.
559 1062 739 1126 Μόνος
776 1061 805 1113 ὁ
840 1061 1127 1132 ἄνθρωπος
1157 1061 1299 1126 ζῶόν
1325 1065 1475 1117 ἐστιν
1505 1063 1742 1118 ἐνταῦθα

111 1153 632 1226 οἰκονομούμενον,
666 1154 761 1208 καὶ
785 1152 1019 1224 ἀλλαχοῦ
1050 1154 1476 1225 μεθιστάμενον.
1509 1157 1685 1220 Μόνος
1712 1159 1741 1211 ό

113 1247 442 1320 ἄνθρωπος
485 1248 545 1300 ὲν
596 1247 750 1317 μέσῳ
789 1246 884 1300 δύο
924 1245 1080 1311 ζώων
1125 1246 1477 1315 γινώσκεται·
1515 1249 1741 1319 καὶτῆς

1844 702 2041 768 cenda,
2073 701 2543 771 exprimendaque
2569 705 2720 764 sunt,
2737 697 3024 753 articulata
3048 712 3179 753 voce
3203 698 3423 762 format.

1843 808 1965 849 cum
1999 803 2194 848 czetera
2223 792 2478 846 animalia
2504 790 2850 845 inarticulata
2879 805 3012 844 voce
3043 799 3287 845 utantur.
3315 791 3424 844 Sed

1840 896 1897 941 et
1922 884 2306 954 intelligentias
2333 884 2500 953 ipsas,
2527 897 2591 936 ac
2629 881 2944 945 daemones,
2992 881 3253 935 rationali
3306 897 3425 936 ser-

1837 991 2029 1054 mone,
2069 990 2178 1031 non
2205 983 2389 1030 autem
2418 973 2880 1044 quemadmodum
2909 981 2964 1028 et
2995 988 3113 1038 nos,
3142 973 3422 1029 vocalibus

1842 1068 2244 1131 instrumentis,
2293 1082 2358 1121 ac
2401 1067 2628 1136 spiritus
2673 1065 3103 1135 reciprocatione
3140 1065 3423 1132 uti,non-

1839 1161 1974 1214 nulli
2023 1160 2338 1230 opinantur.
2383 1159 2498 1214 Soli
2557 1158 2720 1213 etiam
2773 1156 3001 1220 homini,
3049 1155 3154 1210 etsi
3202 1156 3422 1210 mortali

1839 1253 2152 1306 conditione
2199 1259 2361 1305 natus
2413 1249 2522 1314 sit,
2581 1264 2612 1302 a
2674 1246 2910 1302 mortuis
2967 1259 3295 1314 resurgere,
3353 1259 3422 1299 ac

120 1338 256 1409 μὲν
283 1337 569 1410 παρούσης
596 1338 970 1409 φροντίζεται,
1003 1338 1099 1391 καὶ
1133 1340 1450 1408 προνοεῖται
1488 1339 1605 1404 πῶς
1639 1340 1737 1411 ζή-

119 1443 330 1484 σεται⁶
362 1431 460 1502 τῆς
489 1431 546 1484 δὲ
597 1429 904 1500 μελλούσης
949 1431 1296 1500 ἐπιμελεῖται
1342 1432 1418 1502 μὴ
1455 1432 1736 1486 ὲκπεσεῖνο

117 1525 248 1576 καὶ
271 1521 372 1594 τὴν
400 1521 500 1593 μὲν
532 1522 870 1593 πρόσκαιρον
891 1517 1024 1588 οἶδε,
1055 1525 1156 1592 τὴν
1187 1523 1244 1576 δὲ
1280 1524 1502 1577 αἰώνιον
1531 1526 1596 1580 ⁷⁸.
1626 1525 1736 1579 Καὶ

115 1615 251 1687 τὴν
300 1615 420 1685 μὲν,
459 1613 781 1683 πολυπαθῆ,
815 1615 909 1668 καὶ
952 1614 1316 1681 πολυὼδυνον,
1364 1618 1458 1670 καὶ
1498 1617 1737 1671 πολύδα-

121 1723 309 1776 κρυνο
337 1706 436 1777 τὴν
451 1705 530 1772 δὲ,
553 1706 760 1778 ἀπαθῆ,
780 1709 876 1760 καὶ
898 1706 1188 1775 ἀνώδυνον,
1221 1709 1318 1762 καὶ
1344 1709 1623 1781 πολυχαρῆ
1649 1712 1695 1744 ⁷³
1717 1725 1734 1742 ο

123 1795 247 1868 [ὡς
279 1797 374 1850 καὶ
398 1796 772 1870 Καλλίμαχος·

1840 1344 2250 1398 immortalitate
2285 1341 2502 1404 donari,
2559 1341 2747 1395 datum
2803 1347 2906 1393 est.
2973 1336 3160 1391 Solum
3225 1335 3422 1391 homi-

1839 1451 1986 1500 nem,
2020 1451 2202 1490 rerum
2235 1435 2325 1488 ille
2353 1433 2558 1503 apifex,
2604 1433 2692 1486 hic
2740 1442 2985 1486 creatum
3007 1438 3063 1484 et
3098 1429 3207 1482 alio
3240 1436 3421 1484 trans-

1840 1528 2162 1582 mutandum
2235 1526 2384 1581 fecit.
2448 1523 2612 1578 Solus
2681 1523 2866 1586 homo,
2923 1521 3066 1576 inter
3129 1529 3422 1590 utramque

1836 1620 2028 1684 vitam,
2077 1616 2558 1689 providentissima
2617 1630 2750 1670 cura
2799 1628 2922 1683 quae
2979 1612 3046 1666 ad
3095 1621 3422 1681 praesentem

1836 1715 2070 1770 attinent
2142 1712 2360 1782 satagit,
2393 1719 2448 1766 et
2497 1724 2566 1764 ne
2622 1724 2654 1763 a
2701 1707 2888 1762 futura
2941 1705 3214 1761 dilabatur
3269 1719 3424 1760 sum-

1837 1819 2061 1874 mopere
2126 1803 2394 1874 invigilat,
2447 1802 2590 1856 hanc
2645 1807 2969 1869 praesentem
3019 1805 3265 1865 tempore
3302 1810 3423 1852 mu-

127 1891 410 1954 tabilem,
478 1891 626 1946 illam
673 1906 804 1947 vero
863 1901 1122 1948 aeternam
1179 1895 1350 1950 novit.
1410 1893 1518 1950 Sed
1577 1905 1628 1951 et
1679 1897 1985 1956 innumeris
2056 1903 2198 1955 hanc
2244 1897 2402 1968 137
2464 1895 2838 1968 passionibus,
2870 1908 2936 1948 ac
2974 1890 3294 1955 doloribus,
3343 1890 3426 1946 la-

126 1985 470 2057 crymisque
515 1987 836 2052 obnoxiam,
862 1988 1012 2042 illam
1058 2003 1190 2044 vero
1237 1991 1556 2059 passionum
1607 2005 1908 2064 expertem,
1938 1996 2198 2066 omnique
2251 1993 2442 2049 dolore
2508 1998 2829 2053 vacantem,
2867 2004 2935 2045 ac
2993 1986 3215 2059 plurimi
3284 2000 3424 2056 gau-

125 2078 218 2132 dii
263 2077 502 2148 plenam,
551 2078 957 2145 animadvertit.
1019 2077 1092 2134 Ut
1127 2079 1498 2138 Callimachus
1540 2099 1556 2114 ’

134 2192 257 2246 Ἴθι
284 2191 496 2262 πραεῖα
524 2193 826 2263 γυναικῶν
847 2194 964 2263 τὴν
983 2193 1130 2249 ὁδὸν
1161 2195 1241 2263 ῆν
1269 2198 1429 2253 ἀνῖαι
1452 2201 1710 2270 θυμοφθό

1858 2197 2000 2252 Vade
2031 2204 2309 2252 mansueta
2340 2193 2619 2250 mulierum
2644 2192 2981 2262 viam,quam
3014 2194 3275 2263 angustia:
3299 2195 3422 2248 atti-

135 2332 404 2403 ’Ὅμοιον
434 2333 514 2400 τῷ
546 2333 693 2389 ἔνθα
736 2333 969 2405 ἀπέδρα
1013 2267 1732 2408 πᾶσιξῗύῗηππῗξῗ

1228 2409 1325 2462 καὶ
1348 2407 1733 2481 ater-arpch

220 2491 403 2557 Μόνος
443 2494 473 2547 ὁ
522 2493 813 2565 ἄνθρωπος
861 2494 1078 2549 πταίων
1110 2498 1348 2553 ἐνταῦθα
1380 2499 1734 2566 παιδεύεται,

133 2587 244 2642 καὶ
280 2586 558 2657 μετανοῶν
589 2589 955 2658 συγχωρείται
988 2588 1142 2660 παρὰ
1171 2590 1264 2643 τοῦ
1295 2590 1626 2656 Κτίσαντος.

1837 2350 1978 2387 mum
2018 2339 2409 2402 corrumpentes
2471 2344 2576 2382 non
2629 2335 2926 2396 penetrant.

1913 2491 2104 2545 Simile
2155 2490 2283 2544 huic
2333 2497 2389 2543 et
2428 2485 2560 2543 illud
2591 2494 2700 2548 est,
2760 2483 2907 2539 unde
2953 2485 3182 2540 recessit
3238 2485 3423 2540 omnis

1837 2586 2108 2649 molestia,
2133 2591 2187 2639 et
2214 2583 2391 2646 dolor,
2419 2589 2474 2637 et
2499 2579 2754 2652 gemitus.
2776 2573 2938 2633 Solus
2965 2577 3234 2648 siquidem
3256 2579 3422 2634 homo

137 2681 202 2738 in
254 2683 542 2752 praesentis
601 2683 725 2737 Viue
759 2683 996 2749 lubrico,
1047 2685 1102 2738 in
1143 2685 1378 2742 crimina
1431 2699 1768 2758 peccataque
1811 2681 2166 2755 prolabendo,
2216 2694 2340 2734 cum
2376 2679 2618 2748 seipsum
2684 2673 2930 2744 corrigit,
2983 2688 3014 2728 a
3064 2675 3418 2744 paenitentia,

135 2778 310 2835 venia
343 2778 541 2848 dignus
580 2793 610 2832 a
644 2777 902 2832 Creatore
924 2777 1178 2832 ellicitur.

217 2872 402 2934 Μόνος
432 2872 461 2924 ό
502 2869 790 2942 ἄνθρωπος
833 2871 988 2941 παρά
1035 2871 1130 2924 τοῦ
1162 2868 1512 2942 Δημιουργοῦ
1545 2869 1734 2937 διαφε-

142 2964 355 3036 ρόντως
382 2962 490 3016 τῶν
520 2961 698 3017 ἄλλων
738 2961 894 3026 ζώων
924 2965 1256 3034 προνοεῖται,
1288 2962 1384 3016 καὶ
1413 2959 1734 3032 ἐπιμελείας

136 3058 404 3128 ἠξίωται.
438 3056 551 3110 Καὶ
579 3056 624 3087 ⁷⁶
654 3055 745 3108 ἵνα
771 3055 936 3108 τοῦτο
973 3054 1048 3126 μὴ
1087 3054 1298 3124 ἀγνοῶν
1337 3052 1515 3125 μάθῃς
1546 3050 1728 3114 πλέον,

137 3149 250 3201 καὶ
283 3147 381 3216 τῆς
423 3145 685 3218 προνοίας
716 3145 1006 3219 θαυμάσῃς
1046 3145 1106 3198 τὸ
1147 3143 1414 3214 μέγεθος,
1465 3142 1659 3196 σκόπει
1687 3142 1730 3172 ⁷⁷

135 3241 253 3312 τὴν
305 3238 567 3310 διαμονὴν
608 3237 718 3290 τῶν
766 3237 1046 3301 ἁπάντων,
1095 3237 1191 3291 καὶ
1243 3236 1482 3306 μάλιστα
1518 3233 1628 3288 τῶν
1673 3233 1732 3286 ὲν

141 3334 367 3402 γενέσει
414 3333 510 3386 καὶ
541 3330 719 3402 φθορᾷ
767 3329 1181 3400 φυλαττομένην
1201 3329 1244 3360 ⁷⁸
1274 3330 1362 3382 ἀεὶ
1404 3329 1492 3382 διά
1533 3345 1593 3381 σε
1635 3326 1733 3398 τὴν

140 3399 306 3491 τάξιν
329 3424 436 3479 τῶν
463 3399 632 3478 ὅντων
653 3399 755 3477 καὶ
784 3421 881 3494 τὴν
909 3424 952 3454 ⁷³
978 3399 1149 3476 θέσιν.
1196 3421 1472 3486 Ὡσαύτως
1500 3419 1598 3490 τὴν
1625 3419 1732 3472 τῶν
1758 3399 1800 3456 C

143 3520 372 3589 ἄστρων
421 3517 619 3588 φοράν,
665 3514 834 3587 μηδὲν
876 3514 1150 3585 μηδέποτε
1185 3513 1609 3567 διαλλάττουσαν
1639 3509 1732 3562 τὸν

144 3611 355 3667 κύκλον
381 3609 478 3664 τοῦ
511 3608 786 3662 ὲνιαυτοῦο
819 3608 929 3661 τῶν
955 3607 1117 3678 ὡρῶν
1139 3607 1237 3680 τὴν
1263 3605 1730 3660 ἀποκατάστασινο

145 3704 264 3759 τῶν
289 3703 502 3759 νυκτῶν
536 3703 631 3756 καὶ
655 3699 879 3772 ἡμερῶν
903 3699 950 3732 ⁸⁸
971 3700 1072 3771 τὴν
1101 3700 1345 3771 ἰσότηταο
1381 3697 1531 3769 παρὰ
1566 3696 1732 3768 μέρος

148 3796 426 3866 ἑκατέρας
464 3792 842 3864 αὐξανομένης
871 3792 905 3863 ἢ
946 3791 1300 3863 μειουμένης·
1331 3790 1430 3862 τὴν
1473 3788 1661 3860 φυτῶν
1685 3789 1729 3819 ⁸⁸

147 3891 254 3944 καὶ
300 3886 637 3959 σπερμάτων
680 3883 922 3955 πληθύνο
978 3884 1079 3956 τὴν
1125 3883 1234 3936 τῶν
1263 3880 1420 3946 ζώων
1465 3880 1732 3952 διαφορὰν

151 3983 256 4037 καὶ
283 3979 651 4051 κατασκευήν·
687 3981 789 4050 τῆς
828 3978 1059 4040 κτίσεως
1087 3975 1308 4047 ἁπάσης
1336 3975 1404 4029 τὰ
1432 3974 1568 4047 ἔργα
1590 4014 1606 4038 ,
1639 3974 1732 4027 καὶ

149 4075 257 4149 τὴν
283 4073 597 4142 ἀναλογίαν,
628 4072 723 4125 καὶ
753 4071 1042 4142 ἁρμονίαν,
1070 4070 1165 4123 καὶ
1192 4069 1497 4139 εὐρυθμίαν
1521 4069 1591 4123 θ’.
1621 4068 1732 4120 Καὶ

154 4171 248 4224 ἴνα
286 4169 463 4221 πάντα
491 4165 654 4236 παρῶ
684 4163 773 4217 διὰ
799 4163 898 4234 τὴν
927 4163 1025 4234 σὴν
1051 4162 1310 4234 πρόνοιαν
1337 4161 1383 4194 ⁸³
1413 4162 1508 4216 καὶ
1539 4163 1734 4231 συντή-

157 4278 318 4334 ρησιν
350 4259 638 4328 γεγονότα,
681 4259 812 4329 περὶ
841 4257 941 4326 τῆς
979 4257 1196 4327 μορφῆς
1231 4255 1389 4326 ἡμῶν
1431 4255 1526 4309 καὶ
1556 4255 1729 4316 ίδέας,

152 4355 257 4424 τὴν
299 4351 658 4423 παραλλαγὴν
703 4350 959 4418 διάφορον
1011 4348 1246 4417 ἐχούσης
1291 4346 1358 4409 ⁸⁸,
1408 4344 1732 4414 διασαφὴσω

153 4444 315 4512 ὀλίγα
335 4445 400 4476 ’⁵ο
435 4442 521 4495 ἵνα
553 4440 942 4512 προσκυνήσῃς
974 4437 1020 4469 ⁸⁸
1045 4438 1146 4506 τὴν
1179 4435 1310 4505 περὶ
1340 4434 1400 4487 σὲ
1416 4435 1462 4466 ⁸⁷
1495 4433 1590 4487 τοῦ
1633 4438 1731 4485 Δε-

155 4534 357 4589 σπότου
401 4550 496 4586 σου
544 4532 829 4602 πρόνοιαν,
878 4530 938 4581 τὸ
979 4527 1142 4599 ἔργον
1186 4526 1381 4581 τούτου
1421 4525 1730 4595 θαυμάσῃς.

154 4627 256 4689 Τίς
284 4627 392 4698 γάρ
421 4623 562 4696 όρῶν
587 4623 686 4686 τὰς
715 4621 932 4693 μορφὰς
960 4619 1070 4673 τῶν
1107 4617 1413 4689 ἀνθρώπων
1451 4619 1510 4670 έν
1533 4616 1728 4670 τοσαύο

1912 2859 2199 2930 Siquidem
2245 2895 2261 2920 ,
2346 2871 2475 2927 erga
2555 2856 2734 2912 solum
2813 2859 3094 2916 hominem
3131 2901 3146 2927 ,
3234 2877 3418 2920 rerum

1839 2953 2020 3023 opifex
2089 2957 2285 3021 praeter
2333 2949 2437 3002 alia
2485 2948 2741 3004 animalia
2801 2953 3071 3022 pra-cipua
3131 2955 3422 3024 providen-

1839 3045 1910 3099 tia
1939 3043 2145 3106 utitur,
2177 3054 2413 3110 eumque
2443 3039 2795 3095 exactissima
2827 3043 2998 3110 ipsius
3027 3059 3160 3099 cura
3190 3046 3419 3116 dignum

1835 3145 2041 3192 censet.
2104 3134 2201 3190 llis
2255 3134 2439 3203 itaque
2509 3134 2780 3203 cognitis,
2831 3144 2886 3190 et
2935 3135 3092 3205 plura
3148 3137 3418 3205 edoctus.

1835 3228 1930 3284 Dei
1962 3226 2317 3299 providentia:
2346 3226 2778 3296 magnitudinem
2821 3228 3110 3286 mirabere.
3147 3229 3284 3297 Quis
3309 3248 3420 3289 non

1835 3325 2103 3376 attonitus
2123 3319 2396 3390 inspiciat,
2430 3319 2676 3373 omnium
2737 3335 2920 3374 rerum
2961 3325 3417 3392 permanentiam,

1833 3429 2021 3468 earum
2046 3413 2372 3482 praesertim,
2404 3427 2526 3481 quae
2555 3411 2920 3482 generationis
2939 3414 3419 3484 corruptionisque

1833 3506 2212 3562 vicissitudine
2259 3504 2418 3560 nobis
2465 3504 2791 3568 inserviunt,
2841 3505 3013 3559 nostri
3053 3520 3215 3560 causa
3262 3506 3417 3562 illum

1834 3598 2238 3672 procreasse,'si
2262 3613 2443 3652 rerum
2468 3597 2714 3652 omnium
2740 3597 2986 3652 ordinem
3005 3597 3234 3652 simulet
3250 3599 3416 3655 situm

1834 3701 2180 3772 inspexeris?
2205 3697 2322 3753 Non
2352 3698 2497 3753 enim
2544 3697 2784 3754 siderum
2828 3708 3046 3765 motus,
3087 3715 3196 3754 non
3237 3700 3420 3756 circu-

1832 3794 1964 3848 laris
2001 3792 2132 3848 anni
2177 3792 2450 3852 ambitus,
2481 3790 2562 3844 vel
2610 3797 2913 3860 temporum
2939 3833 2954 3857 ,
2993 3790 3062 3844 ab
3094 3791 3309 3861 incepto
3341 3802 3419 3848 te-

1834 3901 1988 3948 nore.
2030 3886 2090 3940 lit
2121 3883 2471 3954 permutatio.
2507 3881 2613 3936 Sed
2657 3891 2712 3936 et
2755 3882 2968 3936 dierum
3034 3898 3100 3937 ac
3172 3884 3416 3939 noctium

1833 3975 2195 4048 aqualitates,
2234 3974 2604 4036 incrementa,
2635 3973 3124 4042 decrementaque,
3163 3975 3292 4030 dum
3336 3976 3419 4031 vi-

1832 4069 2020 4126 cissim
2047 4077 2159 4123 tam
2191 4067 2331 4121 miro
2355 4066 2548 4120 ordine
2574 4065 2772 4119 damna
2804 4066 3131 4134 rependunt,
3170 4079 3419 4122 contem-

1833 4162 1969 4232 plari
1997 4168 2230 4232 oportet.
2266 4157 2540 4225 Quidnam
2583 4158 2650 4212 de
2700 4157 2968 4211 seminum
3008 4166 3063 4211 et
3102 4158 3414 4227 plantarum

1832 4251 2213 4313 exuberantia,
2264 4259 2359 4303 aut
2391 4248 2520 4319 quid
2557 4248 2624 4303 de
2656 4258 2768 4302 tam
2814 4248 3026 4303 diversa
3060 4258 3114 4302 et
3142 4249 3415 4305 dilferenti

1836 4352 2161 4407 animalium
2194 4351 2399 4419 specie,
2431 4350 2604 4419 deque
2639 4357 2748 4403 tota
2797 4363 2980 4402 rerum
3032 4348 3282 4404 machina
3325 4349 3410 4404 di~

1832 4443 2063 4498 cendum
2094 4441 2214 4496 est?
2258 4441 2310 4494 in
2358 4441 2476 4510 ipsa
2523 4439 2668 4493 enim
2709 4440 3092 4509 proportione,
3127 4440 3412 4496 harmonia

1831 4544 1885 4590 et
1916 4541 2066 4588 recto
2114 4532 2306 4587 ordine
2344 4532 2646 4586 consistere
2688 4541 2884 4585 cuncta
2925 4532 3194 4586 visuntur.
3244 4531 3310 4587 Et
3353 4542 3414 4588 ut

1835 4627 2123 4692 universa,
2174 4640 2296 4694 quae
2349 4637 2559 4678 summa
2615 4620 2707 4677 Dei
2747 4622 3085 4691 providentia
3139 4625 3409 4680 commodi

153 4735 279 4782 ταις
312 4717 541 4792 μυριάσι
567 4715 613 4748 ⁸⁸
658 4711 1112 4778 διαλλαττούσας,
1165 4711 1261 4765 καὶ
1296 4709 1548 4783 μηδαμοῦ
1589 4709 1710 4765 κατέ

1847 4733 1901 4774 ac
1932 4717 2288 4772 emolumenti
2321 4714 2495 4769 nostri
2533 4715 2706 4784 gratia
2740 4725 3021 4785 procreata
3059 4724 3209 4782 sunt,
3241 4717 3408 4773 missa

156 4785 338 4864 πάντα
369 4785 792 4879 συμπιπτούσας
821 4807 888 4872 ⁸³,
922 4808 981 4860 ού
1013 4805 1284 4877 θαυμάσει
1317 4805 1418 4875 μὲν
1448 4803 1508 4858 τὸ
1545 4804 1706 4875 ἔργον

1847 4811 2125 4879 faciamus,
2161 4824 2332 4881 pauca
2368 4816 2547 4863 tamen
2587 4807 2654 4862 de
2689 4806 2862 4862 forma
2898 4808 3188 4878 specieque
3220 4819 3409 4864 nostra

171 4900 654 4972 ’Δναλογιζόμενος
696 4900 753 4954 δὲ
799 4900 900 4971 τὴν
946 4899 1149 4962 αἰτίαν,
1192 4899 1417 4970 εὑρήσει
1469 4899 1730 4971 προνοίας

157 4998 326 5050 ’ἑνεκα
363 4995 760 5066 διαφερούσης,
805 4993 901 5064 τὴν
926 4992 1188 5062 διαφορὰν
1216 4993 1315 5060 τῆς
1356 4991 1570 5064 μορφῆς
1624 5011 1732 5047 πα·-

161 5087 548 5162 ρηλλαγμένην
579 5088 638 5139 ὲν
680 5087 793 5148 τοῖς
832 5083 954 5138 καθ’
979 5084 1213 5136 ἕκαστον
1245 5082 1314 5136 ⁸⁸.
1360 5083 1559 5138 Σκόπει
1597 5085 1729 5155 γὰρ,

153 5181 211 5249 ⁸εί
232 5179 324 5236 τὸν
340 5180 384 5212 ’ί
412 5179 577 5234 αὑτὸν
603 5178 842 5240 ἅπαντες
863 5173 1065 5239 ἔσωζον
1096 5173 1533 5246 ἀπαραλλάκτως
1563 5193 1735 5246 χαραο

161 5271 364 5344 κτῆρα,
386 5271 528 5341 πόση
553 5268 810 5340 σύγχυσις
829 5267 936 5319 τῶν
958 5266 1300 5337 πραγμάτων
1323 5265 1552 5332 ἐγίνετο.
1583 5267 1732 5340 Πόση

1837 4917 2122 4958 recensere
2154 4901 2556 4973 aggrediamur,
2591 4907 2650 4953 ut
2677 4899 2804 4956 inde
2827 4898 3042 4954 Domini
3077 4900 3246 4956 nostri
3271 4915 3410 4970 Opus

1837 4995 2048 5058 mirari,
2077 4994 2305 5065 ejusque
2347 4993 2577 5048 adorare
2616 4991 3012 5063 providentiam
3036 4992 3412 5062 unusquisque

1835 5088 2035 5144 merito
2069 5087 2259 5158 possit.
2288 5085 2444 5154 Quis,
2478 5086 2722 5157 inquam,
2760 5084 3040 5138 hominum
3078 5083 3282 5141 formas
3307 5126 3323 5153 ,
3356 5087 3410 5140 in

1837 5189 1915 5236 tot
1945 5180 2187 5235 millibus
2212 5179 2610 5250 discrepantes,
2637 5187 2690 5234 et
2713 5177 2903 5232 nullibi
2929 5193 3157 5244 prorsus
3193 5178 3247 5232 in
3284 5178 3412 5234 uni-

1837 5271 2013 5328 versis
2043 5272 2455 5335 convenientes,
2486 5286 2596 5326 non
2631 5269 2995 5325 admiratione
3027 5282 3413 5342 prosequatur,

231 5415 280 5447 ⁷³
302 5412 650 5488 timorm}.
676 5481 696 5488 Δ
726 5411 790 5488 ⁷⁸-
807 5409 1104 5488 μέλλουσαν
1131 5406 1192 5488 βε
1267 5409 1313 5439 ⁷⁸
1339 5418 1461 5488 post
1489 5411 1604 5488 haec
1628 5411 1710 5467 Lai

1847 5415 2029 5488 :rs_._i_la
2061 5429 2121 5488 se
2137 5413 2337 5469 habet:
2376 5412 2500 5488 «‘Ut
2531 5411 2914 5467 Callimachus.
2959 5411 3063 5465 Ἴθι
3095 5411 3280 5488 πρημύα
3313 5429 3415 5488 γυ.-

163 5484 370 5542 ναικῶν
397 5483 634 5554 τὴνγόδδν
669 5481 737 5552 ἢν
766 5478 914 5554 ἀνίαι
940 5478 1280 5554 θυμοφθόροι
1311 5481 1383 5554 ού
1403 5478 1707 5554 περόωσιν

1892 5485 2017 5538 157.
2068 5485 2172 5554 hoc
2245 5481 2568 5554 rerofrag.
2593 5492 2782 5537 carent
2813 5495 3007 5554 omnes
3031 5478 3225 5554 nostri
3254 5483 3414 5554 codd.

175 5557 263 5619 Ὠς
292 5554 387 5626 καὶ
426 5549 728 5626 iamut...
761 5552 1072 5626 περόωσιν]
1109 5549 1393 5626 ὅμριον-τῷ
1424 5549 1554 5626 ἔνθα
1581 5549 1803 5626 ἀπέδρα
1837 5557 1989 5626 πᾶσα
2185 5553 2282 5607 καὶ
2304 5553 2585 5626 όδύνηκαὶ
2635 5552 2980 5626 στεναγμός.-
2991 5550 3168 5626 Μόνος
3207 5553 3236 5604 ό
3252 5550 3414 5626 ρνΘρ.

168 5627 226 5684 Ρ,
269 5624 347 5695 _"
371 5624 466 5676 καὶ
487 5639 596 5695 om.
630 5623 719 5695 B._
764 5623 810 5654 ⁷⁷
835 5619 929 5675 καὶ
949 5620 1224 5695 σκόπει-β.
1300 5619 1890 5695 ⁷⁴ίφυλαττομένωνίὼ
1969 5625 2011 5657 ⁷⁹
2035 5619 2264 5695 aquom.
2323 5623 2382 5677 Β.
2454 5619 2504 5654 ⁸⁸
2559 5619 2887 5695 καιρῶν-Β.
2924 5622 3004 5695 Λ³¹
3041 5621 3168 5695 -τὴν
3211 5619 3320 5674 τῶν

165 5697 208 5750 Β
266 5693 327 5749 Ρ.
403 5695 449 5726 ⁸³
503 5693 601 5748 καὶ
669 5692 790 5763 εύρ.
837 5707 946 5746 our.
993 5689 1068 5763 _B.

164 5782 304 5837 παρ,
380 5765 548 5837 ⁸⁸-σοι
597 5761 776 5837 όλίγα-
799 5763 859 5816 Β.
961 5761 1024 5837 '1
1053 5762 1290 5837 Qaup.._-c

166 5829 407 5902 πτόύσας
431 5835 493 5892 Β.
566 5835 615 5869 ⁸⁸
644 5829 959 5889 καθέκαστα
988 5829 1028 5884 Β
1050 5830 1112 5890 Ρ.
1170 5829 1248 5908 ξθί
1294 5829 1503 5889 καϊτὸν
1534 5833 1572 5886 Β
1602 5832 1664 5891 Ρ.

1143 5692 1190 5723 ⁸³
1249 5708 1408 5766 προν.
1459 5694 1555 5746 καὶ
1612 5692 1953 5766 προμήθειαν
1983 5695 2044 5752 Β.

1294 5709 1408 5816 ροέ.
1459 5709 1555 5746 και
1612 5709 1953 5766 προμηυειαν
1983 5709 2044 5752 υ.
2144 5709 2333 5774 "Plu

1368 5765 1644 5839 _P‘(OV_§¢a_l.
1663 5781 1826 5837 προσ.
1861 5764 1904 5818 Β
1925 5765 1984 5822 Ρ.
2061 5764 2117 5839 ⁸⁷,
2138 5781 2236 5820 σου
2271 5763 2333 5820 Β.

2144 5694 2194 5726 ⁸³
2225 5693 2376 5764 διαφ.
2405 5695 2490 5797 ἐξ..
2532 5690 2738 5760 οιιι.’Β,
2773 5693 2812 5747 Ρ
2845 5693 2936 5760 qui
2981 5693 3144 5746 etiam
3176 5705 3286 5743 om.
3316 5690 3420 5760 τὴν

2144 5763 2236 5797 ...π
2272 5763 2310 5797 n
2510 5763 2732 5797 .......;...
2776 5779 2863 5797 nan
2922 5763 2954 5797 Α
3085 5760 3130 5793 eo
3163 5775 3417 5797 ηιιυρνη-ι-

2509 5763 2737 5837 μυριάσι
2776 5779 2888 5820 om.
2916 5763 2981 5817 A.
3085 5760 3130 5793 "
3163 5775 3417 5816 συνεκπι-
