3792 6360
388 347 545 404 1279

1644 343 1928 402 MELETII
1970 345 2279 403 MONA'CIII

3535 345 3669 400 ιεω

401 477 566 533 atque
603 463 954 533 obtupescat?
983 461 1185 517 Verum
1208 500 1222 525 ,
1269 461 1315 515 si
1367 475 1591 516 causam
1627 461 1970 528 consideres,

2077 460 2133 512 δὲ
2172 461 2365 528 ἄγνοια
2409 461 2505 513 καὶ
2550 460 2740 525 σκότος
2785 462 3004 532 κατεῖχε
3051 459 3144 514 τὸν
3185 460 3508 532 ἄνθρωπον·
3549 463 3670 514 οὒτε

401 570 631 611 summa:
663 555 1014 626 providentiae
1046 569 1205 624 opus,
1240 554 1292 608 in
1331 554 1423 607 tali
1460 554 1819 622 singular-ium
1859 555 1972 609 dis-

401 647 779 709 similitudine,
815 645 1116 700 consistere
1149 645 1537 715 deprehendes.
1573 644 1630 699 Si
1665 646 1811 700 enim
1846 647 1972 700 uni-

399 737 541 792 versi
567 735 843 800 mrrtales,
870 735 1018 789 omni
1039 748 1246 790 remoto
1263 735 1596 801 discrimine,
1627 735 1788 807 138
1808 752 1972 790 unam

399 827 756 896 eamdemque
794 826 1025 896 figuram
1064 826 1393 881 sortirentur
1417 867 1430 891 ,
1473 827 1709 881 maxima
1752 827 1971 896 quidem

402 935 585 974 rerum
633 918 885 973 confusio
933 919 1186 973 oriretur.
1239 919 1297 972 ln
1345 927 1550 988 quanta
1603 919 1746 973 enim
1789 934 1972 974 rerum

401 1010 646 1064 omnium
689 1010 1064 1080 ignoratione,
1111 1024 1175 1063 ac
1221 1008 1459 1063 tenebris
1501 1022 1866 1076 versaremur,
1903 1012 1972 1076 si,

399 1101 766 1172 distinguendi
797 1108 985 1154 notum
1013 1101 1287 1154 hominem
1318 1100 1587 1170 abignoto
1608 1140 1622 1164 ,
1657 1099 1866 1156 hostem
1904 1103 1974 1155 ab

399 1193 597 1256 amico,
629 1191 856 1261 probum
891 1192 958 1245 ab
987 1191 1238 1259 improbo
1263 1206 1328 1244 ac
1361 1190 1612 1253 scelesto,
1647 1190 1792 1245 nulla
1817 1192 1972 1247 nobis

401 1283 634 1338 facultas
672 1283 892 1336 daretur
923 1301 937 1336 :
973 1297 1122 1347 nam,
1153 1283 1196 1336 si
1232 1282 1346 1336 haec
1377 1282 1690 1351 hujusniodi
1717 1298 1775 1337 se
1812 1283 1974 1337 habe-

403 1382 545 1429 rent.
578 1371 712 1426 nihil
742 1371 1024 1440 impediret
1057 1371 1189 1442 quin
1235 1385 1359 1424 cum
1404 1371 1721 1441 parentibus
1768 1374 1975 1427 sorori-

400 1476 614 1546 busque
637 1475 928 1529 coiremus.
955 1473 1012 1528 Si
1037 1473 1124 1527 fur
1144 1473 1195 1527 in
1226 1473 1370 1529 furto
1386 1473 1759 1546 deprehensus
1783 1479 1974 1546 paulu-

401 1567 511 1621 lum
550 1565 847 1621 declinaret
874 1580 938 1619 ac
961 1579 1082 1620 sese
1110 1566 1440 1621 immisceret
1463 1568 1626 1621 coetui
1649 1606 1664 1631 ,
1693 1583 1970 1638 nunquam

401 1657 636 1727 amplius
666 1657 1044 1728 agnoscendus
1065 1657 1336 1726 ellugeret.
1371 1658 1477 1713 Sed
1507 1669 1561 1713 et
1596 1659 1738 1714 inter
1772 1659 1972 1716 liberos

401 1763 466 1802 ac
500 1758 751 1817 parentes
781 1746 990 1801 nullum
1031 1747 1258 1801 omnino
1301 1749 1631 1818 cognitionis
1677 1749 1971 1804 discrimen

2080 551 2170 603 τὸν
2217 551 2518 618 ἀλλότριον,
2571 552 2920 623 ῆπολὲμιον,
2977 553 3010 621 ἢ
3061 555 3321 623 χρηστὸν,
3376 553 3411 622 ἦ
3466 553 3674 622 φαῦλον

2079 643 2355 712 διακρῖναι
2387 645 2435 676 "
2481 644 2799 713 δυνάμενον·
2855 643 3047 697 τούτου
3103 645 3212 717 γὰρ
3258 645 3419 706 ὄντος
3462 644 3672 706 οὕτως,

2079 733 2232 787 οὐδὲν
2262 733 2500 788 ἐκώλυεν
2528 736 2790 805 ἀδελφαῖς
2815 737 2908 790 καὶ
2940 737 3181 805 μητράσι
3220 736 3675 807 συμμίγνυσθαι.

2080 825 2146 878 Τί
2175 826 2254 890 δὲ,
2293 829 2342 880 εί
2370 829 2621 882 κλέπτων
2649 846 2732 892 τις
2751 829 3048 900 κρατηθεὶς
3077 828 3293 900 ἀπέδρα
3324 831 3555 900 μικρδν.
3589 832 3678 881 καὶ

2083 921 2353 992 συνεμίγη
2399 923 2458 975 ὲν
2501 925 2617 984 τοῖς
2649 897 2957 993 παροῦσινς
2989 897 3121 992 ἄρα.
3139 897 3674 990 ἀνῖάνεγνωρίσθῃ

2077 1012 2354 1083 οὐδαμῶς.
2404 1013 2548 1067 Ἀλλ’
2579 1014 2704 1066 οὐδὲ
2745 1015 2985 1084 πατέρες
3030 1015 3123 1067 καὶ
3155 1013 3352 1076 παῖδες
3405 1013 3676 1082 ἀλλήλους

2079 1105 2396 1176 ἐγνώριζον.
2447 1107 2590 1160 Ἀλλ’
2634 1107 2757 1160 οὐδὲ
2802 1108 2930 1162 ἄλλο
2983 1126 3034 1161 τι
3080 1107 3314 1177 συνέστη
3367 1108 3484 1158 τῶν
3540 1109 3675 1159 κατὰ

2082 1197 2197 1268 βίον
2227 1199 2272 1232 ⁸³
2301 1202 2358 1253 ὲν
2389 1199 2698 1269 ἀνθρώποις
2745 1200 2982 1271 χρηστόν
3007 1216 3021 1231 ·
3071 1199 3274 1266 τυφλὸς
3332 1199 3452 1269 γάρ
3513 1197 3585 1250 ἂν
3613 1195 3675 1265 ἦν

2081 1290 2245 1344 ἕνεκα
2287 1292 2397 1345 τῶν
2431 1293 2734 1364 ἀνθρώπων
2766 1296 2794 1346 ὁ
2830 1292 3116 1364 ἄνθρωπος
3137 1334 3152 1358 ,
3207 1291 3393 1362 μικρά
3423 1290 3527 1343 τοῦ
3562 1289 3676 1358 βλέ-

2081 1398 2205 1434 πειν
2232 1383 2381 1454 αὐτῷ
2409 1384 2857 1455 παρεσχομὲνωψ
2885 1383 3025 1454 πλὴν
3050 1386 3160 1455 γὰρ
3193 1385 3426 1453 ἡλικίας
3461 1384 3564 1435 καὶ
3596 1397 3678 1451 με·

2080 1473 2274 1542 γέθους
2319 1475 2471 1528 οὐδὲν
2525 1475 2654 1528 ἄλλο
2709 1475 3029 1544 διεγίνωσκε
3073 1477 3138 1530 ³⁵.
3191 1477 3494 1527 Τοσούτων
3549 1474 3677 1542 ἡμῖν

2081 1565 2300 1634 ἀγαθῶν
2327 1566 2476 1620 αἰτία
2507 1567 2732 1635 γέγονεν
2764 1567 2798 1637 η
2833 1567 3066 1636 Πρόνοια
3099 1566 3470 1619 ποικίλλουσα
3503 1566 3553 1595 ⁸³
3586 1565 3677 1631 τῇ

2084 1657 2304 1728 μορφὴν
2350 1658 2460 1711 τῶν
2519 1656 2823 1728 ἀνθρώπων
2869 1658 2956 1710 διά
3012 1658 3249 1722 παντὸς,
3306 1657 3410 1709 καὶ
3469 1654 3678 1725 μηδένα

2080 1749 2271 1818 χρόνον
2288 1748 2508 1802 τοῦτο⁹⁶
2531 1749 2971 1820 παραλείπουσαο
2996 1751 3090 1802 καὶ
3109 1750 3170 1802 οὑ
3195 1749 3361 1818 μόνον
3385 1749 3450 1800 ὲν
3470 1750 3676 1817 μορφῇ,

399 1851 568 1896 esset.
608 1839 874 1894 Praaterea
917 1841 1064 1895 aliud
1113 1841 1248 1894 nihil
1293 1841 1348 1896 in
1391 1843 1491 1896 hac
1517 1842 1832 1896 mortalium
1863 1844 1970 1898 vita

2076 1841 2214 1894 ἀλλά
2247 1841 2341 1894 καὶ
2377 1843 2436 1894 ὲν
2470 1845 2697 1910 φωναῖς,
2737 1843 2832 1895 καὶ
2863 1844 2922 1894 ὲν
2957 1847 3022 1912 τῇ
3057 1843 3165 1894 τῶν
3197 1842 3534 1912 χρωμάτων
3567 1838 3678 1891 6t:-

399 1932 514 1988 ﬁ‘eri
545 1933 814 1988 laudabile
840 1944 1024 2004 posset
1061 1952 1074 1987 :
1110 1949 1234 1987 nam
1271 1934 1468 1998 homo,
1501 1935 1740 1990 hominis
1777 1951 1966 2000 causa,

400 2040 577 2080 caecus
630 2025 1034 2094 quodammodo
1078 2033 1257 2090 esset,
1300 2041 1424 2080 cum
1454 2027 1596 2081 visui
1629 2026 1802 2096 ipsius
1835 2027 1970 2081 nihil

398 2115 546 2172 aliud
578 2116 1059 2186 comprehendere,
1084 2131 1248 2186 quam
1283 2125 1492 2171 :etatem
1527 2123 1691 2186 atque
1726 2117 1972 2186 corporis

402 2205 829 2273 magnitudinem
869 2205 1110 2260 daretur.
1161 2205 1334 2260 Tanta
1377 2206 1540 2277 igitur
1589 2207 1728 2261 bona
1768 2207 1971 2262 summi

399 2293 676 2350 Creatoris
704 2296 1041 2366 providentia
1077 2312 1144 2352 ex
1188 2296 1376 2352 forma:
1414 2297 1470 2351 in
1499 2298 1758 2353 omnibus
1793 2299 1974 2352 varia-

2075 1934 2239 2004 φορᾷ,
2268 1932 2362 1986 καὶ
2394 1935 2452 1985 ὲν
2477 1933 2739 2004 ἡλικίαις·
2769 1935 2854 1987 ἵνα
2885 1934 3239 2004 πολυτρόπως
3271 1933 3558 2004 βοηθῆται
3583 1932 3676 1999 τῆς

2073 2026 2424 2099 ἀνθρωπίνης
2457 2028 2679 2095 φύσεως
2733 2031 2766 2098 ἠ
2817 2029 3109 2094 ἀσθένεια,
3149 2027 3246 2080 καὶ
3293 2025 3677 2094 γινώσκοντες

2074 2120 2156 2182 ὡς
2191 2119 2408 2188 λογικοὶ⁸
2429 2159 2444 2184 ,
2476 2120 2592 2184 οἵας
2639 2123 2894 2192 προνοίας
2941 2118 3236 2191 ἀξιούμεθα
3280 2121 3380 2173 καὶ
3411 2118 3592 2188 τιμῆς
3616 2119 3676 2180 ’¹,

2081 2210 2155 2280 μὴ
2189 2209 2648 2280 καταισχύνωμεν
2677 2214 2775 2281 τὴν
2820 2211 3008 2279 φύσιν,
3065 2209 3202 2282 μηδὲ
3242 2208 3356 2263 τῶν
3394 2213 3498 2261 τοῦ
3543 2207 3675 2260 Θεοῦ

2075 2297 2295 2370 δωρεῶν
2324 2300 2732 2371 ἀποφανθῶμεν
2758 2301 2804 2334 ⁸⁸
2831 2301 3064 2366 ἀνάξιοι.

397 2393 548 2446 tione
572 2393 1046 2465 discrepantiaque
1079 2395 1238 2450 nobis
1295 2395 1492 2465 largita
1550 2401 1654 2461 est,
1699 2404 1754 2449 et
1812 2395 1918 2451 hoc
1957 2395 2178 2466 quidem
2211 2412 2308 2466 per
2362 2397 2615 2453 universa
2644 2407 2886 2469 tempora
2919 2397 3125 2453 ellicere
3161 2414 3269 2452 non
3297 2397 3533 2452 desinit.
3574 2392 3673 2449 Sed

397 2501 508 2542 non
535 2485 705 2558 ﬁgura
740 2497 976 2556 tantum,
1001 2504 1192 2544 verum
1229 2489 1393 2544 etiam
1427 2491 1482 2544 in
1515 2490 1777 2556 vocibus,
1832 2491 2222 2562 coloribusque
2252 2501 2416 2563 atque
2455 2494 2708 2550 aetatibus
2784 2495 3077 2550 discrimen
3149 2494 3369 2560 visitur,
3416 2507 3537 2563 quo
3576 2491 3674 2544 hu-

396 2599 572 2639 manae
602 2593 813 2639 naturae
878 2585 1226 2641 imbecillitas
1278 2586 1655 2642 multimodam
1685 2602 1844 2658 Opem
1910 2589 2155 2645 sentiret.
2187 2588 2325 2644 Cum
2349 2591 2494 2645 enim
2523 2591 2718 2655 nobis,
2762 2607 2862 2661 pro
2932 2593 2981 2645 vi
3024 2590 3275 2646 rationali
3315 2603 3433 2660 qua
3462 2587 3670 2658 praediti

395 2690 628 2745 sumus,’
651 2681 875 2751 planum
909 2689 1122 2736 constet
1146 2693 1351 2750 quanto
1380 2697 1478 2736 nos
1513 2681 1714 2736 summi
1773 2680 1908 2748 Dei,
1952 2691 2005 2736 et
2041 2683 2305 2737 creatoris
2337 2683 2677 2753 providentia
2723 2683 2930 2738 honore
2994 2683 3308 2753 insignivit,
3340 2680 3668 2736 enitendum

395 2790 612 2829 summa
636 2789 738 2844 ope
779 2783 886 2842 est,
910 2787 980 2829 ne
1029 2783 1284 2829 naturam
1341 2774 1515 2844 ipsam
1580 2773 1913 2845 turpitudine
1953 2772 2256 2829 afficiamus
2282 2816 2297 2840 ,
2337 2790 2403 2830 ac
2464 2785 2575 2830 tam
2618 2776 2863 2846 praeclari
2896 2777 3141 2831 muneris
3179 2774 3391 2846 indigni
3450 2774 3669 2844 penitus

391 2866 693 2922 videamur.

468 2957 594 3013 Hice
623 2966 804 3013 autem
831 2959 964 3013 mihi
987 2958 1054 3013 de
1077 2968 1262 3014 nostro
1283 2975 1534 3032 corpore,
1555 2960 1786 3030 ejusque
1821 2966 1970 3015 stru-

2140 2953 2394 3009 Τοσαῦτά
2423 2972 2514 3026 μοι
2547 2973 2676 3028 περι
2701 2960 2795 3010 τοῦ
2827 2955 3079 3026 σώματος
3108 2957 3263 3028 ἡμῶν
3289 2961 3385 3013 καὶ
3414 2962 3520 3030 τῆς
3551 2965 3664 3017 τού-

393 3061 550 3106 ctura
573 3052 1094 3122 constitutioneque,
1119 3067 1182 3106 ac
1213 3052 1538 3107 formatione
1562 3067 1662 3107 nec
1687 3068 1793 3106 non
1825 3066 1970 3106 com-

2074 3061 2159 3098 του
2191 3045 2574 3116 κατασκευῆς,
2631 3049 2726 3100 καὶ
2770 3047 3116 3112 διαπλάσεως
3145 3089 3160 3112 ,
3206 3051 3305 3104 καὶ
3351 3051 3662 3119 συνθέσεως

395 3144 669 3213 positione
721 3143 1032 3213 collegisse,
1077 3144 1494 3214 composuisse,
1541 3159 1605 3198 ac
1648 3144 1803 3213 quasi
1832 3156 1968 3198 con-

2074 3139 2382 3208 συνήνωται
2413 3139 2482 3204 ⁸⁸,
2515 3139 2609 3192 καὶ
2637 3139 2987 3194 συλλέλεκται
3008 3179 3025 3204 ,
3057 3142 3150 3194 καί
3176 3143 3533 3200 συντέθειται
3575 3150 3660 3200 καὶ

394 3235 632 3290 texuisse
664 3244 717 3289 et
745 3235 1089 3290 conseruisse
1110 3235 1288 3289 visum
1312 3244 1415 3290 est.
1437 3234 1622 3304 Neque
1642 3239 1784 3288 enim
1812 3235 1969 3289 nobis

395 3327 531 3383 satis
563 3335 775 3382 constat
799 3365 812 3389 ,
841 3326 888 3381 si
924 3326 974 3381 id
999 3367 1014 3394 ,
1051 3337 1110 3381 ut
1146 3327 1468 3397 praeclarum
1500 3326 1760 3382 artificem
1792 3327 1968 3398 decet,

395 3428 546 3481 arte,
603 3433 806 3482 necne,
861 3419 943 3473 vel
996 3420 1291 3488 prudenter
1322 3418 1665 3473 eﬂ'ecerimus
1689 3459 1704 3484 ,
1741 3429 1801 3473 ut
1832 3433 1970 3488 opus

395 3521 660 3572 nostrum,
686 3526 716 3565 a
748 3511 994 3580 pluribus
1026 3511 1366 3579 probaretur.
1398 3509 1532 3578 Quis
1557 3511 1703 3566 enim
1730 3511 1882 3575 satis,
1907 3525 1971 3565 ac

395 3620 496 3674 pro
529 3605 744 3667 merito,
791 3602 1003 3657 Domini
1035 3605 1332 3672 potentiam
1379 3619 1623 3668 narrare,
1659 3617 1725 3658 ac
1761 3603 1973 3658 auditas

395 3697 575 3750 facere
621 3697 806 3751 laudes
850 3696 972 3765 ejus
1025 3705 1188 3765 atque
1232 3696 1808 3766 incomprehensibiles
1857 3697 1973 3751 vias

393 3791 513 3856 ejus
533 3787 935 3857 deprehendere
975 3796 1156 3857 queat,
1186 3788 1288 3842 nisi
1324 3796 1586 3856 quantum
1627 3788 1800 3857 ipsius
1847 3803 1971 3842 mu-

397 3893 526 3933 nere
557 3878 764 3932 homini
795 3877 978 3932 datum
1009 3887 1112 3932 est.
1151 3875 1279 3942 Sed,
1317 3894 1440 3932 cum
1475 3878 1529 3932 in
1555 3879 1680 3941 hoc,
1704 3877 1970 3947 judicium

398 3977 647 4023 nostrum
672 3968 1097 4034 ostenderimus,
1130 3967 1553 4038 haudquaquam
1581 3968 1969 4034 inliciabimur,

395 4078 426 4116 a
457 4076 785 4131 quocunque
821 4061 932 4115 haec
961 4061 1273 4116 accuratius
1309 4060 1571 4130 esplicari
1605 4075 1789 4130 posse.
1839 4059 1973 4115 Etsi

397 4155 671 4223 quispiam
704 4168 889 4208 secum
929 4151 1088 4222 139
1105 4153 1210 4207 hoc
1226 4167 1362 4222 opus
1383 4152 1796 4217 animadvertet,
1819 4152 1973 4222 plura

395 4244 584 4306 etiam,
621 4258 783 4312 quam
816 4258 936 4312 quae
967 4259 994 4296 a
1030 4242 1190 4296 nobis
1233 4242 1626 4312 comprehensa
1664 4249 1826 4307 sunt,
1881 4257 1974 4311 pe-

397 4335 596 4388 nitiora
617 4334 873 4403 indagare
909 4334 1135 4403 poterit;
1165 4343 1402 4389 attamen
1425 4349 1809 4404 quamcunque
1835 4349 1972 4398 rem,

393 4425 460 4478 ad
501 4425 788 4495 praesentis
832 4425 1015 4494 Oper-is
1046 4425 1242 4480 seriem
1280 4426 1579 4479 addendam
1627 4440 1749 4480 esse
1785 4441 1973 4480 cense-

2071 3224 2182 3284 οἷον
2214 3231 2528 3303 συνυφάνθη
2573 3232 2667 3285 καὶ
2711 3233 3186 3305 συνηρμολογήθη.
3230 3233 3350 3290 Οὐκ
3390 3233 3520 3292 οἶδα
3567 3240 3658 3310 μὲν

2070 3325 2118 3376 εί
2147 3324 2478 3395 ἐντέχνωςῆ
2520 3323 2789 3388 συνετῶς,
2833 3325 2866 3395 ἢ
2899 3325 3214 3390 ἀποδεκτῶς
3258 3331 3374 3391 τοῖς
3417 3330 3654 3395 music.

2071 3413 2168 3476 Τίς
2199 3415 2306 3485 γὰρ
2342 3415 2525 3478 ἱκανὸς
2553 3414 2784 3484 λαλῆσαι
2819 3417 2917 3481 τὰς
2947 3418 3266 3484 δυναστείας
3290 3420 3392 3473 τοῦ
3427 3423 3654 3493 Κυρίου,

2071 3505 2104 3575 ἢ
2158 3506 2430 3570 ἀκουστάς
2470 3507 2696 3578 ποιῆσαι
2742 3510 2921 3573 πάσας
2961 3512 3060 3575 τὰς
3107 3513 3346 3577 αίνέσεις
3392 3517 3650 3587 αὑτοῦοῆ

2072 3599 2183 3650 τῶν
2213 3598 2348 3650 ὁδῶν
2384 3599 2552 3652 αὑτοῦ
2584 3599 2645 3653 τὸ
2683 3601 3091 3672 ἀνεξιχνίαστον
3129 3605 3226 3658 καὶ
3263 3605 3655 3674 ἀκατάληπτον

2076 3689 2442 3758 καταλαϐεῖνς
2472 3690 2610 3762 πλὴν
2644 3692 2781 3747 ἀλλά
2817 3695 2912 3747 καὶ
2939 3694 3059 3765 Θεῷ
3092 3696 3247 3763 φίλον
3289 3698 3355 3750 τὸ
3393 3701 3544 3754 κατὰ
3575 3701 3654 3753 δύο

2073 3798 2258 3851 ναμιν.
2300 3783 2410 3836 Καὶ
2455 3783 2518 3835 σὺ
2563 3782 2607 3836 δ’
2656 3783 2724 3837 ἂν
2774 3784 2918 3839 κατὰ
2977 3787 3206 3839 σεαυτὸν
3255 3788 3655 3858 ἀναλεγόμενος

2073 3873 2305 3937 πολλοὺς
2332 3874 2589 3944 εὑρήσεις
2620 3874 2636 3904 ¹
2673 3875 2909 3936 σκοποὺς
2944 3873 3168 3945 ἔχοντάς
3200 3893 3253 3929 τι
3281 3878 3394 3930 τῶν
3429 3881 3651 3950 εἰρημέ-

2071 3983 2179 4020 νων
2207 3967 2227 3998 ¹
2263 3965 2581 4035 βαθύτερονο
2624 3966 2718 4018 καὶ
2747 3967 2776 4020 ὃ
2798 3984 2850 4018 τι
2893 3967 2958 4020 ἂν
2991 3968 3358 4042 συνεισφέρῃς
3391 3972 3415 4003 ⁸
3453 3974 3535 4032 εἰς
3562 3974 3652 4040 τὴν

2073 4057 2358 4129 παροῦσαν
2389 4057 2667 4124 ὑπόθεσιν,
2699 4059 2794 4111 καὶ
2823 4061 2956 4128 ἡμῖν
2981 4059 3139 4112 τοῦτο
3159 4059 3260 4132 ἔσῃ
3288 4062 3649 4134 συνειληχώς·

2074 4142 2186 4201 οἷον
2233 4149 2349 4212 πῶς
2378 4149 2438 4201 τὸ
2477 4150 2950 4220 ἡγεμονικώτατον
2975 4151 2998 4184 ⁸
3023 4151 3117 4205 τοῦ
3153 4151 3295 4217 ζώου
3334 4157 3651 4226 πρόσωπον,

2075 4241 2329 4313 ἐπταχῆ⁸
2367 4240 2772 4312 κατατέτρηται
2801 4255 2813 4270 ⁸
2857 4242 3008 4295 δυσὶν
3056 4242 3362 4314 ὀφθαλμοῖς
3410 4249 3511 4299 καὶ
3555 4248 3652 4302 ὠσὶ

2073 4330 2187 4394 δύο,
2223 4331 2358 4394 ἴσοις
2395 4331 2722 4402 μυκτῆρσιν,
2753 4330 2966 4402 ἑϐδόμῳ
3001 4332 3258 4402 στόματις
3288 4335 3415 4398 Πῶς
3438 4339 3470 4388 ὁ
3495 4339 3651 4405 ὲγκέο

2077 4423 2263 4491 φαλος,
2285 4423 2314 4474 ὁ
2339 4424 2438 4484 τὰς
2475 4422 2756 4493 αἰσθήσεις
2786 4421 3080 4492 δεχόμενος
3099 4463 3116 4488 ,
3164 4423 3374 4494 ψυχρός
3412 4427 3540 4479 ἐστι
3568 4429 3651 4480 καὶ

390 4515 491 4581 bit,
527 4517 643 4572 haec
667 4518 852 4580 etiam,
887 4517 942 4570 in
980 4517 1218 4571 medium
1244 4533 1369 4570 cum
1424 4517 1532 4571 illis
1562 4531 1684 4587 quae
1728 4531 1829 4571 nos
1871 4534 1968 4570 ex-

2075 4513 2260 4584 ὐγρὸς,
2289 4514 2428 4584 ὑπὲρ
2463 4513 2643 4566 πάντα
2669 4513 2738 4566 τὰ
2771 4510 2885 4578 ζῶα
2911 4513 2952 4544 ³·
3005 4515 3099 4566 καὶ
3137 4515 3254 4577 πῶς
3293 4516 3568 4571 τυποῦται
3598 4520 3650 4571 τὸ

390 4607 739 4676 plicavimus,
767 4623 875 4661 una
906 4607 1193 4663 nobiscum
1225 4606 1418 4662 all'erre
1439 4609 1688 4663 studeat:
1717 4609 1968 4663 videlicet

389 4714 629 4769 quonam
653 4709 810 4769 pacto
828 4700 993 4754 facies
1015 4699 1154 4770 ipsa,
1179 4699 1491 4769 principalis
1510 4699 1744 4755 hominis
1768 4702 1965 4770 portio,

391 4790 630 4858 septenis
659 4789 1020 4844 foraminibus
1042 4829 1057 4854 ,
1091 4788 1305 4846 duobus
1330 4791 1582 4846 videlicet
1621 4791 1793 4847 oculis
1819 4831 1833 4857 ,
1875 4808 1967 4862 ge-

393 4882 560 4936 minis
595 4882 845 4942 auribus,
876 4896 940 4936 ac
975 4882 1196 4936 totidem
1221 4882 1468 4946 naribus,
1491 4891 1545 4938 et
1572 4883 1685 4939 oris
1705 4893 1965 4954 praeterea

392 4973 564 5039 biatu,
599 4973 867 5028 terebrata
899 4973 991 5026 sit.
1019 4973 1156 5027 Tum
1184 4988 1294 5043 quo
1315 4983 1474 5044 pacto
1493 4977 1796 5040 cerebrum,
1820 4975 1965 5046 quiid

390 5081 588 5120 sensus
647 5067 1053 5136 receptaculum
1105 5075 1230 5132 est,
1285 5075 1481 5137 pra'ter
1531 5068 1668 5124 alias
1715 5068 1966 5124 animalis

387 5168 570 5229 partes
603 5157 861 5229 frigidum
892 5169 947 5215 et
992 5159 1276 5215 humidum
1311 5159 1543 5215 habetur
1571 5175 1585 5214 :
1616 5160 1711 5216 sed
1747 5169 1801 5215 et
1828 5176 1963 5231 quo-

389 5250 553 5305 modo
596 5250 953 5321 cogitationes
1001 5249 1339 5318 formentur,
1394 5266 1573 5322 neque
1621 5252 1962 5308 humiditatis

387 5357 574 5407 causa,
613 5341 941 5398 dilabantur.
978 5343 1058 5400 Ad
1087 5343 1202 5401 haec
1223 5345 1499 5414 quomodo
1527 5344 1797 5399 nonnulla:
1841 5359 1964 5398 cor-

455 5571 500 5642 f'
533 5569 807 5642 διακρίνοι
861 5568 920 5642 Β.

384 5641 544 5693 τοῦτο
599 5641 641 5692 Β
667 5640 674 5642 ⁷
697 5640 754 5693 l’.

388 5713 402 5741 ¹
437 5711 692 5781 εὑρήσοις
725 5708 782 5762 Β.

807 5779 832 5793 η

1020 5571 1067 5603 ’⁸
1091 5572 1181 5624 τὸν
1232 5571 1344 5641 βίον
1374 5571 1414 5624 Β
1467 5574 1524 5628 Ρ.

867 5640 913 5672 ’⁷
938 5645 1125 5710 τιμαῖς
1176 5640 1240 5695 Α.
1347 5643 1391 5674 ’⁸
1429 5644 1795 5712 ἀναφανῶμεν
1846 5642 1907 5697 Β.

881 5713 900 5743 ³
936 5712 1258 5797 εὑρημένων
1293 5714 1370 5797 Α..
1447 5717 1482 5797 ι³
1512 5714 1801 5797 συνφέροις

389 5781 542 5844 ζώων
577 5782 634 5836 Β.
714 5781 730 5810 ⁷
766 5781 872 5834 τῶν
902 5782 1106 5853 μορίων
1146 5782 1183 5834 Β
1217 5781 1276 5836 Ρ.
1350 5784 1371 5814 ⁸
1403 5783 1470 5836 τὰ
1521 5783 1577 5836 δὲ
1614 5785 1814 5854 ἰσχυρὰ
1857 5783 1916 5836 Β.
1993 5786 2014 5816 ¹
2042 5781 2135 5838 καὶ
2164 5781 2280 5846 πῶς
2313 5783 2370 5837 Β.

2076 4606 2256 4675 νόημα
2279 4644 2293 4668 ,
2339 4603 2436 4656 καί⁸
2486 4603 2587 4657 οὑκ
2630 4603 2925 4657 ὀλισθαίνει
2973 4603 3062 4656 διὰ
3093 4605 3405 4676 ὑγρότητας
3436 4608 3566 4671 Πῶς
3591 4608 3650 4660 τὰ

2081 4697 2181 4768 μὲν
2212 4697 2375 4768 μόρια
2405 4697 2426 4728 ⁷
2451 4695 2632 4766 θερμά
2657 4698 2782 4761 είσι,
2832 4694 2899 4748 τά
2941 4695 2996 4748 δὲ
3032 4695 3218 4767 ψυχρά
3241 4695 3282 4758 ⁸,
3322 4697 3397 4749 τά
3432 4698 3494 4751 δὲ
3536 4701 3648 4752 κατ’

2075 4789 2397 4859 ἀμφότερα;
2428 4787 2552 4850 Πῶς
2578 4787 2643 4840 τὰ
2673 4787 2774 4856 μὲν
2799 4785 3023 4853 ἀσθενῆ,
3049 4788 3116 4840 τά
3141 4787 3197 4841 δὲ
3230 4789 3466 4861 ίσχυρά;
3501 4793 3612 4854 πῶς
3630 4794 3648 4823 ⁹

2074 4881 2142 4933 τὰ
2173 4880 2270 4951 μὲν
2292 4879 2461 4943 ἁπλᾶ,
2499 4878 2566 4932 τὰ
2594 4877 2651 4930 δὲ
2674 4876 2927 4930 σύνθετον
2959 4879 3078 4940 πῶς
3099 4877 3166 4930 τὰ
3192 4877 3294 4947 μὲν
3329 4883 3648 4950 συμφύτους

2073 4971 2188 5042 ἔχει
2213 4972 2255 5003 ¹⁰
2284 4971 2565 5040 δυνάμεις,
2596 4969 2666 5023 τὰ
2691 4970 2746 5021 δὲ
2777 4970 3128 5041 ὲπιῤῥύτους·
3157 4971 3226 5024 τὰ
3250 4970 3308 5022 δὲ
3334 4973 3646 5042 συμφύτους

2075 5065 2194 5136 ἅμα
2231 5064 2323 5118 καὶ
2353 5061 2680 5135 ὲπιρῤύτους
2710 5063 2776 5094 ¹¹·
2811 5060 2938 5124 Πῶς
2968 5061 3198 5115 ἕκαστον
3231 5063 3417 5116 αὐτῶν
3451 5065 3644 5119 τέσσα-

2075 5174 2176 5226 ρας
2215 5156 2476 5227 δυνάμεις
2525 5155 2640 5225 ἔχει
2693 5154 2753 5206 ἐν
2802 5153 2980 5224 ἑαυτῷ
3035 5153 3307 5220 ζωτικάςς
3365 5155 3498 5219 Πῶς
3547 5157 3645 5210 τῶν

2072 5247 2309 5318 ἀγγείων
2338 5246 2406 5300 τὰ
2444 5247 2542 5317 μὲν
2572 5245 2803 5316 πέμπει,
2834 5245 2906 5298 τὰ
2935 5245 2992 5298 δὲ
3023 5244 3266 5316 δέχεται,
3298 5245 3372 5299 τὰ
3401 5246 3460 5300 δὲ
3489 5248 3644 5301 κατέ-

2071 5362 2175 5415 χει,
2209 5344 2278 5398 τὰ
2305 5343 2361 5397 δὲ
2389 5343 2674 5415 ἀποκρίνει
2697 5359 2714 5405 ;
2744 5342 2868 5406 Πῶς
2895 5345 3095 5414 τροφαὶ
3123 5342 3187 5395 τὸ
3229 5341 3392 5414 σῶμα
3419 5344 3642 5416 διαιρε-

1626 5575 1672 5606 ⁹³
1702 5574 1816 5627 hzec
1869 5589 1900 5627 a
1930 5591 1970 5626 τι

2074 5573 2131 5637 ὃς
2180 5587 2351 5639 usque
2397 5587 2508 5626 om.
2547 5571 2588 5625 Β
2631 5570 2692 5626 C.
2769 5573 2815 5605 ”
2881 5569 3201 5642 ποικΰιουσα
3254 5573 3313 5626 Β.
3391 5575 3439 5606 ’⁸
3469 5579 3640 5630 ποιεῖν

2010 5641 2056 5677 θ’
2093 5643 2436 5697 συνείλεκται
2490 5642 2938 5712 καὶγσυνήνωται
2983 5641 3046 5703 Β,
3096 5643 3193 5696 καὶ
3232 5643 3387 5698 συλλ.
3419 5661 3533 5701 om.
3584 5647 3635 5700 P.

2000 5714 2022 5796 ξ
2052 5715 2152 5796 ήγε
2163 5713 2557 5796 μονιγέῦτερον.
2590 5711 2651 5766 Β.

2760 5713 2782 5743 ⁸
2828 5713 3025 5781 ὲπταχὶ
3060 5713 3118 5768 Β.
3225 5714 3246 5744 ⁸
3273 5715 3495 5767 πάντων
3537 5717 3636 5767 τῶν

2454 5783 2497 5814 ιο
2532 5781 2646 5852 ἔχει
2675 5795 2785 5837 om.
2819 5781 2876 5836 Β.
2957 5783 2997 5814 ³³
3025 5783 3119 5842 ult.
3159 5783 3276 5841 haec
3305 5800 3417 5840 om.
3439 5784 3498 5839 Β.
