3792 6440
91 369 265 436 last
1384 379 1471 434 ne
1508 381 1588 435 NA

1920 382 2144 440 lMlNlS.
3042 338 3044 340 γ
3281 399 3417 455 ίέἷζῖ

82 499 314 563 τοῦσι,
357 499 452 552 καί
484 499 601 562 πῶς
635 497 1033 554 ὲπιλειπουσῶν
1065 500 1106 531 ¹¹
1137 500 1550 574 διαφθείρεταις

1927 505 1974 558 is
2003 507 2176 560 nostri
2207 517 2409 576 partes,
2451 509 2674 577 calidae,
2718 511 2836 568 alizc
2876 511 3085 584 frigidae
3109 553 3124 581 ,
3171 518 3418 588 quaedam

84 596 136 666 ἡ
178 594 403 661 καρδία
439 594 540 664 τὴν
571 593 817 665 ἔμφυτον
863 594 1178 667 χορηγοῦσα
1225 594 1304 666 τῷ
1346 594 1558 666 σώματι

1914 595 2118 667 iusque
2154 603 2562 668 temperamenti
2591 603 2720 657 sint.
2758 605 2821 659 Et
2851 620 2961 675 qua
2989 607 3204 661 ratione
3225 645 3241 670 ,
3270 623 3411 662 non--

93 685 401 754 μπνσίαν,
450 685 550 753 τῆς
616 687 902 758 ἐνεργείας
953 687 1052 756 οὐχ
1107 686 1324 740 ἵσταται
1382 689 1587 759 ἔχουσα

1923 689 1993 743 ire
2024 690 2212 745 valida:
2237 691 2533 763 fortesque,
2564 696 2682 750 aliae
2713 697 3034 763 imbecilles,
3058 710 3112 754 et
3136 699 3254 755 alite
3270 715 3420 756 com-

91 778 220 848 τὴν
263 779 312 809 ¹³
360 777 504 831 κατὰ
554 778 752 847 aestv;
809 779 932 843 Πῶς
975 779 1240 849 χυλοῦται
1285 779 1354 833 τὰ
1397 779 1583 844 σιτία,

1920 781 2044 845 ιὶιω,
2081 783 2203 836 alia:
2231 783 2508 853 simplices
2539 786 2860 843 habeantur.
2893 788 3030 844 Tum
3065 793 3417 861 quamobrem

91 871 465 942 καθαίρεται
494 872 584 948 ,τὸ
641 865 818 941 αἷμα,
879 873 975 924 καὶ
1032 871 1382 941 διατρέφεται
1427 872 1488 924 τὸ
1532 872 1588 924 σᾶ

1923 874 2080 928 edam
2115 875 2362 930 membra
2403 877 2619 943 insitas,
2661 881 2920 934 nunnulla
2956 882 3281 938 adventitias
3339 882 3420 938 fa-

93 966 212 1017 xa‘t
252 965 332 1017 τὰ
375 963 625 1017 σκύϐαλα
674 963 1053 1036 διακρίνεται,
1107 965 1200 1017 καὶ
1253 964 1314 1017 τὸ
1370 960 1532 1033 οὖρον

1918 973 2068 1019 ιιὶὶιθδ
2110 965 2305 1018 sortita
2343 965 2473 1020 sint.
2517 965 2784 1021 Praeterea
2815 1009 2829 1031 ,
2864 971 3140 1037 quomodo
3181 972 3415 1041 partium

95 1055 541 1120 αποῦἀλλεται;
592 1054 714 1119 Πῶς
767 1055 823 1108 δὲ
875 1055 1260 1108 massam"
1312 1055 1381 1107 τὰ
1412 1055 1578 1126 μέλη.

1918 1058 2108 1124 elibet,
2141 1068 2378 1128 quatuor
2405 1059 2460 1112 in
2488 1075 2548 1113 se
2578 1061 2773 1114 vitales
2802 1059 3090 1118 facultates
3118 1064 3415 1118 contineat.

100 1147 522 1220 συνήρθρωται
561 1148 630 1200 τὰ
676 1145 852 1216 μέρη,
885 1146 981 1199 καὶ
1032 1147 1370 1216 διήρθρωται
1403 1145 1473 1198 τὰ
1512 1145 1597 1215 ap!

1954 1149 2102 1214 haec,
2149 1151 2429 1218 quomodo
2470 1151 2574 1204 alia
2608 1152 2661 1204 in
2688 1166 2917 1221 corpore
2941 1165 3133 1209 nostro
3170 1158 3414 1219 vascula,

98 1241 217 1292 καὶ
260 1239 575 1292 συντίθεται
607 1238 648 1272 ¹⁸
671 1239 736 1291 τὰ
768 1239 936 1302 ὀστᾶς
973 1239 1080 1291 Καὶ
1108 1239 1149 1268 ⁸⁸
1179 1239 1296 1300 πῶς
1324 1235 1430 1289 τῶν
1456 1237 1595 1289 ὀστῶ

1924 1241 2120 1310 egandi
2146 1251 2436 1311 potestate,
2463 1241 2714 1312 quaedam
2739 1243 3034 1314 recipiendi
3055 1283 3071 1309 ,
3105 1248 3209 1301 alia
3241 1249 3418 1304 conti-

105 1332 227 1402 μὲν
263 1331 518 1404 σκληρὰ,
552 1330 624 1384 τὰ
667 1332 724 1384 δὲ
759 1330 1003 1402 μαλακιὶι⁸
1052 1329 1121 1384 τὰ
1160 1330 1216 1383 δὲ
1254 1331 1295 1362 ⁸⁷
1332 1329 1518 1392 κοῖλα,
1568 1346 1597 1380 τ

1920 1333 2032 1395 idi,
2084 1333 2190 1386 alia
2236 1333 2568 1388 excernendi
2623 1335 2852 1403 przedita
2901 1335 3030 1390 sint.
3075 1336 3179 1392 Sed
3215 1348 3268 1394 et
3305 1354 3417 1408 quo

101 1424 352 1478 ἇκοιλα·
385 1425 452 1478 τὰ
480 1424 538 1478 δὲ
573 1424 711 1494 μετὰ
743 1422 978 1491 μυελῶν,
1005 1421 1075 1476 τὰ
1093 1421 1151 1475 δὲ
1184 1421 1431 1492 ἀμύελα;
1469 1420 1591 1484 Πῶς

1920 1432 1987 1478 τιο
2017 1424 2087 1478 ab
2115 1425 2391 1480 alimentis
2421 1441 2622 1496 corpus
2651 1438 3021 1494 sustentetur,
3054 1439 3106 1485 et
3139 1435 3417 1501 quomodo

103 1515 344 1586 νεύρων
377 1515 446 1568 τὰ
477 1514 578 1584 μὲν
609 1513 752 1567 κατὰ
797 1511 1082 1580 συζυγίαν,
1114 1511 1185 1564 τὰ
1225 1512 1284 1565 δὲ
1317 1512 1410 1564 καὶ
1459 1528 1597 1580 μονα

1920 1516 1964 1570 is
2003 1517 2383 1573 deﬁcientibus
2423 1519 2758 1574 destruatur.
2791 1521 2873 1576 Ad
2907 1522 3024 1578 haec
3051 1524 3240 1589 etiam,
3272 1540 3417 1596 quo-

104 1608 315 1663 διόλου
359 1609 454 1662 τοῦ
493 1607 745 1679 σώματος
795 1607 1276 1677 έγκατέσπαρταις
1318 1606 1521 1675 ὁμοίως
1563 1623 1599 1658 κ

1917 1608 1991 1662 ηιίο
2014 1623 2134 1672 cor,
2161 1624 2287 1662 cum
2322 1609 2543 1664 insitum
2591 1611 2696 1666 sibi
2730 1627 2760 1665 a
2793 1622 2986 1668 natura
3024 1615 3264 1670 calorem
3315 1618 3414 1672 toti

106 1701 332 1771 φλέϐες
361 1701 459 1755 καὶ
485 1701 624 1772 ἀρτη
638 1701 788 1770 ρίαι;
823 1699 947 1762 Πῶς
976 1698 1087 1752 τῶν
1121 1697 1328 1769 μορίων
1358 1699 1391 1769 ἢ
1440 1715 1603 1767 στοιχι

1916 1703 2048 1772 ~pori
2075 1704 2439 1773 impertiatur,
2464 1704 2534 1759 ab
2568 1705 2886 1774 bujusmodi
2923 1707 3084 1762 ollicii
3133 1708 3413 1766 functiohe

104 1794 214 1848 τοῦ
279 1793 538 1864 σώματος
580 1793 647 1846 τὰ
681 1793 779 1863 μὲν
808 1792 876 1844 δι’
910 1791 1083 1845 ἑαυτὰ
1117 1793 1158 1824 ¹⁹
1193 1791 1410 1860 γέγονε,
1455 1789 1527 1843 τὰ
1561 1790 1601 1844 δὲ

1914 1810 2118 1864 nquam
2151 1804 2351 1852 cessat.
2378 1794 2668 1862 Praeterea,
2721 1798 2923 1867 quibus
2947 1801 3127 1856 modis
3175 1802 3330 1857 cibus
3355 1803 3411 1857 in

105 1886 264 1941 ἄλλα
287 1889 372 1952 ¹⁰;
405 1887 516 1940 Καὶ
541 1885 658 1948 πῶς
689 1885 788 1955 οὐχ
818 1885 1024 1955 ἡλικίαι
1062 1886 1229 1938 πᾶσιν
1257 1885 1313 1937 αἱ
1343 1882 1506 1938 αὑταὶ⁸
1523 1884 1590 1945 ⁸⁸,

1918 1903 2055 1941 :cum
2090 1898 2356 1953 vertatur,
2391 1903 2458 1944 ac
2501 1891 2728 1959 sanguis
2751 1889 3071 1960 depuretur,
3103 1907 3415 1963 corpusque

106 1979 172 2032 δὲ
209 1977 531 2050 προσώπων
562 1977 937 2048 χαρακτῆρες,
969 1977 1091 2031 οὐδὲ
1123 1977 1442 2048 ὁμοιότητες
1498 1994 1603 2046 φωι

1921 1986 2145 2030 nentum
2178 1978 2406 2042 nutriat,
2430 1987 2484 2032 et
2513 1988 2726 2033 stercus
2747 1991 3072 2036 excernatur
3095 1981 3413 2038 humidum-

105 2071 244 2124 οὐδὲ
277 2071 593 2142 χρωμάτων
625 2070 950 2142 ὲμφέρειαι;

1915 2083 1934 2123 e
1959 2079 2365 2124 excrementum
2395 2071 2724 2141 emingatur.
2757 2069 3046 2138 Quomodo
3075 2075 3204 2129 item
3239 2089 3412 2130 mem-

108 2168 219 2223 bra
256 2167 612 2240 colligentur,
641 2175 696 2223 et
725 2166 1158 2222 coarticulentur
1186 2173 1394 2237 partes,
1457 2181 1522 2221 ac
1541 2164 1756 2219 articuli
1815 2164 2047 2221 invicem
2107 2166 2573 2234 dearticulentur,
2629 2179 2682 2223 et
2729 2183 2857 2224 ossa
2933 2171 3229 2240 composita
3278 2172 3406 2226 sint.

110 2258 284 2326 item,
317 2276 419 2315 cur
444 2275 572 2317 ossa
612 2259 862 2331 quedam
903 2259 1062 2325 dura,
1092 2260 1341 2330 quaedam
1372 2259 1576 2325 mollia,
1607 2259 1713 2312 alia
1752 2273 2015 2326 concava,
2049 2259 2311 2315 nonnulla
2368 2261 2776 2316 concavitatum
2823 2263 3068 2332 expertia
3093 2304 3108 2328 ,
3157 2264 3408 2334 quaedam

109 2358 424 2414 medullam
453 2358 736 2424 habentia,
769 2358 873 2413 alia
906 2358 1114 2428 absque
1152 2357 1390 2412 medulla
1437 2358 1709 2412 visuntur.
1777 2352 1883 2410 Sed
1951 2356 2230 2426 quomodo
2291 2365 2347 2410 et
2393 2371 2686 2412 nervorum
2739 2358 2958 2428 quidam
3005 2358 3410 2428 coniugationis

111 2450 326 2519 gratia,
380 2450 474 2506 alii
501 2450 755 2514 solitarii,
790 2451 904 2505 sive
935 2451 1278 2521 singulares,
1308 2451 1501 2506 eodem
1551 2448 1715 2504 modo
1747 2457 1802 2502 et
1832 2464 2002 2514 venae,
2045 2459 2101 2503 et
2165 2451 2402 2514 arteriae,
2434 2449 2838 2505 diffunduntur.
2893 2449 3031 2506 Tum
3063 2467 3170 2523 qua
3196 2451 3410 2506 ratione

115 2540 370 2609 partium
409 2541 494 2596 vel
528 2541 776 2612 corporis
816 2541 1236 2608 elementorum,
1281 2542 1386 2596 alia
1430 2541 1538 2604 sui,
1605 2540 1870 2596 nonnulla
1923 2540 2155 2596 aliorum
2225 2556 2424 2608 causa,
2491 2551 2782 2610 procreata
2855 2541 3015 2614 ιω
3059 2551 3210 2599 sunt.
3259 2541 3407 2596 Prae-

115 2649 282 2693 terea
314 2655 328 2693 :
356 2654 464 2708 qua
495 2637 758 2694 de‘causa
782 2654 972 2695 onmes
997 2649 1206 2708 aetates,
1227 2655 1336 2694 non
1363 2641 1590 2703 eaedem,
1639 2652 1739 2692 nec
1776 2636 2041 2694 facierum
2111 2645 2370 2709 aspectus
2391 2679 2406 2705 ,
2472 2653 2651 2708 neque
2687 2652 2882 2694 vocum
2930 2639 3231 2695 similitudo
3253 2680 3270 2707 ,
3311 2641 3406 2696 sed

115 2749 224 2789 nec
253 2735 502 2790 colorum
525 2737 812 2806 aequalitas
835 2737 1162 2794 habeantur.

195 2831 313 2886 Kal
342 2831 434 2886 ἴνα
458 2833 540 2895 είς
571 2832 734 2887 πλέον
758 2834 804 2865 ²²
853 2834 1076 2888 πλείονα
1108 2833 1270 2899 δόξαν
1301 2834 1400 2906 τὴν
1446 2835 1692 2904 ἑπανάλη

1905 2825 2127 2890 Verum,
2160 2839 2228 2880 ne
2263 2823 2442 2878 oratio
2470 2831 2659 2878 nostra
2695 2821 2946 2893 pluribus
2975 2824 3186 2889 verbis,
3211 2827 3402 2885 eadem

115 2923 219 2994 ψιν
259 2923 545 2996 πλέξωμεν
573 2926 640 2979 ὲκ
686 2925 798 2979 τῶν
844 2925 1021 2994 λόγων
1054 2925 1150 2979 τοῦ
1177 2925 1444 2995 Θεολόγου
1474 2927 1522 2958 ³⁸
1555 2942 1612 2978 σν

1904 2931 2000 2969 iuo
2052 2912 2314 2984 repetita,
2367 2921 2662 2968 contexere
2708 2912 2996 2976 videatur,
3044 2927 3112 2967 ex
3153 2913 3401 2988 Gregorii

117 3017 350 3088 ξυφανῶ
375 3035 457 3070 σοι
477 3020 719 3090 ρήμιιτα⁹
753 3038 772 3071 ι
805 3019 1407 3089 Θαύμασον,).έγοντος,
1431 3018 1614 3090 ἄνθρω

1901 3005 1998 3058 -bis
2029 3003 2354 3058 sententiam
2394 3003 2751 3068 adducemus,
2784 3017 2908 3057 cum
2953 3005 3050 3059 ait.
3090 3004 3398 3072 Admirare,

117 3107 246 3172 πῶς
293 3106 613 3180 ὲπλὰσθης;
659 3110 755 3162 καὶ
786 3109 835 3140 ⁸⁵
881 3109 998 3172 πῶς
1040 3109 1368 3179 συνετέθης;
1419 3111 1514 3164 καὶ
1547 3111 1614 3163 τίς

1904 3099 2014 3169 luit,
2048 3112 2082 3151 o
2107 3097 2291 3160 homo,
2318 3111 2557 3167 quonam
2603 3105 2762 3166 pacto
2801 3097 3095 3166 formatus,
3126 3101 3401 3170 composi-

117 3199 258 3269 περὶ⁸
287 3198 348 3252 σὲ
394 3199 591 3266 σοφία;
629 3199 724 3253 καὶ
771 3200 824 3252 τί
865 3200 966 3269 τῆς
1003 3199 1220 3268 φύσεως
1267 3200 1330 3253 τὸ
1379 3201 1614 3272 μυστήρι

1902 3213 2018 3270 .que
2049 3199 2148 3261 sis,
2181 3206 2235 3252 et
2268 3207 2473 3267 quanta
2504 3195 2600 3250 Dei
2633 3196 2686 3250 in
2727 3207 2780 3251 te
2812 3199 3154 3269 procreando
3180 3201 3399 3270 sapien-

117 3294 255 3356 Πῶς
287 3293 462 3364 μετρῆ
506 3293 659 3364 τόπῳ
700 3293 795 3346 καὶ
828 3293 955 3356 νοῦς
996 3295 1095 3364 ούχ
1122 3294 1366 3364 ὁρίζεται
1395 3295 1461 3359 ³³,
1498 3294 1614 3348 ἀλλ’

1917 3293 2007 3354 sit,
2041 3301 2092 3346 et
2127 3290 2408 3362 quodnam
2439 3291 2495 3344 in
2526 3291 2630 3345 hoc
2684 3299 2892 3344 natura:
2925 3291 3242 3356 mysterium
3293 3301 3396 3348 est.

113 3385 301 3456 τούτῳ
334 3387 511 3454 μένων
536 3386 720 3439 πάντα
747 3387 1079 3456 ἐπέρχεται;
1125 3387 1250 3450 Πῶς
1275 3387 1399 3458 ὄψις
1433 3387 1589 3459 ὀλίγη

1901 3378 2118 3439 nsidera
2159 3383 2289 3437 item
2321 3397 2432 3454 quo
2471 3391 2631 3452 pacto
2676 3396 2831 3438 mens
2876 3384 2996 3437 loco
3043 3385 3398 3440 mensurabili

117 3478 223 3532 ἐπὶ
252 3477 506 3531 πλεῖστον
537 3477 853 3545 φθανούσας
895 3477 1005 3531 Kal
1045 3477 1276 3543 πότερον
1312 3477 1593 3548 παραδοχή

1899 3492 1926 3529 n
1960 3475 2244 3541 dividitur,
2274 3475 2366 3530 sed
2392 3475 2445 3527 in
2475 3474 2664 3528 eodem
2695 3474 3019 3543 persistens,
3048 3486 3244 3530 cuncta
3273 3491 3396 3546 per-

119 3582 278 3632 ὲστιν
305 3577 398 3630 τοῦ
430 3577 712 3646 ὀφθέντος,
744 3575 777 3648 ἦ
810 3577 945 3648 πρὸς
974 3579 1152 3630 ἐκεῖνο
1177 3575 1460 3640 διάδασις;
1495 3574 1616 3638 Πῶς

1896 3575 1974 3621 at.
2021 3565 2158 3620 Tum
2202 3555 2310 3637 qua
2354 3565 2592 3628 ratione,
2625 3565 2776 3620 visus
2805 3577 3011 3628 noster,
3047 3582 3171 3622 cum
3220 3568 3393 3623 modi-

120 3674 259 3726 αὐτὸ
299 3674 441 3726 κινεῖ
467 3672 563 3724 καὶ
595 3672 828 3723 κινεῖται
865 3668 952 3721 διὰ
1003 3666 1315 3738 βουλήσεως
1357 3663 1617 3736 κυϐερνώλ

1898 3675 1910 3713 5
1945 3657 2234 3727 brevisque
2263 3656 2355 3719 sit,
2391 3655 2458 3709 ad
2504 3665 2612 3709 tam
2647 3663 2857 3709 remota
2885 3669 2950 3710 ac
2975 3655 3232 3710 distantia
3279 3657 3395 3712 suf-

121 3783 217 3820 vov
241 3767 321 3830 “;
358 3765 454 3829 Τίς
481 3763 538 3817 δὲ
574 3763 753 3817 παῦλα
781 3762 1088 3834 κινήσεως;
1129 3763 1238 3814 Καὶ
1270 3759 1386 3824 πῶς
1417 3762 1445 3813 ὁ
1475 3759 1596 3821 νοῦς

1904 3758 1959 3806 at
1994 3771 2005 3806 :
2044 3759 2098 3806 et
2129 3749 2377 3820 nunquid
2409 3748 2642 3802 visibilis
2675 3751 2750 3801 rei
2788 3749 2854 3802 ad
2888 3748 3063 3802 visum
3096 3763 3393 3819 repraesen-

119 3861 329 3914 τούτων
355 3857 540 3929 ὁμιλεῖ
567 3858 678 3919 τοῖς
713 3855 838 3921 ἔξω,
869 3854 964 3907 καὶ
1007 3852 1076 3907 τὰ
1098 3852 1144 3884 ³⁷
1166 3851 1368 3918 ἔξωθεν
1399 3850 1616 3922 παραδέ;

1894 3844 2048 3907 io,an
2067 3842 2217 3896 visus
2234 3842 2299 3894 ad
2315 3855 2433 3895 eam
2450 3839 2716 3894 transitus
2733 3838 2844 3892 ﬁat.
2867 3836 2970 3892 Sed
3006 3847 3060 3893 et
3093 3838 3391 3909 quomodo,

119 3968 252 4018 ταις
293 3951 416 4014 Πῶς
447 3948 826 4020 ἀναλαμϐάνει
859 3947 928 4000 τὰ
961 3946 1112 4018 είδη;
1163 3946 1258 3998 καὶ
1286 3944 1371 4008 τίς
1395 3947 1429 4016 ἡ
1475 3947 1616 4015 τήρη

1893 3937 1939 3992 td
1967 3935 2108 3991 idem
2142 3942 2322 3988 movet
2359 3942 2413 3987 et
2445 3941 2695 3986 movetur
2737 3929 2884 4001 quod
2933 3945 3028 4000 per
3059 3931 3390 3985 voluntatem

118 4042 223 4096 τοῦ
248 4039 660 4107 ἀναλεφθέντος,
689 4038 723 4108 ἢ
754 4037 975 4108 μνήμη;
1014 4035 1124 4089 Kal
1150 4035 1233 4097 τίς
1264 4036 1298 4106 ή
1328 4035 1424 4088 τοῦ
1451 4033 1615 4087 ἁπελθ

1896 4046 2054 4093 stram
2087 4037 2446 4108 gubernatur,
2478 4043 2591 4087 tum
2616 4047 2740 4103 qum
2771 4040 2950 4087 motus
2977 4030 3134 4102 quies
3162 4031 3252 4086 sit.
3273 4029 3393 4096 Quo

120 4153 217 4199 τος
261 4132 526 4204 ἀνάληψις
555 4132 590 4203 ἦ
621 4133 958 4202 ἀνάμνησις;
1003 4129 1129 4193 Πῶς
1165 4132 1198 4202 ή
1229 4129 1484 4200 αἴσθησις
1529 4131 1586 4183 ἐν

1896 4148 1936 4186 n
1996 4139 2158 4201 pacto
2199 4145 2354 4184 mens
2403 4143 2500 4198 per
2533 4142 2756 4191 sensus,
2795 4125 2884 4182 bis
2927 4142 3047 4196 qua:
3074 4135 3227 4180 extra
3263 4134 3393 4180 sunt

123 4227 274 4297 αὐτῷ
321 4226 506 4296 μένει,
562 4225 656 4278 καὶ
692 4224 754 4276 τὸ
787 4223 942 4286 ἐκτὸς
973 4223 1277 4276 ἐπισπᾶται
1313 4221 1393 4285 ³ης
1427 4221 1551 4284 Πῶς
1590 4223 1618 4274 ὁ

1888 4224 2216 4290 mmunicat,
2252 4235 2415 4291 atque
2463 4219 2737 4274 exteriora
2777 4217 3036 4273 desumit.
3093 4217 3385 4280 Praeterea,

122 4319 280 4386 λόγος
307 4317 399 4370 νοῦ
443 4316 693 4386 γέννημα
720 4357 734 4378 ,
772 4317 867 4368 καὶ
900 4317 1064 4386 γεννᾷ
1111 4315 1269 4384 λόγον
1304 4317 1362 4368 ὲν
1404 4314 1552 4384 ἄλλῳ
1580 4332 1619 4368 νε

1892 4334 1914 4372 ε»
1939 4325 2098 4386 pacto
2134 4317 2248 4384 ipsa
2279 4312 2490 4381 species
2523 4310 2772 4380 recipiat,
2809 4319 2862 4364 et
2889 4325 3012 4380 quae
3051 4325 3240 4364 eorum
3267 4326 3389 4380 quas

125 4414 238 4468 Kal
271 4413 384 4476 πῶς
428 4412 574 4483 λόγῳ
604 4412 785 4482 νόημα
826 4409 1159 4475 διαδίδοται,
1191 4407 1308 4470 πῶς
1339 4408 1622 4478 στρέφεται

1888 4418 2018 4479 :epta
2071 4420 2200 4463 sunt
2253 4403 2630 4467 conservatio,
2663 4402 2748 4456 vel
2786 4402 3052 4456 memoria
3103 4403 3194 4457 sit.
3244 4400 3385 4456 Tum

124 4505 215 4560 διὰ
241 4504 415 4575 ψυχῆς
464 4505 526 4557 τὸ
569 4504 766 4574 σῶμα;
812 4502 926 4554 Καὶ
968 4500 1086 4563 πῶς
1128 4499 1275 4570 ψυχὴ
1319 4499 1409 4552 διὰ
1447 4497 1621 4569 σώμαι

1886 4527 1915 4564 ο
1946 4518 2123 4580 pacto,
2149 4507 2434 4578 praeteritae
2465 4505 2541 4559 rei
2576 4502 2896 4573 resumptio,
2920 4503 3003 4558 vel
3027 4502 3383 4558 reminiscen-

127 4599 368 4652 κοινωνεῖ
395 4595 634 4662 πάθους;
663 4594 782 4657 πῶς
807 4594 1048 4665 πήγνυσι
1079 4591 1271 4660 φόϐος,
1305 4590 1400 4643 καὶ
1422 4588 1538 4642 λύει
1565 4589 1624 4641 θά

1910 4602 2024 4655 ﬁat.
2053 4601 2134 4654 Ad
2167 4600 2303 4663 haec,
2333 4596 2614 4667 quomodo
2658 4611 2856 4650 sensus
2897 4595 2951 4647 in
2997 4595 3113 4664 ipsa
3163 4609 3385 4663 perma-

129 4707 254 4756 σος;
282 4689 374 4744 καὶ
403 4688 682 4742 συστέλλει
704 4686 874 4758 λύπη.
902 4685 996 4739 καὶ
1018 4684 1194 4754 διαχεῖ
1217 4681 1396 4755 ἡδονή,
1425 4683 1518 4735 καὶ
1540 4682 1626 4751 τήι

1886 4702 1962 4754 at,
1995 4701 2050 4748 et
2103 4691 2234 4745 illud
2261 4690 2407 4760 quod
2439 4699 2592 4742 extra
2615 4698 2717 4751 est,
2753 4686 3010 4741 attrahat.
3048 4687 3211 4749 Item,
3245 4701 3383 4754 quo-

131 4784 337 4853 φθόνος,
373 4782 470 4836 καὶ
498 4779 825 4852 μετεωρίζει
851 4779 1042 4847 τύφος,
1087 4777 1182 4830 καὶ
1211 4776 1464 4845 κουφίζει
1508 4775 1628 4828 ὲλπί

1886 4785 1972 4840 »ιιο
1987 4782 2166 4838 oratio
2195 4798 2226 4836 a
2252 4780 2563 4850 menteipsa
2579 4786 2991 4849 progeneratur,
3008 4775 3383 4844 orationisque

133 4876 254 4940 Πῶς
281 4874 531 4947 ἔκμαίνει
575 4874 780 4943 θυμὸς,
810 4871 906 4925 καὶ
933 4869 1212 4942 ὲρυθαίνει
1243 4868 1310 4921 δι’
1350 4869 1582 4938 αἵματος
1610 4883 1630 4920 a

1882 4875 2128 4931 nerandat
2151 4873 2204 4928 in
2237 4873 2342 4928 alia
2368 4879 2547 4926 mente
2575 4885 2740 4925 causa
2769 4869 3019 4924 exsistat.
3054 4867 3121 4921 Et
3140 4881 3379 4938 quonam

130 4968 234 5035 δὼς
255 4967 314 5002 ³¹⁶
347 4969 376 5021 ὁ
407 4968 452 5001 ³³
478 4966 580 5038 μὲν
617 4964 895 5031 ζέσαντος,
921 4964 988 5028 ³⁸,
1019 4965 1053 5030 ὴ
1104 4962 1162 5015 δὲ
1203 4961 1627 5033 ἀναχωρήσαντο

1882 4975 1965 5022 cto
1993 4965 2306 5021 orationum
2341 4961 2695 5034 intelligentia
2725 4960 3122 5025 distribuatur;
3151 4966 3206 5014 et
3237 4974 3379 5030 quo-

134 5064 240 5118 Καὶ
265 5061 375 5126 πῶς
393 5063 443 5115 oi
471 5060 820 5132 χαρακτῆρες
844 5058 956 5113 τῶν
995 5055 1186 5110 παθῶν
1208 5056 1266 5108 ὲν
1298 5057 1412 5117 τοῖς
1440 5052 1631 5123 σώμασ

1881 5057 1970 5114 ιᾱο
1993 5072 2192 5127 corpus
2226 5062 2298 5112 ob
2323 5055 2562 5110 animam
2594 5053 2887 5109 nutriatur.
2917 5050 3039 5118 Quo
3065 5058 3223 5121 pacto
3251 5051 3378 5106 item

129 5158 212 5223 τίς
239 5157 282 5190 ⁸⁸
315 5158 350 5228 ή
396 5156 489 5211 τοῦ
531 5154 795 5226 λογισμοῦ
844 5152 1108 5225 προεδρία
1125 5152 1204 5218 ³⁸;
1248 5149 1362 5204 Καὶ
1399 5149 1518 5212 πῶς
1558 5151 1626 5202 πᾶ

1884 5150 2007 5215 ima,
2043 5149 2115 5203 ob
2142 5148 2390 5218 corporis
2424 5145 3001 5205 communicationem,
3031 5143 3381 5213 passionibus

132 5250 333 5312 τούτοις
364 5250 688 5314 ἐπιστατεῖ,
731 5246 827 5300 καὶ
857 5247 1058 5316 ἡμεροί
1084 5242 1155 5297 τὰ
1181 5242 1290 5296 τῶν
1323 5239 1515 5294 παθῶν
1542 5258 1629 5295 κιν

1881 5240 2040 5295 noxia
2073 5239 2167 5304 sit,
2205 5249 2260 5293 et
2287 5254 2410 5309 quae
2442 5252 2609 5294 causa
2641 5247 2757 5302 est,
2807 5236 2885 5291 uti
2925 5235 2997 5289 ob
3032 5234 3378 5291 formidinem

135 5359 301 5416 ματα;
333 5340 457 5406 Πῶς
488 5340 681 5412 αἵματι
705 5341 987 5410 κρατεῖται
1005 5337 1100 5392 καὶ
1123 5337 1257 5407 πνοῇ
1281 5335 1342 5389 τὺ
1363 5333 1632 5406 ἀσώματοι

1883 5345 1967 5386 mo
2000 5329 2204 5401 frigore
2233 5338 2584 5394 concrescat,
2624 5336 2679 5382 et
2708 5326 2936 5382 audacia
2971 5326 3238 5391 solvatur,
3280 5327 3380 5381 do-

207 5524 247 5555 ²¹
269 5518 644 5576 ὲπιλειποῦσαι
675 5515 735 5570 Β.
850 5517 894 5550 ¹³
927 5515 1135 5587 ταύτὴν
1161 5514 1222 5579 Β,
1250 5529 1362 5567 om.
1509 5585 1535 5587 _
1583 5516 1767 5580 “sub;
1796 5517 2008 5572 δέδεται
2060 5515 2124 5571 Β.
2210 5516 2281 5587 .ίὲ
2317 5512 2644 5587 συντέθηται
2669 5512 2788 5587 _B._
2824 5513 2898 5587 _"
2933 5512 3027 5566 καὶ
3062 5510 3288 5587 _om.__B
3313 5509 3377 5587 P_.

142 5592 266 5648 ’ττὰ
311 5593 421 5662 μὲν
464 5589 526 5645 Β.
571 5588 934 5662 ᾖδ-καὶνοιη.Δ
971 5587 1012 5640 Β
1048 5581 1150 5662 Ρζ-
1188 5587 1230 5619 ¹⁹
1259 5585 1472 5662 έ-αυτῶν
1645 5588 1691 5662 ἐξ
1732 5588 1802 5641 δι’
1831 5588 2008 5662 ᾇλλων
2168 5585 2220 5662 _"
2254 5585 2449 5662 ἑαυταὶ
2640 5585 2699 5662 ’1
2735 5583 2898 5662 πλέον
2925 5599 3033 5662 oni.
3196 5582 3242 5614 “
3281 5581 3376 5662 τοῦ

143 5662 272 5717 θεολ.
303 5649 542 5731 ἕκλόγων
570 5661 611 5715 Β
643 5659 702 5715 Ρ.
779 5659 824 5690 ’⁸
851 5659 946 5714 καὶ
973 5673 1082 5731 om.
1115 5657 1176 5713 Β.
1211 5729 1229 5731 Α
1256 5657 1300 5688 ’⁵
1326 5660 1607 5728 μετρεῖται
1815 5659 1966 5731 ψυχή
1985 5659 2080 5731 καὶ
2103 5655 2229 5731 νοῦς
2251 5658 2312 5731 ού
2344 5655 2639 5731 χωρίζεται
2661 5654 2757 5731 C.__
2800 5656 2846 5688 ’°
2865 5653 3292 5731 κυβερνιῦμενος.
3311 5649 3375 5706 Β.

141 5732 184 5764 ’⁷
213 5735 314 5798 τοῖς
341 5735 405 5788 Α.
440 5721 453 5731 ’
484 5732 530 5764 ’⁸
559 5731 676 5794 πῶς
710 5745 882 5801 usque
917 5730 985 5801 ad
1024 5721 1471 5801 emanarat'oni.
1497 5732 1591 5801 VA.
1655 5730 1701 5801 ξ’
1734 5721 1766 5784 6
1800 5721 1977 5783 οἰιιΪΒ
2004 5728 2066 5801 _P.
2105 5797 2114 5801 _
2143 5721 2477 5801 “egeam;
2515 5727 2554 5778 Β
2584 5726 2640 5782 Ρ.
2721 5728 2760 5758 ³⁸
2795 5726 2886 5779 καὶ
2921 5721 3029 5779 αίδ.
3063 5721 3396 5799 ὲρίυθραίνει,

138 5801 204 5856 δι’
231 5796 341 5876 aut.
367 5802 406 5858 Β
427 5803 486 5859 Ρ.
567 5803 610 5835 ⁸¹
638 5802 672 5874 ή
697 5801 762 5858 Α.
793 5796 808 5801 ⁷
837 5799 884 5834 ³³
907 5799 1182 5866 ζώσαντος
1206 5801 1270 5854 Α.
1348 5796 1392 5831 ⁸⁵
1422 5800 1516 5854 καὶ
1543 5799 1624 5863 τίς
1653 5799 1711 5852 Β.
1790 5801 1832 5833 ³³
1859 5797 2155 5872 προεδρεία
2187 5798 2252 5852 A.
