3792 6452
423 392 560 448 19.83
1653 385 1934 442 MELETII
1971 387 1986 440 ἒ

2169 383 2280 438 CHl
3567 387 3690 442 1335

421 511 538 562 lore
583 504 960 569 contrahatur,
1003 501 1280 572 voluptate
1327 498 1684 566 ditl‘undatur,
1738 500 1986 570 idemque

2162 499 2205 550 ιὶ
2250 497 2368 561 πῶς
2399 499 2433 569 ἡ
2477 496 2686 552 τούτων
2713 499 2958 570 ἔκλειψις
2989 501 3035 534 ³⁸
3062 500 3241 572 ψυχῆς
3281 503 3446 554 ἐστιν
3485 501 3694 570 ﬁnxi-.3.

423 599 624 654 invidia
652 597 912 666 liquetur,
938 593 1086 648 inani
1113 592 1283 663 gloria
1314 585 1593 657 eﬂ'eralur,
1627 603 1788 662 atque
1817 593 1870 646 in
1900 605 1986 660 spe

2162 607 2254 656 et;
2279 608 2294 658 ;
2319 590 2447 653 Πῶς
2475 592 2503 644 ό
2535 590 2660 654 νοῦς
2685 591 2781 644 καὶ
2808 594 3186 662 περιγραπτὸς
3214 595 3318 647 καὶ
3350 593 3625 664 ἀόριστος
3651 597 3696 646 ἐν

422 692 558 748 levis
589 688 872 744 elliciatur.
904 685 1008 740 Sed
1035 693 1090 738 et
1117 699 1227 754 quo
1275 692 1462 754 pacto,
1497 681 1780 737 iracundia
1826 683 1881 736 in
1911 682 1986 736 in-

2162 684 2228 735 ιῖν
2257 681 2456 752 μένων,
2497 683 2593 736 καὶ
2645 684 2824 737 πάντα
2853 685 3146 754 ἐφοδεύων,
3185 688 3349 755 τάχει
3387 685 3580 755 φορᾶς
3616 691 3699 738 καὶ

421 783 634 839 saniam
681 781 982 844 hominem,
1017 777 1346 832 verecundia
1396 776 1450 830 in
1487 777 1742 830 ruborem
1799 782 1986 839 vertat1

2165 773 2370 840 ὐσεως;
2393 774 2490 838 Τίς
2515 777 2548 844 ἡ
2571 777 2670 845 τῆς
2693 775 2911 845 φύσεως
2935 777 2980 809 ⁸⁷
2999 777 3153 848 ὁλκὴ·
3188 779 3287 830 καὶ
3317 777 3472 848 πρὸς
3503 777 3702 843 ἄλληλα

422 872 593 927 altera
614 870 686 924 ob
716 867 1002 939 sanguinis
1039 865 1330 933 fervorem,
1364 866 1533 920 altera
1559 880 1708 929 vero,
1752 865 1822 919 ob
1851 865 1986 932 ejus-

2162 864 2286 933 ςέσις
2309 868 2424 930 τοῖς
2448 866 2680 934 γεννῶσι
2711 869 2807 922 καὶ
2834 869 3222 939 γεννωμένοις,
3248 869 3346 922 ἵνα
3370 868 3463 937 τῷ
3499 867 3701 935 φίλτ

421 962 543 1016 dem
577 960 937 1015 secessionem
973 956 1028 1011 id
1075 955 1357 1010 ellicieute.
1401 954 1482 1008 Ad
1532 955 1646 1008 han
1670 995 1685 1019 ,
1723 955 1999 1022 quomodo
2101 958 2432 1028 συνέχηται;

423 1052 742 1122 passionum
812 1050 968 1118 signa
1033 1048 1088 1100 in
1119 1047 1442 1116 corporibus
1515 1054 1929 1115 agnoscantur:
1971 1062 2209 1114 quonam
2259 1049 2312 1104 in
2362 1051 2482 1105 loco
2529 1050 2986 1106 considerationis
3033 1051 3192 1108 sedes
3256 1060 3370 1108 est.
3409 1049 3567 1106 Tum
3607 1066 3705 1118 quo

423 1152 585 1212 pacto
617 1141 730 1210 ipsa
751 1137 1007 1192 omnibus
1038 1135 1124 1188 his
1145 1133 1799 1203 praesit,passionumque
1855 1143 2036 1190 motus
2074 1137 2318 1193 mitiores
2369 1140 2582 1194 reddat.
2627 1139 2788 1203 Tum,
2852 1143 3127 1211 quomodo
3171 1144 3524 1212 incorporea
3566 1157 3703 1211 pars,

430 1234 583 1307 ιιι
615 1233 798 1288 anima
832 1229 1112 1294 videlicet,
1148 1243 1178 1281 a
1224 1228 1491 1295 sanguine
1529 1227 1905 1291 contineatur,
1943 1243 2008 1284 ac
2048 1230 2164 1300 ipsa
2196 1234 2382 1287 eadem
2412 1250 2535 1303 qua:
2599 1250 2849 1305 corpore-
2890 1246 3064 1297 vacat.
3100 1253 3213 1308 quo
3246 1247 3419 1308 pacto
3453 1237 3704 1306 spiritum

424 1334 572 1387 edat.
607 1326 712 1382 Sed
741 1333 796 1379 et
857 1321 1133 1392 quomodo
1158 1319 1534 1392 deﬁcientibus
1561 1320 1666 1386 his,
1709 1321 1905 1374 anima:
1955 1326 2194 1379 secessio
2223 1327 2334 1380 liat.
2361 1326 2650 1398 ltcm,qua
2715 1331 2928 1385 ratione
2993 1347 3150 1387 mens
3217 1334 3273 1387 in
3319 1332 3500 1387 nobis
3549 1332 3707 1386 incir-

427 1418 756 1486 cumscripta
793 1430 858 1469 ac
905 1411 1258 1468 interminata
1328 1411 1636 1477 exsisteus,
1715 1427 1877 1480 quam
1922 1406 2185 1470 ocissimo
2229 1409 2395 1473 cursu
2478 1419 2739 1490 (luxuque
2816 1432 3012 1478 cuncta
3055 1434 3325 1493 pererret.
3367 1423 3489 1478 Sed
3524 1431 3584 1477 et
3625 1424 3705 1493 qui

427 1518 699 1571 universae
749 1517 962 1566 naturae
1010 1515 1236 1562 mutuus
1288 1516 1604 1576 respectus,
1659 1506 1713 1561 in
1755 1507 1840 1562 his
1881 1523 2004 1576 quae
2043 1511 2383 1581 oriuntur,et
2440 1531 2561 1584 quae
2592 1517 2966 1583 oriturasunt,
3000 1519 3077 1573 uti
3100 1533 3222 1574 sese
3282 1519 3544 1573 invicem
3564 1517 3706 1587 quasi

428 1610 580 1666 (nstri
606 1606 888 1676 cujusdam
920 1603 1156 1673 impulsu
1183 1601 1514 1666 contineant,
1541 1600 1860 1656 innascitur.

501 1699 773 1770 Amplius,
830 1697 973 1752 idem
1038 1695 1132 1765 qui
1185 1692 1501 1762 huiusmodi
1560 1691 1871 1746 facultatem
1911 1707 1986 1761 ag-

2182 1689 2360 1744 Πολλὰ
2397 1690 2443 1744 δ’
2488 1691 2556 1745 ἂν
2597 1692 2677 1745 ἔτι
2722 1691 3162 1766 φιλοσοφήσῃς⁸³
3211 1694 3352 1766 περὶ
3387 1694 3594 1764 μερῶν
3630 1702 3711 1751 καὶ

431 1795 728 1866 gredietur,
758 1799 954 1860 praeter
1007 1788 1157 1852 haec,
1202 1784 1608 1856 quamplurima
1651 1785 1718 1838 de
1763 1784 1986 1854 partiurr

2162 1780 2306 1842 ελῶν.
2357 1782 2454 1836 καὶ
2507 1782 2608 1853 τῆς
2659 1785 2741 1847 είς
2789 1783 2998 1854 ἄλληλα
3031 1785 3242 1838 τούτων
3282 1785 3710 1855 εὖαρμοστίας·

433 1883 916 1949 membrorumque
943 1875 1337 1934 constitutione
1362 1914 1378 1940 ,
1418 1890 1582 1944 quam
1629 1882 1838 1930 naturae
1886 1876 1986 1945 legt

2162 1871 2249 1942 ρὸς
2272 1871 2315 1902 ³⁸
2347 1872 2541 1943 χρείαν
2566 1890 2625 1925 τε
2649 1874 2787 1944 όμοῦ
2828 1877 2924 1928 καὶ
2980 1875 3174 1938 κάλλος
3231 1876 3621 1930 συνεστώτων
3663 1895 3713 1931 τε

430 1977 753 2044 rationeque
793 1972 984 2027 sortita
1014 1977 1163 2034 sunt,
1191 1967 1568 2038 philosophari
1597 1967 1830 2037 poterit;
1861 1982 1986 2037 prte-

2162 1963 2206 2015 ιὶ
2257 1961 2564 2017 δεστιώτων
2620 1966 2715 2018 καὶ
2761 1965 3098 2037 σχιζομένων
3137 1968 3205 2033 ⁴⁰,
3245 1969 3712 2038 περιεχόντωνπ

431 2068 642 2132 sertim,
677 2080 786 2135 quo
816 2073 972 2134 pacto
999 2061 1189 2118 ordine
1215 2073 1460 2130 congruo
1507 2059 1739 2113 invicem
1776 2059 1843 2113 ad
1873 2075 2007 2114 usus

432 2157 1003 2230 pulchritudinemque
1023 2152 1526 2208 accommodentur.
1556 2148 1718 2215 Tum,
1745 2165 1866 2218 quae
1893 2149 2010 2220 lege

429 2229 486 2307 et
516 2258 724 2305 naturae
751 2248 960 2302 ratione
989 2244 1386 2314 conjuncta,ac
1401 2229 1659 2297 distantia
1691 2241 1835 2303 sint;
1863 2255 2014 2310 qua:-

433 2357 542 2411 qae
574 2341 862 2401 excedant,
887 2353 951 2394 ac
981 2337 1338 2399 excedantur,
1373 2342 1428 2389 et
1456 2349 1577 2404 qua:
1609 2333 1764 2388 unita
1790 2332 1930 2400 sint,
1957 2339 2010 2387 et

431 2451 553 2505 quae
584 2433 892 2496 tindantur;
933 2443 1160 2499 quaeque
1179 2426 1660 2496 comprehendant,
1679 2440 1743 2479 ar
1763 2439 2011 2494 compre-

435 2524 745 2580 hendantur
789 2521 1062 2590 explicare
1107 2518 1324 2589 poterit.
1360 2515 1440 2571 Ad
1484 2516 1634 2581 haec,
1676 2509 1907 2585 plurima
1944 2514 2012 2570 de

436 2616 664 2671 vocibus
711 2622 766 2669 et
807 2613 994 2668 auditu
1025 2611 1302 2680 disputare
1334 2609 1570 2680 poterit,
1608 2610 1884 2678 quomodo
1924 2608 2010 2662 illa

435 2719 536 2774 per
568 2688 783 2758 voealia
823 2702 1186 2776 instrumenta
1225 2697 1478 2752 feratur:
1511 2697 1731 2752 auditus
1771 2714 1900 2752 vero
1945 2714 2013 2752 ex

437 2796 602 2851 medii
630 2795 780 2849 aeris
813 2791 1168 2863 percussione
1209 2789 1646 2858 formationeque
1677 2789 2010 2860 perﬁciatur.

435 2886 676 2942 Plurima
727 2892 985 2955 praeterea
1057 2882 1124 2935 de
1172 2880 1387 2950 quiete,
1451 2895 1572 2950 quae
1617 2894 1713 2949 per
1759 2895 2012 2934 somnum

440 2979 647 3034 homini
681 2975 956 3048 provenit,
987 2988 1052 3027 ac
1083 2973 1150 3027 de
1183 2973 1270 3028 his
1300 2987 1422 3042 qua:
1447 2986 1543 3040 per
1581 2971 1851 3026 insomnia
1900 2974 2013 3028 lor-

438 3080 682 3137 mantur,
715 3076 770 3123 et
817 3083 938 3139 qua!
985 3064 1468 3127 considerationis,
1523 3063 1821 3118 iracundiae
1865 3063 2012 3118 desi-

439 3160 686 3229 dcriique
712 3168 859 3213 sunt.
898 3157 1074 3227 thue
1103 3157 1355 3210 universa
1386 3155 1442 3209 in
1474 3169 1741 3210 summam
1768 3155 2016 3211 dicamus

441 3265 804 3321 quaecunque,
841 3249 897 3303 in
929 3247 1094 3317 hujus
1123 3247 1411 3301 rationalis
1456 3246 1710 3301 animalis
1748 3248 2018 3301 constitu-

444 3330 614 3409 tione,
647 3342 740 3396 Dei
762 3340 943 3396 Patris
980 3339 1242 3406 potentia,
1273 3338 1480 3405 omnia,
1513 3353 1728 3392 summa
1752 3353 1875 3392 cum
1923 3353 2016 3393 sa-

445 3434 670 3508 pientia,
705 3449 770 3489 ac
792 3443 938 3488 recto
972 3432 1165 3488 ordine
1199 3431 1518 3501 disponens,
1547 3431 1834 3502 peregerit,
1869 3446 2020 3486 com-

444 3521 714 3596 plectendi
737 3523 1023 3578 materiam
1051 3522 1154 3576 sibi
1187 3522 1507 3592 neutiquam
1549 3522 1738 3576 deesse
1766 3521 2017 3583 animad-

443 3625 638 3671 vertet.
701 3615 1035 3678 Enimvero,
1092 3620 1288 3667 cuncta
1337 3613 1392 3666 in
1446 3614 1551 3668 hoc
1599 3613 1824 3667 animali
1886 3615 2021 3668 adeo

445 3707 813 3778 pulcherrime
842 3704 1080 3777 perfecta
1114 3705 1391 3771 visuntur,
1437 3713 1497 3758 ut
1545 3704 1701 3759 aliter
1746 3705 2020 3775 procreari

448 3800 530 3854 vel
560 3799 820 3854 constitui
844 3799 1020 3868 ipsum
1052 3797 1201 3851 nullo
1228 3804 1386 3866 pacto
1420 3810 1582 3864 posse
1603 3796 2022 3852 existimandum

448 3892 538 3948 sit.
567 3891 709 3958 Quid
743 3892 887 3946 enim
923 3905 1076 3945 mens
1117 3897 1289 3956 tanta,
1328 3889 1473 3958 quod
1509 3905 1617 3944 non
1661 3904 1876 3944 summe
1925 3889 2024 3944 de-

2113 2055 2211 2108 καὶ
2246 2056 2654 2127 περιεχομένων
2671 2056 2740 2122 δ’,
2779 2057 2928 2128 νόμῳ
2954 2059 3052 2111 καὶ
3068 2057 3214 2127 λόγῳ
3242 2058 3518 2126 φύσεως·
3550 2060 3712 2114 Πολὶά

2115 2149 2243 2218 περὶ
2283 2146 2479 2216 φωνῶν
2507 2147 2612 2200 καὶ
2647 2147 2863 2200 ἀκοῶνο
2913 2149 3035 2210 πῶς
3071 2151 3126 2202 αί
3157 2150 3261 2220 μὲν
3313 2150 3603 2220 φέρονται
3641 2152 3714 2204 δὲ

2111 2240 2221 2293 τῶν
2251 2238 2576 2310 φωνητικῶν
2613 2239 2865 2310 ὀργάνων
2891 2240 2960 2272 ⁸⁸⁸
2986 2257 3002 2272 ·
3030 2241 3087 2294 αἱ
3119 2241 3176 2294 δὲ
3224 2242 3619 2311 ὑποδέχονται
3643 2245 3713 2295 διὰ

2114 2330 2216 2400 τῆς
2255 2331 2313 2384 ὲν
2338 2329 2490 2400 μέσῳ
2533 2328 2628 2382 τοῦ
2659 2329 2821 2401 ἀέρος
2851 2329 3068 2402 πληγῆς
3093 2331 3188 2384 καὶ
3221 2331 3643 2396 διατυπώσεως
3659 2335 3712 2384 ⁸³.

2114 2422 2294 2478 Πολλὰ
2339 2423 2472 2492 napi.
2512 2423 2612 2493 τῆς
2644 2423 2702 2475 έν
2759 2421 2952 2487 ὕπνοις
2984 2423 3359 2488 ἀναπαύσεως
3399 2425 3436 2496 ἦ
3473 2427 3714 2480 ἀναπλὲ-

2116 2531 2290 2577 σεως,
2325 2512 2594 2583 λογισμοῦ
2641 2530 2704 2566 τε
2749 2515 2845 2567 καὶ
2896 2513 3093 2582 θυμοῦ,
3139 2516 3234 2568 καὶ
3285 2515 3576 2584 ἐφέσεως.
3618 2519 3714 2569 Καὶ

2119 2606 2397 2678 συντόμως
2429 2607 2627 2674 εἰπεῖν,
2656 2606 2758 2659 ὅσα
2797 2607 2927 2678 περὶ
2961 2608 3022 2660 τὸ
3041 2606 3182 2671 ζῶον
3207 2607 3380 2661 τοῦτο
3406 2608 3474 2660 τὸ
3503 2607 3714 2675 λογικὸν

2117 2699 2151 2768 ἡ
2176 2697 2248 2750 τὰ
2287 2697 2468 2750 πάντα
2502 2696 2683 2765 σοφῶς
2697 2696 2743 2728 ⁸³
2772 2696 3135 2767 οἰκονομοῦσα
3197 2697 3296 2752 τοῦ
3347 2697 3501 2751 Θεοῦ
3557 2716 3714 2768 προσε-

2119 2786 2344 2857 εποίησε
2362 2787 2408 2818 ⁸⁸
2431 2785 2683 2858 δύναμις,
2731 2788 2828 2841 καὶ
2857 2788 3020 2856 σοφία
3048 2788 3232 2853 καλῶς
3273 2792 3708 2862 ἐτεχνήσατο⁶⁸·

2119 2880 2214 2932 καὶ
2243 2878 2386 2932 οὕτω
2411 2877 2614 2944 καλῶς,
2643 2878 2718 2942 ὡς
2737 2879 2840 2932 οὐκ
2870 2878 3148 2950 ἐνεδέχετο
3177 2879 3358 2944 ἄλλως
3389 2881 3709 2950 γενέσθαιξ

2121 2968 2447 3022 συνεστάναι
2481 2969 2634 3021 τουτὶ
2658 2969 2717 3021 τὸ
2742 2967 2901 3034 ζῶον.
2934 2970 3124 3041 Τίγάρ
3151 2969 3276 3033 νοῦς
3305 2971 3581 3034 τοσοῦτος
3613 2972 3709 3024 τῶν

2121 3060 2199 3131 μὴ
2227 3060 2616 3132 προσηκόντων
2640 3062 2974 3133 είργάσατο;
3007 3065 3083 3116 Οὐ
3109 3063 3271 3133 μόνον
3298 3062 3359 3116 δὲ
3404 3064 3708 3132 φιλοσοςή-

2121 3171 2236 3218 σεις
2305 3154 2556 3219 τοιαῦτα,
2610 3153 2686 3217 ὡς
2739 3153 2978 3224 εἴρηται,
3045 3155 3139 3208 καὶ
3180 3155 3540 3225 θαυμάσεις·
3605 3157 3706 3218 πῶς

2125 3246 2290 3318 μέσον
2323 3246 2587 3317 μεγέθους
2616 3248 2711 3300 καὶ
2737 3247 3125 3318 ταπεινότητος
3165 3249 3408 3316 γέγονας
3432 3265 3448 3279 ·
3483 3249 3591 3302 καὶ
3621 3249 3706 3318 βσ-

2125 3337 2356 3400 σιλεύεις
2390 3337 2499 3392 τῶν
2525 3339 2617 3392 ἐπὶ
2646 3340 2746 3410 γῆς
2782 3339 3202 3410 βασιλευόμενος
3231 3341 3454 3393 ἄνωθεν
3474 3358 3490 3373 ο
3527 3344 3628 3393 καὶ

2125 3429 2262 3500 πρὸς
2295 3430 2430 3482 Θεὸν
2479 3430 2696 3483 νεύσει·
2743 3430 2805 3482 τὸ
2861 3430 3080 3501 μέτριον
3129 3431 3231 3500 τῆς
3276 3431 3558 3500 ἀληθείας
3605 3433 3704 3499 φῶς

2124 3521 2622 3590 ὲλλαμπόμενος⁸⁶,
2679 3521 2800 3581 ὅλος
2838 3521 3147 3585 θεοῦσαιδτ,
3199 3525 3297 3576 καὶ
3349 3523 3704 3592 μετατίθεσαι

2125 3613 2262 3683 πρὸς
2295 3614 2365 3666 τὰ
2403 3613 2537 3680 ἄνω,
2560 3615 2602 3646 ⁸⁸
2635 3615 2794 3680 ἀξίαν
2828 3615 2924 3668 τοῦ
2961 3615 3054 3669 καὶ
3084 3615 3454 3687 συνδήσαντος
3497 3617 3601 3670 καὶ
3625 3616 3702 3668 λύ-

2127 3721 2309 3766 σοντος
2326 3706 2369 3737 *θ
2419 3706 2516 3757 καὶ
2568 3701 2726 3769 αὖθις
2772 3705 3145 3776 συνδήσαντος,
3193 3707 3557 3777 ὑψηλοτέραν
3619 3709 3704 3776 τὴν

2127 3795 2404 3849 πολιτείαν
2429 3796 2776 3866 ποιούμενος.
2822 3798 2985 3852 Ἀλλὰ
3032 3799 3130 3852 καὶ
3163 3799 3309 3868 μετὰ
3338 3799 3439 3852 τοῦ
3489 3800 3703 3870 Προφή-

2123 3903 2221 3939 του
2247 3887 2573 3958 ὲκπλήκτως
2602 3890 2649 3921 ⁸⁸
2701 3889 3021 3961 ἀναϐοήσεις
3041 3906 3055 3920 °
3097 3889 3193 3956 Ὧς
3222 3890 3618 3960 ἐμεγαλύγθη
3646 3890 3705 3940 τὰ

448 3991 590 4047 ceat,
624 3983 836 4036 eﬂicere
869 3981 1098 4052 posset?
1135 3981 1240 4035 Sed
1269 3990 1322 4035 et
1356 3981 1403 4036 is
1444 3988 1705 4049 praeterea
1731 4020 1746 4046 ,
1791 3981 1986 4051 quicur

2162 3998 2274 4051 ργα
2298 3998 2439 4047 σου,
2462 3985 2639 4053 Κύριε
2661 4002 2676 4017 ·
2711 3986 2910 4041 πάντα
2934 3987 3006 4040 ἐν
3023 3988 3211 4056 σοφίᾳ.
3241 3987 3576 4055 ἐποίησας.

449 4095 555 4149 que
583 4076 804 4133 futurus
826 4086 932 4143 est,
956 4076 1480 4142 cumadmiratione,
1542 4084 1602 4129 ut
1622 4076 1774 4145 prius
1832 4077 2094 4143 diximus,
2133 4078 2506 4149 pltilOSOphari
2554 4081 2786 4150 poterit.
2837 4096 3080 4152 quonam
3141 4089 3302 4150 pacto
3354 4080 3529 4135 homo
3578 4081 3706 4133 inter

449 4174 688 4237 excelsa,
724 4173 1085 4243 humiliaque,
1127 4172 1340 4227 medius
1370 4172 1704 4228 constitutus
1728 4213 1744 4239 ,
1815 4173 1904 4228 his
1950 4190 2072 4243 qua:
2110 4175 2164 4230 in
2209 4184 2356 4232 terra
2402 4188 2570 4242 sunt,
2615 4177 2954 4245 dominatur,
2984 4181 3053 4234 ab
3115 4180 3200 4234 his
3226 4193 3360 4234 vero
3392 4193 3524 4248 qua:
3551 4194 3703 4247 supra

451 4275 605 4329 sunt,
637 4266 754 4336 ipse
778 4266 1005 4336 regitur.
1032 4263 1221 4336 Neque
1241 4280 1368 4320 vero
1400 4266 1453 4320 id
1485 4267 1684 4322 tacitus
1711 4267 2031 4336 praeteribit,
2069 4271 2213 4338 quod
2287 4270 2334 4327 si
2372 4270 2519 4340 quis,
2555 4270 2651 4326 Dei
2710 4286 2868 4340 nutu,
2895 4274 3139 4330 veritatis
3174 4272 3404 4328 luminis
3438 4273 3496 4325 in
3528 4287 3589 4326 se
3612 4272 3699 4324 ali-

452 4373 616 4429 quem
650 4357 990 4426 splendorem
1025 4357 1180 4430 142
1246 4358 1496 4423 ediderit,
1540 4359 1756 4415 divinus
1841 4359 2093 4428 fortasse,
2139 4372 2284 4419 totus
2313 4405 2329 4431 ,
2381 4372 2545 4434 atque
2588 4381 2885 4436 supernum
2940 4369 2998 4423 in
3045 4367 3331 4422 altissimis
3384 4365 3488 4419 Dei
3518 4372 3700 4420 cuncta

452 4449 770 4517 vincientis,
797 4449 1185 4519 solventisque,
1214 4465 1278 4505 ac
1309 4451 1490 4506 denuo
1553 4452 1906 4508 revincientis
1949 4468 2174 4525 regnum
2206 4458 2514 4527 migrando,
2554 4460 2875 4516 excelsioris
2938 4459 3090 4514 urbis
3121 4459 3258 4514 civis
3323 4456 3615 4513 efﬁcietur.
3649 4454 3701 4508 Εῑ

452 4541 672 4610 quidem
697 4540 742 4595 is
768 4555 892 4596 cum
922 4543 1182 4612 propheta
1201 4541 1504 4600 admiratus
1526 4543 1821 4600 clamabit:
1851 4544 2024 4610 Quam
2097 4550 2440 4620 magniﬁcam
2478 4561 2600 4608 sunt
2651 4568 2809 4622 opera
2853 4564 2980 4620 tua,
3015 4551 3272 4606 Domine!
3303 4559 3504 4604 cuncta
3531 4550 3587 4602 in
3624 4565 3698 4601 u-

451 4637 656 4707 pientia
687 4636 859 4706 fecisti
888 4634 988 4709 (α).

1042 4752 1120 4807 De
1151 4752 1440 4811 elementis.

528 4932 605 4988 De
632 4931 921 4987 elementis
956 4939 1136 4986 autem
1170 4931 1454 5002 disputare
1475 4934 1543 4988 ad
1568 4935 1872 4991 naturalem
1921 4936 2036 5006 phi-

458 5020 749 5092 losophum
780 5022 1037 5092 pertinet.
1070 5021 1437 5092 Antiquorum
1463 5026 1646 5096 itaque
1678 5027 2034 5098 philosopho-

461 5127 586 5167 rum
620 5112 930 5184 opiniones,
959 5127 1097 5182 quas
1127 5112 1194 5168 de
1216 5114 1500 5171 elementis
1530 5117 1635 5186 ipsi
1667 5117 2032 5186 adduxerunt,

460 5199 660 5256 missas
692 5199 872 5256 facere
904 5210 1147 5273 oportet;
1182 5219 1345 5260 uuam
1377 5209 1754 5264 tantummodo
1796 5223 1864 5264 ex
1915 5224 2038 5265 om-

533 5359 611 5432 (a)
633 5361 782 5418 Psal.
821 5376 942 5429 ctu,
981 5360 1072 5417 24.

533 5525 580 5557 ³⁸
610 5524 886 5595 ἐκκλειψις
916 5525 978 5581 Β.
1090 5525 1134 5558 ³⁷
1161 5522 1392 5594 φύσεΔ.

1505 5525 1551 5558 ³⁸
1579 5525 1965 5597 φιλοσοφήσοις
1998 5526 2057 5582 Β.

2064 4735 2108 4790 Ῐ)
2143 4757 2214 4811 Τὸ
2265 4754 2589 4825 ὐστεραῖον
2656 4757 2985 4825 σύνταγμα
3021 4753 3154 4822 περὶ
3201 4752 3324 4808 τῶν
3387 4754 3698 4823 τεσσάρων

2755 4824 3092 4895 στοιχείων.

2212 4940 2284 4994 To
2335 4940 2464 5011 περὶ
2524 4939 2804 5009 στοιχείων
2866 4937 3212 5006 διαλέγεσθαι
3269 4939 3514 5008 φυσικῆς
3571 4940 3698 4991 ἐστιν

2141 5032 2272 5085 ἴδιον
2303 5030 2713 5102 πραγματείας.
2741 5028 2862 5100 Χρὴ
2892 5028 3073 5083 τοίνυν
3121 5027 3220 5092 τὰς
3251 5029 3355 5099 μὲν
3389 5028 3554 5094 δόξας
3602 5028 3696 5081 τῶν

2143 5119 2390 5174 παλαιῶν
2417 5118 2722 5188 φιλοσόφων
2743 5118 2842 5178 τὰς
2872 5118 3001 5189 περὶ
3026 5117 3206 5171 αὐτῶν
3226 5118 3536 5190 γενομένας
3559 5135 3700 5170 κατα·

2144 5211 2437 5280 λιμπάνειν
2490 5213 2548 5276 ις
2601 5209 2870 5267 νεώτατον
2899 5225 2914 5242 ο
2964 5209 3096 5282 μίαν
3153 5210 3210 5264 δὲ
3273 5208 3377 5283 τὴν
3428 5211 3695 5283 κρείττονι

2171 5527 2214 5560 ⁸⁹
2239 5528 2376 5601 πρὸς
2406 5544 2513 5584 om.
2551 5529 2590 5585 Β
2621 5529 2683 5586 Ρ.
2761 5533 2809 5564 ⁸⁸
2837 5532 2931 5587 καὶ
2955 5534 3100 5605 σχιζ.
3120 5546 3230 5587 om.
3267 5531 3398 5605 B‘P.
3444 5533 3516 5605 Α⁵¹
3551 5549 3695 5605 προε-

461 5597 665 5680 χόντων
709 5598 894 5680 circa!
941 5595 1721 5680 προεχομένων,ηένουμένων
1744 5595 1842 5680 καςι
1883 5597 2258 5680 ext-{95535.va
2283 5595 2513 5680 περιεχ.
2539 5618 2599 5654 τε
2627 5605 2725 5656 καὶ
2779 5595 3191 5680 περιεχομένων
3226 5605 3266 5656 Β
3299 5601 3362 5656 Ρ.
3439 5595 3696 5659 ⁸¹⁹1ιὶἐάεο

461 5665 597 5746 sinit
753 5666 799 5746 ξ’
824 5665 1128 5746 fumo-sem;
1155 5666 1282 5746 (Σὲ).
1346 5665 1407 5746 ,ξ’
1437 5683 1558 5746 app.
1582 5668 1678 5746 Ξαὶ
1706 5665 1986 5746 ἐντέχνως.

2193 5668 2248 5746 ὀξ
2272 5665 2409 5746 πηός

463 5736 738 5814 ἀληθείας*
758 5736 1175 5814 έμλαμπόμενος
1203 5735 1293 5814 Ο..
1313 5735 1388 5814 ’⁸⁷
1415 5735 1714 5814 τέως-ὅλως
1742 5735 1922 5814 Oscis.
1951 5737 2039 5814 C._
2079 5737 2132 5814 ξε
2171 5740 2296 5806 τοὺς
2317 5735 2441 5795 ’ἄνω
2469 5741 2532 5798 C.
2607 5742 2653 5777 "
2682 5735 2945 5809 λύσαντος
2966 5743 3009 5801 C
3029 5745 3089 5800 Ρ.
3162 5736 3346 5814 ⁸⁹ὲμπ

461 5802 567 5861 τοῦ
582 5823 677 5879 πρ.
711 5802 949 5879 βοήσειςο
981 5802 1378 5876 ἐθαυμαστώθη
1407 5807 1439 5875 ἡ
1477 5806 1678 5874 γνῶσίς
1697 5822 1790 5860 σου
1818 5805 1878 5871 ἐξ
1906 5805 2041 5877 ἐμοῦ
2072 5806 2134 5863 C.

2577 5673 2623 5704 "
2654 5671 2984 5744 ὲτεχνάσατὸ
3015 5671 3055 5728 C
3085 5671 3148 5729 P.
3224 5673 3365 5726 ⁸⁵τ⁹
3406 5675 3599 5746 μετρίῳ
3615 5678 3692 5741 τῆς

2607 5742 2653 5777 ⁸⁹
2682 5743 2945 5809 λύσαντος
2966 5743 3009 5801 C
3029 5745 3089 5800 Ρ.
3162 5744 3211 5776 ⁸⁸
3225 5692 3557 5817 ἐμπλήκτως
3577 5746 3692 5816 μετά
