  <div class='ocr_page' id='page_1' title='image "/cluster/home/n/w/nwhite01/storage/ocr_20150623/64/hvd.32044019207844/686.png"; bbox 0 0 3812 6390; ppageno 0'>
   <div class='ocr_carea' id='block_1_1' title="bbox 181 310 335 380">
    <p class='ocr_par' dir='ltr' id='par_1_1' title="bbox 181 310 335 380">
     <span class='ocr_line' id='line_1_1' title="bbox 181 310 335 380; baseline 0.013 -2"><span class='ocrx_word' id='word_1_1' title='bbox 181 310 335 380; x_wconf 65' lang='grc' dir='ltr'><strong>ηδε</strong></span> 
     </span>
    </p>
   </div>
   <div class='ocr_carea' id='block_1_2' title="bbox 1433 302 2189 384">
    <p class='ocr_par' dir='ltr' id='par_1_2' title="bbox 1433 302 2189 384">
     <span class='ocr_line' id='line_1_2' title="bbox 1433 302 2189 384; baseline -0.001 -1"><span class='ocrx_word' id='word_1_2' title='bbox 1433 302 1522 383; x_wconf 78' lang='lat' dir='ltr'><strong>nr.</strong></span> <span class='ocrx_word' id='word_1_3' title='bbox 1560 324 1845 384; x_wconf 68' lang='lat' dir='ltr'><strong>unum</strong></span> <span class='ocrx_word' id='word_1_4' title='bbox 1885 318 2189 383; x_wconf 70' lang='lat' dir='ltr'><strong>somnus.</strong></span> 
     </span>
    </p>
   </div>
   <div class='ocr_carea' id='block_1_3' title="bbox 3311 331 3448 389">
    <p class='ocr_par' dir='ltr' id='par_1_3' title="bbox 3311 331 3448 389">
     <span class='ocr_line' id='line_1_3' title="bbox 3311 331 3448 389; baseline 0.036 -4"><span class='ocrx_word' id='word_1_5' title='bbox 3311 331 3448 389; x_wconf 66' lang='grc' dir='ltr'><strong>ηδε</strong></span> 
     </span>
    </p>
   </div>
   <div class='ocr_carea' id='block_1_4' title="bbox 174 435 1764 515">
    <p class='ocr_par' dir='ltr' id='par_1_4' title="bbox 174 435 1764 515">
     <span class='ocr_line' id='line_1_4' title="bbox 174 435 1764 515; baseline 0.001 -20"><span class='ocrx_word' id='word_1_6' title='bbox 174 441 400 496; x_wconf 74' lang='grc' dir='ltr'>τούτων</span> <span class='ocrx_word' id='word_1_7' title='bbox 428 435 775 507; x_wconf 66' lang='grc' dir='ltr'>ἐκλέγεσθαι,</span> <span class='ocrx_word' id='word_1_8' title='bbox 808 437 875 509; x_wconf 80' lang='grc' dir='ltr'>ἣν</span> <span class='ocrx_word' id='word_1_9' title='bbox 921 436 1293 511; x_wconf 77' lang='grc' dir='ltr'>Ἐμπεδοκλῆς</span> <span class='ocrx_word' id='word_1_10' title='bbox 1340 443 1562 515; x_wconf 81' lang='grc' dir='ltr'>πρῶτος</span> <span class='ocrx_word' id='word_1_11' title='bbox 1609 441 1764 511; x_wconf 68' lang='grc' dir='ltr'>ἐφεύ-</span> 
     </span>
    </p>
   </div>
   <div class='ocr_carea' id='block_1_5' title="bbox 1871 435 3445 515">
    <p class='ocr_par' dir='ltr' id='par_1_5' title="bbox 1875 436 3445 512">
     <span class='ocr_line' id='line_1_5' title="bbox 1875 436 3445 512; baseline 0.002 -17"><span class='ocrx_word' id='word_1_12' title='bbox 1875 441 2057 507; x_wconf 92' lang='lat' dir='ltr'><strong>nihus,</strong></span> <span class='ocrx_word' id='word_1_13' title='bbox 2086 441 2366 498; x_wconf 82' lang='lat' dir='ltr'><strong>meliorem</strong></span> <span class='ocrx_word' id='word_1_14' title='bbox 2401 440 2714 511; x_wconf 84' lang='lat' dir='ltr'><strong>seligentcs,</strong></span> <span class='ocrx_word' id='word_1_15' title='bbox 2742 454 2907 511; x_wconf 90' lang='lat' dir='ltr'><strong>quam</strong></span> <span class='ocrx_word' id='word_1_16' title='bbox 2934 436 3278 512; x_wconf 79' lang='lat' dir='ltr'><strong>Empedoclis</strong></span> <span class='ocrx_word' id='word_1_17' title='bbox 3302 457 3445 510; x_wconf 83' lang='lat' dir='ltr'><strong>esse,</strong></span> 
     </span>
    </p>
   </div>
   <div class='ocr_carea' id='block_1_6' title="bbox 185 528 1768 604">
    <p class='ocr_par' dir='ltr' id='par_1_6' title="bbox 185 528 1768 604">
     <span class='ocr_line' id='line_1_6' title="bbox 185 528 1768 604; baseline 0.001 -19"><span class='ocrx_word' id='word_1_18' title='bbox 185 547 359 601; x_wconf 80' lang='grc' dir='ltr'>ρατο,</span> <span class='ocrx_word' id='word_1_19' title='bbox 407 529 486 593; x_wconf 84' lang='grc' dir='ltr'><strong>ὡς</strong></span> <span class='ocrx_word' id='word_1_20' title='bbox 523 528 581 583; x_wconf 70' lang='grc' dir='ltr'><strong>δέ</strong></span> <span class='ocrx_word' id='word_1_21' title='bbox 613 545 748 600; x_wconf 82' lang='grc' dir='ltr'>φησι</span> <span class='ocrx_word' id='word_1_22' title='bbox 799 528 1058 600; x_wconf 81' lang='grc' dir='ltr'>Γαληνὸς,</span> <span class='ocrx_word' id='word_1_23' title='bbox 1102 532 1472 604; x_wconf 72' lang='grc' dir='ltr'><strong>Ἱπποκράτης</strong></span> <span class='ocrx_word' id='word_1_24' title='bbox 1514 534 1543 586; x_wconf 99' lang='lat'><strong>6</strong></span> <span class='ocrx_word' id='word_1_25' title='bbox 1586 532 1768 604; x_wconf 78' lang='grc' dir='ltr'>Κῷος.</span> 
     </span>
    </p>
   </div>
   <div class='ocr_carea' id='block_1_7' title="bbox 180 617 1773 692">
    <p class='ocr_par' dir='ltr' id='par_1_7' title="bbox 180 617 1773 692">
     <span class='ocr_line' id='line_1_7' title="bbox 180 617 1773 692; baseline 0.001 -18"><span class='ocrx_word' id='word_1_26' title='bbox 180 619 451 689; x_wconf 72' lang='grc' dir='ltr'>Τέσσαρα</span> <span class='ocrx_word' id='word_1_27' title='bbox 487 618 670 673; x_wconf 78' lang='grc' dir='ltr'><strong>τοίνυν</strong></span> <span class='ocrx_word' id='word_1_28' title='bbox 702 620 772 673; x_wconf 78' lang='grc' dir='ltr'><strong>τὰ</strong></span> <span class='ocrx_word' id='word_1_29' title='bbox 807 617 901 671; x_wconf 74' lang='grc' dir='ltr'><strong>τοῦ</strong></span> <span class='ocrx_word' id='word_1_30' title='bbox 940 619 1143 684; x_wconf 74' lang='grc' dir='ltr'>παντὸς</span> <span class='ocrx_word' id='word_1_31' title='bbox 1178 625 1421 692; x_wconf 80' lang='grc' dir='ltr'>στοιχεῖα</span> <span class='ocrx_word' id='word_1_32' title='bbox 1469 623 1773 692; x_wconf 80' lang='grc' dir='ltr'>τυγχάνουο</span> 
     </span>
    </p>
   </div>
   <div class='ocr_carea' id='block_1_8' title="bbox 182 708 1772 783">
    <p class='ocr_par' dir='ltr' id='par_1_8' title="bbox 182 708 1772 783">
     <span class='ocr_line' id='line_1_8' title="bbox 182 708 1772 783; baseline 0.003 -19"><span class='ocrx_word' id='word_1_33' title='bbox 182 727 306 776; x_wconf 85' lang='grc' dir='ltr'>σιν,</span> <span class='ocrx_word' id='word_1_34' title='bbox 335 709 374 766; x_wconf 74' lang='grc' dir='ltr'>ἃ</span> <span class='ocrx_word' id='word_1_35' title='bbox 396 709 465 781; x_wconf 81' lang='grc' dir='ltr'><strong>δὴ</strong></span> <span class='ocrx_word' id='word_1_36' title='bbox 494 714 593 764; x_wconf 76' lang='grc' dir='ltr'>καὶ</span> <span class='ocrx_word' id='word_1_37' title='bbox 622 708 871 779; x_wconf 75' lang='grc' dir='ltr'>κοσμικὰ</span> <span class='ocrx_word' id='word_1_38' title='bbox 901 710 1195 765; x_wconf 78' lang='grc' dir='ltr'>καλοῦνται</span> <span class='ocrx_word' id='word_1_39' title='bbox 1214 728 1229 743; x_wconf 78' lang='grc' dir='ltr'><strong>ο</strong></span> <span class='ocrx_word' id='word_1_40' title='bbox 1271 712 1411 783; x_wconf 72' lang='grc' dir='ltr'>πῦρ,</span> <span class='ocrx_word' id='word_1_41' title='bbox 1444 712 1621 781; x_wconf 75' lang='grc' dir='ltr'>ὕδωρ,</span> <span class='ocrx_word' id='word_1_42' title='bbox 1654 712 1772 782; x_wconf 80' lang='grc' dir='ltr'><strong>ἀὴρ</strong></span> 
     </span>
    </p>
   </div>
   <div class='ocr_carea' id='block_1_9' title="bbox 179 801 1766 889">
    <p class='ocr_par' dir='ltr' id='par_1_9' title="bbox 179 801 1766 889">
     <span class='ocr_line' id='line_1_9' title="bbox 179 801 1766 889; baseline 0.001 -31"><span class='ocrx_word' id='word_1_43' title='bbox 179 805 292 858; x_wconf 75' lang='grc' dir='ltr'>καὶ</span> <span class='ocrx_word' id='word_1_44' title='bbox 317 802 413 873; x_wconf 77' lang='grc' dir='ltr'><strong>τῆ.</strong></span> <span class='ocrx_word' id='word_1_45' title='bbox 446 804 601 857; x_wconf 85' lang='grc' dir='ltr'>Ἔστι</span> <span class='ocrx_word' id='word_1_46' title='bbox 649 802 709 856; x_wconf 72' lang='grc' dir='ltr'><strong>δὲ</strong></span> <span class='ocrx_word' id='word_1_47' title='bbox 749 801 814 856; x_wconf 80' lang='grc' dir='ltr'>τὸ</span> <span class='ocrx_word' id='word_1_48' title='bbox 853 803 952 873; x_wconf 78' lang='grc' dir='ltr'>μὲν</span> <span class='ocrx_word' id='word_1_49' title='bbox 1003 803 1116 875; x_wconf 82' lang='grc' dir='ltr'>πῦρ</span> <span class='ocrx_word' id='word_1_50' title='bbox 1162 804 1368 889; x_wconf 62' lang='grc' dir='ltr'>θερμὸν</span> <span class='ocrx_word' id='word_1_51' title='bbox 1422 807 1519 860; x_wconf 69' lang='grc' dir='ltr'>καὶ</span> <span class='ocrx_word' id='word_1_52' title='bbox 1569 807 1766 879; x_wconf 69' lang='grc' dir='ltr'><strong>ξηρόν⁸</strong></span> 
     </span>
    </p>
   </div>
   <div class='ocr_carea' id='block_1_10' title="bbox 175 893 1772 970">
    <p class='ocr_par' dir='ltr' id='par_1_10' title="bbox 175 893 1772 970">
     <span class='ocr_line' id='line_1_10' title="bbox 175 893 1772 970; baseline 0 -19"><span class='ocrx_word' id='word_1_53' title='bbox 175 897 252 951; x_wconf 79' lang='grc' dir='ltr'>τδ</span> <span class='ocrx_word' id='word_1_54' title='bbox 282 896 341 951; x_wconf 81' lang='grc' dir='ltr'><strong>δὲ</strong></span> <span class='ocrx_word' id='word_1_55' title='bbox 370 895 536 967; x_wconf 76' lang='grc' dir='ltr'>ὕδωρ,</span> <span class='ocrx_word' id='word_1_56' title='bbox 563 893 773 965; x_wconf 73' lang='grc' dir='ltr'>ψυχρὸν</span> <span class='ocrx_word' id='word_1_57' title='bbox 796 895 891 949; x_wconf 71' lang='grc' dir='ltr'>καὶ</span> <span class='ocrx_word' id='word_1_58' title='bbox 921 896 1121 968; x_wconf 83' lang='grc' dir='ltr'>ὑγρόν·</span> <span class='ocrx_word' id='word_1_59' title='bbox 1153 896 1251 949; x_wconf 84' lang='grc' dir='ltr'><strong>όδὲ</strong></span> <span class='ocrx_word' id='word_1_60' title='bbox 1282 897 1415 968; x_wconf 81' lang='grc' dir='ltr'><strong>ἀὴρ,</strong></span> <span class='ocrx_word' id='word_1_61' title='bbox 1444 897 1646 970; x_wconf 77' lang='grc' dir='ltr'>θερμὸς</span> <span class='ocrx_word' id='word_1_62' title='bbox 1677 900 1772 955; x_wconf 75' lang='grc' dir='ltr'>καὶ</span> 
     </span>
    </p>
   </div>
   <div class='ocr_carea' id='block_1_11' title="bbox 177 984 1772 1059">
    <p class='ocr_par' dir='ltr' id='par_1_11' title="bbox 177 984 1772 1059">
     <span class='ocr_line' id='line_1_11' title="bbox 177 984 1772 1059; baseline -0.001 -16"><span class='ocrx_word' id='word_1_63' title='bbox 177 988 393 1059; x_wconf 77' lang='grc' dir='ltr'>ὑγρός’</span> <span class='ocrx_word' id='word_1_64' title='bbox 431 989 465 1056; x_wconf 86' lang='grc' dir='ltr'><strong>ἡ</strong></span> <span class='ocrx_word' id='word_1_65' title='bbox 495 985 554 1039; x_wconf 71' lang='grc' dir='ltr'><strong>δὲ</strong></span> <span class='ocrx_word' id='word_1_66' title='bbox 586 987 659 1055; x_wconf 86' lang='grc' dir='ltr'><strong>γῆ</strong></span> <span class='ocrx_word' id='word_1_67' title='bbox 682 984 869 1056; x_wconf 76' lang='grc' dir='ltr'>ψυχρὰ</span> <span class='ocrx_word' id='word_1_68' title='bbox 908 986 1003 1039; x_wconf 73' lang='grc' dir='ltr'>καὶ</span> <span class='ocrx_word' id='word_1_69' title='bbox 1033 985 1197 1057; x_wconf 78' lang='grc' dir='ltr'><strong>ξηρά.</strong></span> <span class='ocrx_word' id='word_1_70' title='bbox 1251 987 1413 1040; x_wconf 83' lang='grc' dir='ltr'>Ἀλλὰ</span> <span class='ocrx_word' id='word_1_71' title='bbox 1442 987 1547 1058; x_wconf 80' lang='grc' dir='ltr'>μὴν</span> <span class='ocrx_word' id='word_1_72' title='bbox 1581 989 1673 1041; x_wconf 78' lang='grc' dir='ltr'>καὶ</span> <span class='ocrx_word' id='word_1_73' title='bbox 1700 987 1772 1042; x_wconf 80' lang='grc' dir='ltr'>τὰ</span> 
     </span>
    </p>
   </div>
   <div class='ocr_carea' id='block_1_12' title="bbox 176 1076 1771 1151">
    <p class='ocr_par' dir='ltr' id='par_1_12' title="bbox 176 1076 1771 1151">
     <span class='ocr_line' id='line_1_12' title="bbox 176 1076 1771 1151; baseline 0.001 -18"><span class='ocrx_word' id='word_1_74' title='bbox 176 1078 439 1151; x_wconf 81' lang='grc' dir='ltr'>προσεχῆ</span> <span class='ocrx_word' id='word_1_75' title='bbox 460 1079 698 1149; x_wconf 83' lang='grc' dir='ltr'>στοιχεῖα</span> <span class='ocrx_word' id='word_1_76' title='bbox 715 1076 825 1131; x_wconf 82' lang='grc' dir='ltr'>τῶν</span> <span class='ocrx_word' id='word_1_77' title='bbox 852 1076 1008 1140; x_wconf 80' lang='grc' dir='ltr'>ζώων</span> <span class='ocrx_word' id='word_1_78' title='bbox 1037 1076 1295 1131; x_wconf 81' lang='grc' dir='ltr'>ἁπάντων</span> <span class='ocrx_word' id='word_1_79' title='bbox 1321 1079 1417 1132; x_wconf 83' lang='grc' dir='ltr'>καὶ</span> <span class='ocrx_word' id='word_1_80' title='bbox 1442 1078 1507 1150; x_wconf 83' lang='grc' dir='ltr'><strong>δὴ</strong></span> <span class='ocrx_word' id='word_1_81' title='bbox 1541 1079 1637 1134; x_wconf 80' lang='grc' dir='ltr'>καὶ</span> <span class='ocrx_word' id='word_1_82' title='bbox 1660 1078 1771 1134; x_wconf 82' lang='grc' dir='ltr'><strong>τῶν</strong></span> 
     </span>
    </p>
   </div>
   <div class='ocr_carea' id='block_1_13' title="bbox 174 1168 1771 1242">
    <p class='ocr_par' dir='ltr' id='par_1_13' title="bbox 174 1168 1771 1242">
     <span class='ocr_line' id='line_1_13' title="bbox 174 1168 1771 1242; baseline 0.001 -18"><span class='ocrx_word' id='word_1_83' title='bbox 174 1168 546 1241; x_wconf 69' lang='grc' dir='ltr'><strong>ἀνθρωπείων</strong></span> <span class='ocrx_word' id='word_1_84' title='bbox 601 1168 894 1236; x_wconf 83' lang='grc' dir='ltr'>σωμάτων,</span> <span class='ocrx_word' id='word_1_85' title='bbox 943 1168 1184 1241; x_wconf 83' lang='grc' dir='ltr'>τέσσαρα</span> <span class='ocrx_word' id='word_1_86' title='bbox 1217 1170 1313 1224; x_wconf 59' lang='grc' dir='ltr'><strong>καὶ⁸</strong></span> <span class='ocrx_word' id='word_1_87' title='bbox 1376 1170 1517 1225; x_wconf 80' lang='grc' dir='ltr'>αὐτὰ</span> <span class='ocrx_word' id='word_1_88' title='bbox 1564 1172 1771 1242; x_wconf 75' lang='grc' dir='ltr'>τυγχάο</span> 
     </span>
    </p>
   </div>
   <div class='ocr_carea' id='block_1_14' title="bbox 177 1258 1767 1331">
    <p class='ocr_par' dir='ltr' id='par_1_14' title="bbox 177 1258 1767 1331">
     <span class='ocr_line' id='line_1_14' title="bbox 177 1258 1767 1331; baseline 0.004 -20"><span class='ocrx_word' id='word_1_89' title='bbox 177 1278 393 1326; x_wconf 81' lang='grc' dir='ltr'>νουσιν,</span> <span class='ocrx_word' id='word_1_90' title='bbox 418 1262 469 1314; x_wconf 81' lang='grc' dir='ltr'>οἱ</span> <span class='ocrx_word' id='word_1_91' title='bbox 498 1260 762 1329; x_wconf 81' lang='grc' dir='ltr'>τέσσαρες</span> <span class='ocrx_word' id='word_1_92' title='bbox 796 1258 1042 1329; x_wconf 79' lang='grc' dir='ltr'>δηλονότι</span> <span class='ocrx_word' id='word_1_93' title='bbox 1079 1261 1244 1330; x_wconf 78' lang='grc' dir='ltr'><strong>χυμοί</strong></span> <span class='ocrx_word' id='word_1_94' title='bbox 1267 1277 1281 1291; x_wconf 90' lang='grc'><strong>·</strong></span> <span class='ocrx_word' id='word_1_95' title='bbox 1308 1259 1473 1329; x_wconf 80' lang='grc' dir='ltr'>αἷμα,</span> <span class='ocrx_word' id='word_1_96' title='bbox 1504 1260 1767 1331; x_wconf 65' lang='grc' dir='ltr'>φλέγμα,</span> 
     </span>
    </p>
   </div>
   <div class='ocr_carea' id='block_1_15' title="bbox 176 1350 1770 1422">
    <p class='ocr_par' dir='ltr' id='par_1_15' title="bbox 176 1350 1770 1422">
     <span class='ocr_line' id='line_1_15' title="bbox 176 1350 1770 1422; baseline 0.001 -15"><span class='ocrx_word' id='word_1_97' title='bbox 176 1353 347 1422; x_wconf 75' lang='grc' dir='ltr'>κο.ὶὴ</span> <span class='ocrx_word' id='word_1_98' title='bbox 378 1352 596 1419; x_wconf 78' lang='grc' dir='ltr'><strong>ξανθὴ,</strong></span> <span class='ocrx_word' id='word_1_99' title='bbox 637 1352 730 1405; x_wconf 71' lang='grc' dir='ltr'>καὶ</span> <span class='ocrx_word' id='word_1_100' title='bbox 757 1352 912 1420; x_wconf 73' lang='grc' dir='ltr'>χολὴ</span> <span class='ocrx_word' id='word_1_101' title='bbox 944 1352 1222 1420; x_wconf 69' lang='grc' dir='ltr'>μέλαινα.</span> <span class='ocrx_word' id='word_1_102' title='bbox 1283 1353 1562 1422; x_wconf 83' lang='grc' dir='ltr'>Ἀναλογεῖ</span> <span class='ocrx_word' id='word_1_103' title='bbox 1590 1350 1682 1408; x_wconf 87' lang='grc' dir='ltr'>οὖν</span> <span class='ocrx_word' id='word_1_104' title='bbox 1708 1355 1770 1408; x_wconf 80' lang='grc' dir='ltr'>τὸ</span> 
     </span>
    </p>
   </div>
   <div class='ocr_carea' id='block_1_16' title="bbox 176 1441 1769 1517">
    <p class='ocr_par' dir='ltr' id='par_1_16' title="bbox 176 1441 1769 1517">
     <span class='ocr_line' id='line_1_16' title="bbox 176 1441 1769 1517; baseline 0.002 -20"><span class='ocrx_word' id='word_1_105' title='bbox 176 1441 331 1515; x_wconf 74' lang='grc' dir='ltr'>αἷμα</span> <span class='ocrx_word' id='word_1_106' title='bbox 370 1443 451 1513; x_wconf 82' lang='grc' dir='ltr'><strong>τῷ</strong></span> <span class='ocrx_word' id='word_1_107' title='bbox 477 1444 603 1514; x_wconf 81' lang='grc' dir='ltr'>ἀέρι</span> <span class='ocrx_word' id='word_1_108' title='bbox 626 1459 643 1477; x_wconf 66' lang='grc' dir='ltr'>ν</span> <span class='ocrx_word' id='word_1_109' title='bbox 670 1442 874 1514; x_wconf 78' lang='grc' dir='ltr'>θερμὸν</span> <span class='ocrx_word' id='word_1_110' title='bbox 901 1441 961 1495; x_wconf 76' lang='grc' dir='ltr'>ὃν</span> <span class='ocrx_word' id='word_1_111' title='bbox 987 1446 1082 1497; x_wconf 77' lang='grc' dir='ltr'>καὶ</span> <span class='ocrx_word' id='word_1_112' title='bbox 1128 1444 1296 1515; x_wconf 73' lang='grc' dir='ltr'>ὑγρὸν</span> <span class='ocrx_word' id='word_1_113' title='bbox 1345 1443 1535 1517; x_wconf 79' lang='grc' dir='ltr'>ὥσπερ</span> <span class='ocrx_word' id='word_1_114' title='bbox 1570 1445 1635 1516; x_wconf 86' lang='grc' dir='ltr'><strong>δὴ</strong></span> <span class='ocrx_word' id='word_1_115' title='bbox 1672 1446 1769 1500; x_wconf 80' lang='grc' dir='ltr'><strong>κά-</strong></span> 
     </span>
    </p>
   </div>
   <div class='ocr_carea' id='block_1_17' title="bbox 175 1535 1764 1609">
    <p class='ocr_par' dir='ltr' id='par_1_17' title="bbox 175 1535 1764 1609">
     <span class='ocr_line' id='line_1_17' title="bbox 175 1535 1764 1609; baseline 0.002 -19"><span class='ocrx_word' id='word_1_116' title='bbox 175 1539 387 1600; x_wconf 81' lang='grc' dir='ltr'>κεῖνος.</span> <span class='ocrx_word' id='word_1_117' title='bbox 406 1536 480 1589; x_wconf 85' lang='grc' dir='ltr'>Τὸ</span> <span class='ocrx_word' id='word_1_118' title='bbox 498 1535 556 1589; x_wconf 83' lang='grc' dir='ltr'><strong>δὲ</strong></span> <span class='ocrx_word' id='word_1_119' title='bbox 583 1535 805 1605; x_wconf 79' lang='grc' dir='ltr'>φλέγμα</span> <span class='ocrx_word' id='word_1_120' title='bbox 823 1536 899 1606; x_wconf 83' lang='grc' dir='ltr'><strong>τῷ</strong></span> <span class='ocrx_word' id='word_1_121' title='bbox 918 1536 1071 1590; x_wconf 70' lang='grc' dir='ltr'>ὕδατι</span> <span class='ocrx_word' id='word_1_122' title='bbox 1095 1554 1108 1569; x_wconf 87' lang='grc'><strong>·</strong></span> <span class='ocrx_word' id='word_1_123' title='bbox 1141 1537 1351 1608; x_wconf 80' lang='grc' dir='ltr'>ψυχρὸν</span> <span class='ocrx_word' id='word_1_124' title='bbox 1372 1537 1432 1590; x_wconf 79' lang='grc' dir='ltr'>ὃν</span> <span class='ocrx_word' id='word_1_125' title='bbox 1458 1538 1551 1590; x_wconf 69' lang='grc' dir='ltr'>καὶ</span> <span class='ocrx_word' id='word_1_126' title='bbox 1577 1538 1764 1609; x_wconf 79' lang='grc' dir='ltr'>ὑγρόν.</span> 
     </span>
    </p>
   </div>
   <div class='ocr_carea' id='block_1_18' title="bbox 190 1626 1769 1701">
    <p class='ocr_par' dir='ltr' id='par_1_18' title="bbox 190 1626 1769 1701">
     <span class='ocr_line' id='line_1_18' title="bbox 190 1626 1769 1701; baseline 0.001 -17"><span class='ocrx_word' id='word_1_127' title='bbox 190 1629 263 1684; x_wconf 85' lang='grc' dir='ltr'><strong>Ἦ</strong></span> <span class='ocrx_word' id='word_1_128' title='bbox 317 1629 375 1683; x_wconf 72' lang='grc' dir='ltr'><strong>δὲ</strong></span> <span class='ocrx_word' id='word_1_129' title='bbox 412 1628 579 1699; x_wconf 81' lang='grc' dir='ltr'>ξανθὴ</span> <span class='ocrx_word' id='word_1_130' title='bbox 625 1630 779 1699; x_wconf 77' lang='grc' dir='ltr'>χολὴ,</span> <span class='ocrx_word' id='word_1_131' title='bbox 814 1626 894 1698; x_wconf 82' lang='grc' dir='ltr'><strong>τῷ</strong></span> <span class='ocrx_word' id='word_1_132' title='bbox 942 1630 1115 1700; x_wconf 69' lang='grc' dir='ltr'>πυρί*</span> <span class='ocrx_word' id='word_1_133' title='bbox 1148 1628 1327 1701; x_wconf 81' lang='grc' dir='ltr'>θερμὴ</span> <span class='ocrx_word' id='word_1_134' title='bbox 1375 1631 1485 1700; x_wconf 81' lang='grc' dir='ltr'>γάρ</span> <span class='ocrx_word' id='word_1_135' title='bbox 1519 1633 1637 1684; x_wconf 76' lang='grc' dir='ltr'>ἐστι</span> <span class='ocrx_word' id='word_1_136' title='bbox 1673 1630 1769 1687; x_wconf 72' lang='grc' dir='ltr'>καὶ</span> 
     </span>
    </p>
   </div>
   <div class='ocr_carea' id='block_1_19' title="bbox 178 1719 1764 1793">
    <p class='ocr_par' dir='ltr' id='par_1_19' title="bbox 178 1719 1764 1793">
     <span class='ocr_line' id='line_1_19' title="bbox 178 1719 1764 1793; baseline -0.002 -15"><span class='ocrx_word' id='word_1_137' title='bbox 178 1723 352 1793; x_wconf 75' lang='grc' dir='ltr'><strong>ξηρά.</strong></span> <span class='ocrx_word' id='word_1_138' title='bbox 393 1721 456 1774; x_wconf 85' lang='grc' dir='ltr'><strong>Ἦ</strong></span> <span class='ocrx_word' id='word_1_139' title='bbox 488 1721 549 1774; x_wconf 75' lang='grc' dir='ltr'>δι</span> <span class='ocrx_word' id='word_1_140' title='bbox 587 1719 819 1791; x_wconf 66' lang='grc' dir='ltr'>μέλαινα</span> <span class='ocrx_word' id='word_1_141' title='bbox 842 1719 975 1790; x_wconf 84' lang='grc' dir='ltr'>χολὴ</span> <span class='ocrx_word' id='word_1_142' title='bbox 1012 1722 1079 1791; x_wconf 81' lang='grc' dir='ltr'>τῇ</span> <span class='ocrx_word' id='word_1_143' title='bbox 1112 1723 1183 1791; x_wconf 77' lang='grc' dir='ltr'>γῇ</span> <span class='ocrx_word' id='word_1_144' title='bbox 1205 1736 1219 1751; x_wconf 73' lang='grc'><strong><em>⁸</em></strong></span> <span class='ocrx_word' id='word_1_145' title='bbox 1281 1721 1469 1791; x_wconf 73' lang='grc' dir='ltr'>ψυχρὰ</span> <span class='ocrx_word' id='word_1_146' title='bbox 1511 1723 1622 1793; x_wconf 79' lang='grc' dir='ltr'>γάρ</span> <span class='ocrx_word' id='word_1_147' title='bbox 1648 1724 1764 1775; x_wconf 76' lang='grc' dir='ltr'>ἐστι</span> 
     </span>
    </p>
   </div>
   <div class='ocr_carea' id='block_1_20' title="bbox 1875 526 3450 602">
    <p class='ocr_par' dir='ltr' id='par_1_20' title="bbox 1875 526 3450 602">
     <span class='ocr_line' id='line_1_20' title="bbox 1875 526 3450 602; baseline 0 -16"><span class='ocrx_word' id='word_1_148' title='bbox 1875 532 2115 588; x_wconf 80' lang='lat' dir='ltr'><strong>Galenus</strong></span> <span class='ocrx_word' id='word_1_149' title='bbox 2146 541 2202 588; x_wconf 92' lang='lat' dir='ltr'><strong>et</strong></span> <span class='ocrx_word' id='word_1_150' title='bbox 2228 530 2375 597; x_wconf 87' lang='lat' dir='ltr'><strong>Cous</strong></span> <span class='ocrx_word' id='word_1_151' title='bbox 2406 529 2762 601; x_wconf 79' lang='lat' dir='ltr'><strong>Hippocrates</strong></span> <span class='ocrx_word' id='word_1_152' title='bbox 2791 526 3055 584; x_wconf 87' lang='lat' dir='ltr'><strong>referunt.</strong></span> <span class='ocrx_word' id='word_1_153' title='bbox 3090 526 3231 585; x_wconf 87' lang='lat' dir='ltr'><strong>Sunt</strong></span> <span class='ocrx_word' id='word_1_154' title='bbox 3283 529 3450 602; x_wconf 90' lang='lat' dir='ltr'><strong>igitur</strong></span> 
     </span>
    </p>
   </div>
   <div class='ocr_carea' id='block_1_21' title="bbox 1874 619 3449 694">
    <p class='ocr_par' dir='ltr' id='par_1_21' title="bbox 1874 619 3449 694">
     <span class='ocr_line' id='line_1_21' title="bbox 1874 619 3449 694; baseline 0.002 -18"><span class='ocrx_word' id='word_1_155' title='bbox 1874 620 2118 676; x_wconf 90' lang='lat' dir='ltr'><strong>omnium</strong></span> <span class='ocrx_word' id='word_1_156' title='bbox 2176 637 2359 677; x_wconf 88' lang='lat' dir='ltr'><strong>rerum</strong></span> <span class='ocrx_word' id='word_1_157' title='bbox 2404 621 2671 676; x_wconf 90' lang='lat' dir='ltr'><strong>elementa</strong></span> <span class='ocrx_word' id='word_1_158' title='bbox 2717 619 2874 693; x_wconf 64' lang='grc'><strong>143</strong></span> <span class='ocrx_word' id='word_1_159' title='bbox 2917 630 3180 693; x_wconf 90' lang='lat' dir='ltr'><strong>quatuor,</strong></span> <span class='ocrx_word' id='word_1_160' title='bbox 3226 639 3349 694; x_wconf 67' lang='lat' dir='ltr'><strong>quae</strong></span> <span class='ocrx_word' id='word_1_161' title='bbox 3395 633 3449 679; x_wconf 90' lang='lat' dir='ltr'><strong>et</strong></span> 
     </span>
    </p>
   </div>
   <div class='ocr_carea' id='block_1_22' title="bbox 1873 710 3445 783">
    <p class='ocr_par' dir='ltr' id='par_1_22' title="bbox 1873 710 3445 783">
     <span class='ocr_line' id='line_1_22' title="bbox 1873 710 3445 783; baseline 0.004 -17"><span class='ocrx_word' id='word_1_162' title='bbox 1873 712 2062 768; x_wconf 91' lang='lat' dir='ltr'><strong>mundi</strong></span> <span class='ocrx_word' id='word_1_163' title='bbox 2113 711 2380 768; x_wconf 86' lang='lat' dir='ltr'><strong>elementa</strong></span> <span class='ocrx_word' id='word_1_164' title='bbox 2416 710 2777 781; x_wconf 83' lang='lat' dir='ltr'><strong>appellantur,</strong></span> <span class='ocrx_word' id='word_1_165' title='bbox 2821 713 2958 783; x_wconf 77' lang='lat' dir='ltr'><strong>ignis</strong></span> <span class='ocrx_word' id='word_1_166' title='bbox 3019 713 3291 778; x_wconf 77' lang='lat' dir='ltr'><strong>videlicet.</strong></span> <span class='ocrx_word' id='word_1_167' title='bbox 3331 730 3445 773; x_wconf 60' lang='lat' dir='ltr'><strong>aer,</strong></span> 
     </span>
    </p>
   </div>
   <div class='ocr_carea' id='block_1_23' title="bbox 1872 799 3441 879">
    <p class='ocr_par' dir='ltr' id='par_1_23' title="bbox 1872 799 3441 879">
     <span class='ocr_line' id='line_1_23' title="bbox 1872 799 3441 879; baseline 0.004 -24"><span class='ocrx_word' id='word_1_168' title='bbox 1872 818 2011 869; x_wconf 83' lang='lat' dir='ltr'><strong>aqua</strong></span> <span class='ocrx_word' id='word_1_169' title='bbox 2043 809 2099 857; x_wconf 91' lang='lat' dir='ltr'><strong>et</strong></span> <span class='ocrx_word' id='word_1_170' title='bbox 2124 811 2287 857; x_wconf 80' lang='lat' dir='ltr'><strong>terra.</strong></span> <span class='ocrx_word' id='word_1_171' title='bbox 2334 799 2401 855; x_wconf 85' lang='lat' dir='ltr'><strong>Et</strong></span> <span class='ocrx_word' id='word_1_172' title='bbox 2429 801 2571 870; x_wconf 81' lang='lat' dir='ltr'><strong>ignis</strong></span> <span class='ocrx_word' id='word_1_173' title='bbox 2615 801 2834 871; x_wconf 87' lang='lat' dir='ltr'><strong>quidem</strong></span> <span class='ocrx_word' id='word_1_174' title='bbox 2892 802 3102 861; x_wconf 87' lang='lat' dir='ltr'><strong>calidus</strong></span> <span class='ocrx_word' id='word_1_175' title='bbox 3137 806 3441 879; x_wconf 84' lang='lat' dir='ltr'><strong>siccusque.</strong></span> 
     </span>
    </p>
   </div>
   <div class='ocr_carea' id='block_1_24' title="bbox 1872 892 3444 963">
    <p class='ocr_par' dir='ltr' id='par_1_24' title="bbox 1872 892 3444 963">
     <span class='ocr_line' id='line_1_24' title="bbox 1872 892 3444 963; baseline 0.004 -16"><span class='ocrx_word' id='word_1_176' title='bbox 1872 908 2017 963; x_wconf 84' lang='lat' dir='ltr'><strong>aqua</strong></span> <span class='ocrx_word' id='word_1_177' title='bbox 2054 892 2280 948; x_wconf 90' lang='lat' dir='ltr'><strong>humida</strong></span> <span class='ocrx_word' id='word_1_178' title='bbox 2325 908 2390 947; x_wconf 91' lang='lat' dir='ltr'><strong>ac</strong></span> <span class='ocrx_word' id='word_1_179' title='bbox 2411 892 2629 963; x_wconf 89' lang='lat' dir='ltr'><strong>frigida,</strong></span> <span class='ocrx_word' id='word_1_180' title='bbox 2674 909 2768 948; x_wconf 89' lang='lat' dir='ltr'><strong>aer</strong></span> <span class='ocrx_word' id='word_1_181' title='bbox 2796 893 3009 948; x_wconf 87' lang='lat' dir='ltr'><strong>calidus</strong></span> <span class='ocrx_word' id='word_1_182' title='bbox 3059 904 3113 950; x_wconf 91' lang='lat' dir='ltr'><strong>et</strong></span> <span class='ocrx_word' id='word_1_183' title='bbox 3164 896 3444 955; x_wconf 71' lang='lat' dir='ltr'><strong>humidus.</strong></span> 
     </span>
    </p>
   </div>
   <div class='ocr_carea' id='block_1_25' title="bbox 1872 983 3443 1055">
    <p class='ocr_par' dir='ltr' id='par_1_25' title="bbox 1872 983 3443 1055">
     <span class='ocr_line' id='line_1_25' title="bbox 1872 983 3443 1055; baseline 0.003 -16"><span class='ocrx_word' id='word_1_184' title='bbox 1872 994 2018 1040; x_wconf 89' lang='lat' dir='ltr'><strong>terra</strong></span> <span class='ocrx_word' id='word_1_185' title='bbox 2046 1000 2175 1039; x_wconf 87' lang='lat' dir='ltr'><strong>vero</strong></span> <span class='ocrx_word' id='word_1_186' title='bbox 2202 983 2393 1055; x_wconf 85' lang='lat' dir='ltr'><strong>frigida</strong></span> <span class='ocrx_word' id='word_1_187' title='bbox 2423 993 2478 1038; x_wconf 91' lang='lat' dir='ltr'><strong>et</strong></span> <span class='ocrx_word' id='word_1_188' title='bbox 2506 986 2649 1039; x_wconf 89' lang='lat' dir='ltr'><strong>sicca</strong></span> <span class='ocrx_word' id='word_1_189' title='bbox 2678 984 2927 1041; x_wconf 88' lang='lat' dir='ltr'><strong>habetur.</strong></span> <span class='ocrx_word' id='word_1_190' title='bbox 2981 984 3086 1041; x_wconf 90' lang='lat' dir='ltr'><strong>Sed</strong></span> <span class='ocrx_word' id='word_1_191' title='bbox 3114 996 3169 1042; x_wconf 89' lang='lat' dir='ltr'><strong>et</strong></span> <span class='ocrx_word' id='word_1_192' title='bbox 3200 990 3443 1045; x_wconf 87' lang='lat' dir='ltr'><strong>omnium</strong></span> 
     </span>
    </p>
   </div>
   <div class='ocr_carea' id='block_1_26' title="bbox 1870 1077 3448 1148">
    <p class='ocr_par' dir='ltr' id='par_1_26' title="bbox 1870 1077 3448 1148">
     <span class='ocr_line' id='line_1_26' title="bbox 1870 1077 3448 1148; baseline 0.003 -15"><span class='ocrx_word' id='word_1_193' title='bbox 1870 1078 2232 1141; x_wconf 82' lang='lat' dir='ltr'><strong>animalium,</strong></span> <span class='ocrx_word' id='word_1_194' title='bbox 2307 1087 2471 1148; x_wconf 88' lang='lat' dir='ltr'><strong>atque</strong></span> <span class='ocrx_word' id='word_1_195' title='bbox 2525 1077 2890 1130; x_wconf 81' lang='lat' dir='ltr'><strong>humanorum</strong></span> <span class='ocrx_word' id='word_1_196' title='bbox 2961 1091 3298 1148; x_wconf 84' lang='lat' dir='ltr'><strong>corporum,</strong></span> <span class='ocrx_word' id='word_1_197' title='bbox 3359 1079 3448 1137; x_wconf 80' lang='lat' dir='ltr'><strong>his</strong></span> 
     </span>
    </p>
   </div>
   <div class='ocr_carea' id='block_1_27' title="bbox 1871 1168 3449 1240">
    <p class='ocr_par' dir='ltr' id='par_1_27' title="bbox 1871 1168 3449 1240">
     <span class='ocr_line' id='line_1_27' title="bbox 1871 1168 3449 1240; baseline 0.003 -18"><span class='ocrx_word' id='word_1_198' title='bbox 1871 1169 2116 1240; x_wconf 86' lang='lat' dir='ltr'><strong>proxima</strong></span> <span class='ocrx_word' id='word_1_199' title='bbox 2147 1169 2370 1224; x_wconf 89' lang='lat' dir='ltr'><strong>totidem</strong></span> <span class='ocrx_word' id='word_1_200' title='bbox 2401 1168 2687 1231; x_wconf 87' lang='lat' dir='ltr'><strong>elementa,</strong></span> <span class='ocrx_word' id='word_1_201' title='bbox 2719 1176 2956 1239; x_wconf 90' lang='lat' dir='ltr'><strong>quatuor</strong></span> <span class='ocrx_word' id='word_1_202' title='bbox 2986 1169 3232 1226; x_wconf 81' lang='lat' dir='ltr'><strong>videlicet</strong></span> <span class='ocrx_word' id='word_1_203' title='bbox 3255 1170 3449 1227; x_wconf 78' lang='lat' dir='ltr'><strong>bumo-</strong></span> 
     </span>
    </p>
   </div>
   <div class='ocr_carea' id='block_1_28' title="bbox 1872 1259 3447 1336">
    <p class='ocr_par' dir='ltr' id='par_1_28' title="bbox 1872 1259 3447 1336">
     <span class='ocr_line' id='line_1_28' title="bbox 1872 1259 3447 1336; baseline 0.002 -19"><span class='ocrx_word' id='word_1_204' title='bbox 1872 1278 1983 1326; x_wconf 82' lang='lat' dir='ltr'><strong>res,</strong></span> <span class='ocrx_word' id='word_1_205' title='bbox 2031 1264 2270 1332; x_wconf 75' lang='lat' dir='ltr'><strong>sanguis,</strong></span> <span class='ocrx_word' id='word_1_206' title='bbox 2301 1262 2520 1330; x_wconf 80' lang='lat' dir='ltr'><strong>pituita,</strong></span> <span class='ocrx_word' id='word_1_207' title='bbox 2559 1261 2725 1331; x_wconf 76' lang='lat' dir='ltr'><strong>ﬂava,</strong></span> <span class='ocrx_word' id='word_1_208' title='bbox 2758 1268 2813 1316; x_wconf 90' lang='lat' dir='ltr'><strong>et</strong></span> <span class='ocrx_word' id='word_1_209' title='bbox 2858 1270 2984 1315; x_wconf 82' lang='lat' dir='ltr'><strong>atra</strong></span> <span class='ocrx_word' id='word_1_210' title='bbox 3033 1259 3174 1317; x_wconf 76' lang='lat' dir='ltr'><strong>bilis.</strong></span> <span class='ocrx_word' id='word_1_211' title='bbox 3210 1260 3447 1336; x_wconf 85' lang='lat' dir='ltr'><strong>Sanguis</strong></span> 
     </span>
    </p>
   </div>
   <div class='ocr_carea' id='block_1_29' title="bbox 1872 1352 3448 1424">
    <p class='ocr_par' dir='ltr' id='par_1_29' title="bbox 1872 1352 3448 1424">
     <span class='ocr_line' id='line_1_29' title="bbox 1872 1352 3448 1424; baseline 0.001 -16"><span class='ocrx_word' id='word_1_212' title='bbox 1872 1354 2057 1424; x_wconf 82' lang='lat' dir='ltr'><strong>itaque</strong></span> <span class='ocrx_word' id='word_1_213' title='bbox 2091 1370 2217 1411; x_wconf 83' lang='lat' dir='ltr'><strong>cum</strong></span> <span class='ocrx_word' id='word_1_214' title='bbox 2250 1354 2442 1409; x_wconf 79' lang='lat' dir='ltr'><strong>calidae</strong></span> <span class='ocrx_word' id='word_1_215' title='bbox 2471 1369 2538 1409; x_wconf 86' lang='lat' dir='ltr'><strong>ac</strong></span> <span class='ocrx_word' id='word_1_216' title='bbox 2580 1352 2819 1407; x_wconf 66' lang='lat' dir='ltr'><strong>humidae</strong></span> <span class='ocrx_word' id='word_1_217' title='bbox 2839 1352 3119 1424; x_wconf 72' lang='lat' dir='ltr'><strong>qualitatis</strong></span> <span class='ocrx_word' id='word_1_218' title='bbox 3171 1354 3284 1419; x_wconf 90' lang='lat' dir='ltr'><strong>sit,</strong></span> <span class='ocrx_word' id='word_1_219' title='bbox 3333 1354 3448 1411; x_wconf 89' lang='lat' dir='ltr'><strong>aeri</strong></span> 
     </span>
    </p>
   </div>
   <div class='ocr_carea' id='block_1_30' title="bbox 1870 1443 3447 1517">
    <p class='ocr_par' dir='ltr' id='par_1_30' title="bbox 1870 1443 3447 1517">
     <span class='ocr_line' id='line_1_30' title="bbox 1870 1443 3447 1517; baseline 0.001 -17"><span class='ocrx_word' id='word_1_220' title='bbox 1870 1446 2222 1517; x_wconf 88' lang='lat' dir='ltr'><strong>proportione</strong></span> <span class='ocrx_word' id='word_1_221' title='bbox 2249 1446 2577 1517; x_wconf 85' lang='lat' dir='ltr'><strong>respondet;</strong></span> <span class='ocrx_word' id='word_1_222' title='bbox 2614 1446 2811 1515; x_wconf 88' lang='lat' dir='ltr'><strong>pituita</strong></span> <span class='ocrx_word' id='word_1_223' title='bbox 2848 1459 3001 1513; x_wconf 82' lang='lat' dir='ltr'><strong>vero,</strong></span> <span class='ocrx_word' id='word_1_224' title='bbox 3034 1443 3230 1515; x_wconf 89' lang='lat' dir='ltr'><strong>frigida</strong></span> <span class='ocrx_word' id='word_1_225' title='bbox 3263 1445 3447 1502; x_wconf 85' lang='lat' dir='ltr'><strong>humi-</strong></span> 
     </span>
    </p>
   </div>
   <div class='ocr_carea' id='block_1_31' title="bbox 1868 1534 3446 1609">
    <p class='ocr_par' dir='ltr' id='par_1_31' title="bbox 1868 1534 3446 1609">
     <span class='ocr_line' id='line_1_31' title="bbox 1868 1534 3446 1609; baseline 0.001 -17"><span class='ocrx_word' id='word_1_226' title='bbox 1868 1537 2050 1607; x_wconf 88' lang='lat' dir='ltr'><strong>daque</strong></span> <span class='ocrx_word' id='word_1_227' title='bbox 2080 1537 2376 1602; x_wconf 82' lang='lat' dir='ltr'><strong>exsistens,</strong></span> <span class='ocrx_word' id='word_1_228' title='bbox 2409 1552 2567 1609; x_wconf 74' lang='lat' dir='ltr'><strong>aqua:</strong></span> <span class='ocrx_word' id='word_1_229' title='bbox 2586 1552 2602 1601; x_wconf 87' lang='lat'><strong>;</strong></span> <span class='ocrx_word' id='word_1_230' title='bbox 2621 1535 2759 1590; x_wconf 80' lang='lat' dir='ltr'><strong>ﬂava</strong></span> <span class='ocrx_word' id='word_1_231' title='bbox 2773 1535 2995 1607; x_wconf 81' lang='lat' dir='ltr'><strong>quidem</strong></span> <span class='ocrx_word' id='word_1_232' title='bbox 3022 1534 3170 1603; x_wconf 84' lang='lat' dir='ltr'><strong>bilis,</strong></span> <span class='ocrx_word' id='word_1_233' title='bbox 3194 1553 3318 1592; x_wconf 93' lang='lat' dir='ltr'><strong>cum</strong></span> <span class='ocrx_word' id='word_1_234' title='bbox 3351 1552 3446 1594; x_wconf 78' lang='lat' dir='ltr'><strong>ca-</strong></span> 
     </span>
    </p>
   </div>
   <div class='ocr_carea' id='block_1_32' title="bbox 1867 1628 3446 1704">
    <p class='ocr_par' dir='ltr' id='par_1_32' title="bbox 1867 1628 3446 1704">
     <span class='ocr_line' id='line_1_32' title="bbox 1867 1628 3446 1704; baseline 0.003 -21"><span class='ocrx_word' id='word_1_235' title='bbox 1867 1628 1975 1683; x_wconf 87' lang='lat' dir='ltr'><strong>lida</strong></span> <span class='ocrx_word' id='word_1_236' title='bbox 2017 1636 2072 1684; x_wconf 92' lang='lat' dir='ltr'><strong>et</strong></span> <span class='ocrx_word' id='word_1_237' title='bbox 2114 1628 2259 1684; x_wconf 89' lang='lat' dir='ltr'><strong>sicca</strong></span> <span class='ocrx_word' id='word_1_238' title='bbox 2304 1628 2592 1697; x_wconf 73' lang='lat' dir='ltr'><strong>habeatur,</strong></span> <span class='ocrx_word' id='word_1_239' title='bbox 2627 1628 2768 1702; x_wconf 90' lang='lat' dir='ltr'><strong>igni;</strong></span> <span class='ocrx_word' id='word_1_240' title='bbox 2812 1638 2931 1687; x_wconf 88' lang='lat' dir='ltr'><strong>atra</strong></span> <span class='ocrx_word' id='word_1_241' title='bbox 2957 1646 3109 1698; x_wconf 88' lang='lat' dir='ltr'><strong>vero,</strong></span> <span class='ocrx_word' id='word_1_242' title='bbox 3140 1632 3211 1688; x_wconf 92' lang='lat' dir='ltr'><strong>ob</strong></span> <span class='ocrx_word' id='word_1_243' title='bbox 3240 1632 3446 1704; x_wconf 84' lang='lat' dir='ltr'><strong>frigidi-</strong></span> 
     </span>
    </p>
   </div>
   <div class='ocr_carea' id='block_1_33' title="bbox 1869 1722 3449 1795">
    <p class='ocr_par' dir='ltr' id='par_1_33' title="bbox 1869 1722 3449 1795">
     <span class='ocr_line' id='line_1_33' title="bbox 1869 1722 3449 1795; baseline 0 -17"><span class='ocrx_word' id='word_1_244' title='bbox 1869 1732 2032 1778; x_wconf 88' lang='lat' dir='ltr'><strong>tatem</strong></span> <span class='ocrx_word' id='word_1_245' title='bbox 2088 1722 2539 1793; x_wconf 88' lang='lat' dir='ltr'><strong>siceitatemque,</strong></span> <span class='ocrx_word' id='word_1_246' title='bbox 2589 1730 2746 1777; x_wconf 64' lang='lat' dir='ltr'><strong>terrai</strong></span> <span class='ocrx_word' id='word_1_247' title='bbox 2787 1722 3257 1795; x_wconf 89' lang='lat' dir='ltr'><strong>proportionatur.</strong></span> <span class='ocrx_word' id='word_1_248' title='bbox 3307 1723 3449 1779; x_wconf 88' lang='lat' dir='ltr'><strong>Sunt</strong></span> 
     </span>
    </p>
   </div>
   <div class='ocr_carea' id='block_1_34' title="bbox 174 1807 1764 1885">
    <p class='ocr_par' dir='ltr' id='par_1_34' title="bbox 174 1807 1764 1883">
     <span class='ocr_line' id='line_1_34' title="bbox 174 1807 1764 1883; baseline 0 -15"><span class='ocrx_word' id='word_1_249' title='bbox 174 1814 283 1868; x_wconf 69' lang='grc' dir='ltr'><strong>καὶ</strong></span> <span class='ocrx_word' id='word_1_250' title='bbox 313 1812 473 1883; x_wconf 79' lang='grc' dir='ltr'><strong>ξηρά.</strong></span> <span class='ocrx_word' id='word_1_251' title='bbox 509 1812 663 1866; x_wconf 76' lang='grc' dir='ltr'>Είσὶν</span> <span class='ocrx_word' id='word_1_252' title='bbox 690 1807 788 1865; x_wconf 77' lang='grc' dir='ltr'>οὖν</span> <span class='ocrx_word' id='word_1_253' title='bbox 812 1813 872 1864; x_wconf 76' lang='grc' dir='ltr'>ὲν</span> <span class='ocrx_word' id='word_1_254' title='bbox 891 1813 1022 1881; x_wconf 82' lang='grc' dir='ltr'>ἡμῖν</span> <span class='ocrx_word' id='word_1_255' title='bbox 1054 1811 1124 1865; x_wconf 83' lang='grc' dir='ltr'>τὰ</span> <span class='ocrx_word' id='word_1_256' title='bbox 1175 1815 1415 1882; x_wconf 85' lang='grc' dir='ltr'>στοιχεῖα</span> <span class='ocrx_word' id='word_1_257' title='bbox 1453 1813 1647 1880; x_wconf 80' lang='grc' dir='ltr'>ταῦτα,</span> <span class='ocrx_word' id='word_1_258' title='bbox 1674 1814 1764 1868; x_wconf 77' lang='grc' dir='ltr'>καὶ</span> 
     </span>
    </p>
   </div>
   <div class='ocr_carea' id='block_1_35' title="bbox 1871 1807 3446 1885">
    <p class='ocr_par' dir='ltr' id='par_1_35' title="bbox 1871 1813 3446 1885">
     <span class='ocr_line' id='line_1_35' title="bbox 1871 1813 3446 1885; baseline 0.002 -16"><span class='ocrx_word' id='word_1_259' title='bbox 1871 1815 2033 1870; x_wconf 89' lang='lat' dir='ltr'><strong>etiam</strong></span> <span class='ocrx_word' id='word_1_260' title='bbox 2063 1822 2119 1869; x_wconf 90' lang='lat' dir='ltr'><strong>et</strong></span> <span class='ocrx_word' id='word_1_261' title='bbox 2152 1830 2274 1885; x_wconf 66' lang='lat' dir='ltr'><strong>quae</strong></span> <span class='ocrx_word' id='word_1_262' title='bbox 2305 1829 2335 1868; x_wconf 93' lang='lat' dir='ltr'><strong>a</strong></span> <span class='ocrx_word' id='word_1_263' title='bbox 2371 1813 2596 1870; x_wconf 85' lang='lat' dir='ltr'><strong>musicis</strong></span> <span class='ocrx_word' id='word_1_264' title='bbox 2632 1814 2923 1869; x_wconf 88' lang='lat' dir='ltr'><strong>traduntur</strong></span> <span class='ocrx_word' id='word_1_265' title='bbox 2970 1814 3236 1872; x_wconf 87' lang='lat' dir='ltr'><strong>elementa</strong></span> <span class='ocrx_word' id='word_1_266' title='bbox 3261 1854 3276 1881; x_wconf 85' lang='lat'><strong>,</strong></span> <span class='ocrx_word' id='word_1_267' title='bbox 3321 1831 3446 1884; x_wconf 70' lang='lat' dir='ltr'><strong>qua:</strong></span> 
     </span>
    </p>
   </div>
   <div class='ocr_carea' id='block_1_36' title="bbox 173 1902 1765 1976">
    <p class='ocr_par' dir='ltr' id='par_1_36' title="bbox 173 1902 1765 1976">
     <span class='ocr_line' id='line_1_36' title="bbox 173 1902 1765 1976; baseline 0 -17"><span class='ocrx_word' id='word_1_268' title='bbox 173 1905 329 1960; x_wconf 82' lang='grc' dir='ltr'>κατὰ</span> <span class='ocrx_word' id='word_1_269' title='bbox 354 1903 654 1976; x_wconf 69' lang='grc' dir='ltr'>μουσικοὺς</span> <span class='ocrx_word' id='word_1_270' title='bbox 682 1902 877 1972; x_wconf 84' lang='grc' dir='ltr'>λόγους</span> <span class='ocrx_word' id='word_1_271' title='bbox 905 1903 1299 1971; x_wconf 70' lang='grc' dir='ltr'>διπλασίους.</span> <span class='ocrx_word' id='word_1_272' title='bbox 1328 1906 1640 1974; x_wconf 72' lang='grc' dir='ltr'><strong>ἡμιολίους</strong></span> <span class='ocrx_word' id='word_1_273' title='bbox 1670 1905 1765 1961; x_wconf 83' lang='grc' dir='ltr'>καὶ</span> 
     </span>
    </p>
   </div>
   <div class='ocr_carea' id='block_1_37' title="bbox 172 1988 1765 2068">
    <p class='ocr_par' dir='ltr' id='par_1_37' title="bbox 172 1988 1765 2068">
     <span class='ocr_line' id='line_1_37' title="bbox 172 1988 1765 2068; baseline 0.001 -17"><span class='ocrx_word' id='word_1_274' title='bbox 172 1997 556 2067; x_wconf 69' lang='grc' dir='ltr'>ἐπιτρίτους-ν</span> <span class='ocrx_word' id='word_1_275' title='bbox 618 1997 748 2068; x_wconf 73' lang='grc' dir='ltr'>περὶ</span> <span class='ocrx_word' id='word_1_276' title='bbox 799 1988 874 2049; x_wconf 82' lang='grc' dir='ltr'>ὧν</span> <span class='ocrx_word' id='word_1_277' title='bbox 921 1994 1220 2059; x_wconf 83' lang='grc' dir='ltr'>τυποειδῶς</span> <span class='ocrx_word' id='word_1_278' title='bbox 1268 1995 1512 2062; x_wconf 79' lang='grc' dir='ltr'><strong>λεκτέον,</strong></span> <span class='ocrx_word' id='word_1_279' title='bbox 1566 1998 1642 2062; x_wconf 82' lang='grc' dir='ltr'>ὡς</span> <span class='ocrx_word' id='word_1_280' title='bbox 1698 2000 1765 2053; x_wconf 85' lang='grc' dir='ltr'>ἂν</span> 
     </span>
    </p>
   </div>
   <div class='ocr_carea' id='block_1_38' title="bbox 172 2082 1763 2160">
    <p class='ocr_par' dir='ltr' id='par_1_38' title="bbox 172 2082 1763 2160">
     <span class='ocr_line' id='line_1_38' title="bbox 172 2082 1763 2160; baseline 0.001 -18"><span class='ocrx_word' id='word_1_281' title='bbox 172 2088 385 2158; x_wconf 67' lang='grc' dir='ltr'>ἐφικτὰ</span> <span class='ocrx_word' id='word_1_282' title='bbox 416 2088 632 2157; x_wconf 79' lang='grc' dir='ltr'>γένοιτο</span> <span class='ocrx_word' id='word_1_283' title='bbox 658 2082 772 2150; x_wconf 78' lang='grc' dir='ltr'>τοῖς</span> <span class='ocrx_word' id='word_1_284' title='bbox 812 2085 1101 2155; x_wconf 75' lang='grc' dir='ltr'><strong>ἀγνοοῦσιν</strong></span> <span class='ocrx_word' id='word_1_285' title='bbox 1135 2088 1294 2143; x_wconf 83' lang='grc' dir='ltr'>αὑτά.</span> <span class='ocrx_word' id='word_1_286' title='bbox 1331 2088 1622 2151; x_wconf 80' lang='grc' dir='ltr'>Διπλόισιο;</span> <span class='ocrx_word' id='word_1_287' title='bbox 1660 2089 1763 2160; x_wconf 79' lang='grc' dir='ltr'>μὲν</span> 
     </span>
    </p>
   </div>
   <div class='ocr_carea' id='block_1_39' title="bbox 171 2176 1765 2252">
    <p class='ocr_par' dir='ltr' id='par_1_39' title="bbox 171 2176 1765 2252">
     <span class='ocr_line' id='line_1_39' title="bbox 171 2176 1765 2252; baseline -0.001 -16"><span class='ocrx_word' id='word_1_288' title='bbox 171 2180 280 2236; x_wconf 78' lang='grc' dir='ltr'>οὖν</span> <span class='ocrx_word' id='word_1_289' title='bbox 317 2182 468 2235; x_wconf 76' lang='grc' dir='ltr'>ἐστιν</span> <span class='ocrx_word' id='word_1_290' title='bbox 501 2178 759 2250; x_wconf 81' lang='grc' dir='ltr'>ἀριθμὸς,</span> <span class='ocrx_word' id='word_1_291' title='bbox 802 2181 830 2233; x_wconf 90' lang='lat'><strong>6</strong></span> <span class='ocrx_word' id='word_1_292' title='bbox 856 2178 996 2248; x_wconf 76' lang='grc' dir='ltr'>ἔχων</span> <span class='ocrx_word' id='word_1_293' title='bbox 1027 2179 1084 2231; x_wconf 83' lang='grc' dir='ltr'>ὲν</span> <span class='ocrx_word' id='word_1_294' title='bbox 1122 2176 1302 2251; x_wconf 74' lang='grc' dir='ltr'>ἑαυτῷ</span> <span class='ocrx_word' id='word_1_295' title='bbox 1342 2181 1765 2252; x_wconf 81' lang='grc' dir='ltr'>συγκρινόμενον</span> 
     </span>
    </p>
   </div>
   <div class='ocr_carea' id='block_1_40' title="bbox 172 2271 1765 2346">
    <p class='ocr_par' dir='ltr' id='par_1_40' title="bbox 172 2271 1765 2346">
     <span class='ocr_line' id='line_1_40' title="bbox 172 2271 1765 2346; baseline -0.001 -16"><span class='ocrx_word' id='word_1_296' title='bbox 172 2272 443 2343; x_wconf 74' lang='grc' dir='ltr'>ἀριθμόν,</span> <span class='ocrx_word' id='word_1_297' title='bbox 470 2272 783 2339; x_wconf 83' lang='grc' dir='ltr'><strong>πλεονάκις,</strong></span> <span class='ocrx_word' id='word_1_298' title='bbox 821 2272 855 2344; x_wconf 80' lang='grc' dir='ltr'>ἢ</span> <span class='ocrx_word' id='word_1_299' title='bbox 889 2271 1071 2339; x_wconf 81' lang='grc' dir='ltr'>ἆπαξ·</span> <span class='ocrx_word' id='word_1_300' title='bbox 1105 2273 1183 2336; x_wconf 84' lang='grc' dir='ltr'>ὡς</span> <span class='ocrx_word' id='word_1_301' title='bbox 1212 2274 1241 2327; x_wconf 93' lang='lat'><strong>6</strong></span> <span class='ocrx_word' id='word_1_302' title='bbox 1284 2271 1429 2327; x_wconf 83' lang='grc' dir='ltr'>ὀκτὼ</span> <span class='ocrx_word' id='word_1_303' title='bbox 1482 2274 1621 2346; x_wconf 79' lang='grc' dir='ltr'>πρὸς</span> <span class='ocrx_word' id='word_1_304' title='bbox 1672 2275 1765 2329; x_wconf 81' lang='grc' dir='ltr'>τὸν</span> 
     </span>
    </p>
   </div>
   <div class='ocr_carea' id='block_1_41' title="bbox 174 2362 1763 2437">
    <p class='ocr_par' dir='ltr' id='par_1_41' title="bbox 174 2362 1763 2437">
     <span class='ocr_line' id='line_1_41' title="bbox 174 2362 1763 2437; baseline 0.003 -19"><span class='ocrx_word' id='word_1_305' title='bbox 174 2364 432 2434; x_wconf 69' lang='grc' dir='ltr'>τέσσαρα</span> <span class='ocrx_word' id='word_1_306' title='bbox 456 2379 472 2395; x_wconf 90' lang='grc'>·</span> <span class='ocrx_word' id='word_1_307' title='bbox 504 2363 588 2428; x_wconf 78' lang='grc' dir='ltr'><strong>δὶς</strong></span> <span class='ocrx_word' id='word_1_308' title='bbox 620 2365 730 2434; x_wconf 82' lang='grc' dir='ltr'><strong>γὰρ</strong></span> <span class='ocrx_word' id='word_1_309' title='bbox 751 2365 809 2415; x_wconf 81' lang='grc' dir='ltr'>ὲν</span> <span class='ocrx_word' id='word_1_310' title='bbox 841 2364 993 2434; x_wconf 82' lang='grc' dir='ltr'><strong>αὐτῷ</strong></span> <span class='ocrx_word' id='word_1_311' title='bbox 1038 2362 1131 2417; x_wconf 80' lang='grc' dir='ltr'>τὸν</span> <span class='ocrx_word' id='word_1_312' title='bbox 1182 2364 1429 2436; x_wconf 81' lang='grc' dir='ltr'>τέσσαρα</span> <span class='ocrx_word' id='word_1_313' title='bbox 1474 2366 1763 2437; x_wconf 85' lang='grc' dir='ltr'>κέκτηται.</span> 
     </span>
    </p>
   </div>
   <div class='ocr_carea' id='block_1_42' title="bbox 190 2454 1765 2528">
    <p class='ocr_par' dir='ltr' id='par_1_42' title="bbox 190 2454 1765 2528">
     <span class='ocr_line' id='line_1_42' title="bbox 190 2454 1765 2528; baseline 0 -18"><span class='ocrx_word' id='word_1_314' title='bbox 190 2456 476 2527; x_wconf 81' lang='grc' dir='ltr'>Ἦμιόλιος</span> <span class='ocrx_word' id='word_1_315' title='bbox 502 2455 562 2510; x_wconf 70' lang='grc' dir='ltr'><strong>δέ</strong></span> <span class='ocrx_word' id='word_1_316' title='bbox 599 2458 747 2510; x_wconf 72' lang='grc' dir='ltr'>ἐστιν</span> <span class='ocrx_word' id='word_1_317' title='bbox 780 2456 1039 2527; x_wconf 76' lang='grc' dir='ltr'>ἀριθμὸς,</span> <span class='ocrx_word' id='word_1_318' title='bbox 1074 2456 1103 2509; x_wconf 79' lang='grc' dir='ltr'><strong>ὃ</strong></span> <span class='ocrx_word' id='word_1_319' title='bbox 1130 2456 1270 2527; x_wconf 72' lang='grc' dir='ltr'>ἔχων</span> <span class='ocrx_word' id='word_1_320' title='bbox 1303 2454 1424 2511; x_wconf 85' lang='grc' dir='ltr'>ὅλον</span> <span class='ocrx_word' id='word_1_321' title='bbox 1472 2459 1531 2511; x_wconf 82' lang='grc' dir='ltr'>ἐν</span> <span class='ocrx_word' id='word_1_322' title='bbox 1587 2458 1765 2528; x_wconf 77' lang='grc' dir='ltr'>ἐαυτῷ</span> 
     </span>
    </p>
   </div>
   <div class='ocr_carea' id='block_1_43' title="bbox 176 2540 1766 2620">
    <p class='ocr_par' dir='ltr' id='par_1_43' title="bbox 176 2540 1766 2620">
     <span class='ocr_line' id='line_1_43' title="bbox 176 2540 1766 2620; baseline 0 -18"><span class='ocrx_word' id='word_1_323' title='bbox 176 2540 280 2602; x_wconf 65' lang='grc' dir='ltr'><strong>τὸν</strong></span> <span class='ocrx_word' id='word_1_324' title='bbox 319 2546 751 2620; x_wconf 79' lang='grc' dir='ltr'>συγκρινόμενον</span> <span class='ocrx_word' id='word_1_325' title='bbox 783 2547 1021 2619; x_wconf 77' lang='grc' dir='ltr'>ἀριθμὸν</span> <span class='ocrx_word' id='word_1_326' title='bbox 1056 2546 1241 2602; x_wconf 77' lang='grc' dir='ltr'>καὶτὸ</span> <span class='ocrx_word' id='word_1_327' title='bbox 1288 2549 1383 2603; x_wconf 76' lang='grc' dir='ltr'><strong>ἐπὶ</strong></span> <span class='ocrx_word' id='word_1_328' title='bbox 1430 2549 1626 2603; x_wconf 82' lang='grc' dir='ltr'>τούτου</span> <span class='ocrx_word' id='word_1_329' title='bbox 1648 2565 1661 2580; x_wconf 89' lang='grc'><strong>·</strong></span> <span class='ocrx_word' id='word_1_330' title='bbox 1690 2550 1766 2613; x_wconf 84' lang='grc' dir='ltr'><strong>ὡς</strong></span> 
     </span>
    </p>
   </div>
   <div class='ocr_carea' id='block_1_44' title="bbox 176 2638 1767 2713">
    <p class='ocr_par' dir='ltr' id='par_1_44' title="bbox 176 2638 1767 2713">
     <span class='ocr_line' id='line_1_44' title="bbox 176 2638 1767 2713; baseline 0.003 -21"><span class='ocrx_word' id='word_1_331' title='bbox 176 2641 213 2693; x_wconf 80' lang='lat'><strong>&#39;6</strong></span> <span class='ocrx_word' id='word_1_332' title='bbox 246 2640 307 2705; x_wconf 75' lang='grc' dir='ltr'><strong>ἐξ</strong></span> <span class='ocrx_word' id='word_1_333' title='bbox 332 2639 469 2709; x_wconf 77' lang='grc' dir='ltr'>πρὸς</span> <span class='ocrx_word' id='word_1_334' title='bbox 495 2639 590 2693; x_wconf 82' lang='grc' dir='ltr'>τὸν</span> <span class='ocrx_word' id='word_1_335' title='bbox 623 2638 898 2710; x_wconf 83' lang='grc' dir='ltr'>τέσσαρα·</span> <span class='ocrx_word' id='word_1_336' title='bbox 941 2638 1054 2710; x_wconf 75' lang='grc' dir='ltr'>ἔχει</span> <span class='ocrx_word' id='word_1_337' title='bbox 1083 2640 1191 2711; x_wconf 83' lang='grc' dir='ltr'>γὰρ</span> <span class='ocrx_word' id='word_1_338' title='bbox 1217 2641 1274 2693; x_wconf 83' lang='grc' dir='ltr'>ὲν</span> <span class='ocrx_word' id='word_1_339' title='bbox 1307 2640 1486 2713; x_wconf 76' lang='grc' dir='ltr'>ἑαυτῷ</span> <span class='ocrx_word' id='word_1_340' title='bbox 1521 2641 1644 2696; x_wconf 82' lang='grc' dir='ltr'>ὅλον</span> <span class='ocrx_word' id='word_1_341' title='bbox 1674 2641 1767 2696; x_wconf 80' lang='grc' dir='ltr'>τὸν</span> 
     </span>
    </p>
   </div>
   <div class='ocr_carea' id='block_1_45' title="bbox 178 2728 1769 2802">
    <p class='ocr_par' dir='ltr' id='par_1_45' title="bbox 178 2728 1769 2802">
     <span class='ocr_line' id='line_1_45' title="bbox 178 2728 1769 2802; baseline 0.002 -18"><span class='ocrx_word' id='word_1_342' title='bbox 178 2731 447 2800; x_wconf 78' lang='grc' dir='ltr'>τέσσαρα,</span> <span class='ocrx_word' id='word_1_343' title='bbox 485 2729 581 2783; x_wconf 79' lang='grc' dir='ltr'>καὶ</span> <span class='ocrx_word' id='word_1_344' title='bbox 608 2729 670 2783; x_wconf 73' lang='grc' dir='ltr'><strong>τὸ</strong></span> <span class='ocrx_word' id='word_1_345' title='bbox 706 2730 881 2800; x_wconf 80' lang='grc' dir='ltr'>ἡμισυ</span> <span class='ocrx_word' id='word_1_346' title='bbox 911 2730 1126 2784; x_wconf 86' lang='grc' dir='ltr'>τούτου.</span> <span class='ocrx_word' id='word_1_347' title='bbox 1172 2728 1484 2802; x_wconf 85' lang='grc' dir='ltr'>Ἐπίτριτος</span> <span class='ocrx_word' id='word_1_348' title='bbox 1527 2731 1586 2786; x_wconf 84' lang='grc' dir='ltr'><em>δέ</em></span> <span class='ocrx_word' id='word_1_349' title='bbox 1618 2734 1769 2789; x_wconf 74' lang='grc' dir='ltr'>ἐστιν</span> 
     </span>
    </p>
   </div>
   <div class='ocr_carea' id='block_1_46' title="bbox 176 2820 1765 2893">
    <p class='ocr_par' dir='ltr' id='par_1_46' title="bbox 176 2820 1765 2893">
     <span class='ocr_line' id='line_1_46' title="bbox 176 2820 1765 2893; baseline -0.001 -16"><span class='ocrx_word' id='word_1_350' title='bbox 176 2821 469 2893; x_wconf 74' lang='grc' dir='ltr'>ἀριθμδςό</span> <span class='ocrx_word' id='word_1_351' title='bbox 504 2821 646 2893; x_wconf 69' lang='grc' dir='ltr'>ἔχων</span> <span class='ocrx_word' id='word_1_352' title='bbox 679 2822 738 2875; x_wconf 80' lang='grc' dir='ltr'>ὲν</span> <span class='ocrx_word' id='word_1_353' title='bbox 784 2820 968 2892; x_wconf 73' lang='grc' dir='ltr'>ἑαυτῷ</span> <span class='ocrx_word' id='word_1_354' title='bbox 1025 2822 1119 2876; x_wconf 81' lang='grc' dir='ltr'>τὸν</span> <span class='ocrx_word' id='word_1_355' title='bbox 1160 2822 1594 2893; x_wconf 82' lang='grc' dir='ltr'>συγκρινόμενον</span> <span class='ocrx_word' id='word_1_356' title='bbox 1637 2824 1765 2893; x_wconf 86' lang='grc' dir='ltr'>ἀρι-</span> 
     </span>
    </p>
   </div>
   <div class='ocr_carea' id='block_1_47' title="bbox 179 2908 1767 2985">
    <p class='ocr_par' dir='ltr' id='par_1_47' title="bbox 179 2908 1767 2985">
     <span class='ocr_line' id='line_1_47' title="bbox 179 2908 1767 2985; baseline -0.001 -17"><span class='ocrx_word' id='word_1_357' title='bbox 179 2913 323 2984; x_wconf 78' lang='grc' dir='ltr'>θμὸν</span> <span class='ocrx_word' id='word_1_358' title='bbox 351 2914 447 2967; x_wconf 79' lang='grc' dir='ltr'>καὶ</span> <span class='ocrx_word' id='word_1_359' title='bbox 477 2912 538 2967; x_wconf 79' lang='grc' dir='ltr'>τὸ</span> <span class='ocrx_word' id='word_1_360' title='bbox 575 2913 756 2982; x_wconf 88' lang='grc' dir='ltr'>τρίτον</span> <span class='ocrx_word' id='word_1_361' title='bbox 780 2913 974 2968; x_wconf 79' lang='grc' dir='ltr'>τούτου</span> <span class='ocrx_word' id='word_1_362' title='bbox 1015 2914 1078 2967; x_wconf 75' lang='grc' dir='ltr'><strong>τὸ</strong></span> <span class='ocrx_word' id='word_1_363' title='bbox 1126 2914 1208 2969; x_wconf 78' lang='grc' dir='ltr'><strong>ἓν.</strong></span> <span class='ocrx_word' id='word_1_364' title='bbox 1259 2914 1333 2966; x_wconf 84' lang='grc' dir='ltr'>Τὸ</span> <span class='ocrx_word' id='word_1_365' title='bbox 1367 2915 1466 2985; x_wconf 77' lang='grc' dir='ltr'>μὲν</span> <span class='ocrx_word' id='word_1_366' title='bbox 1492 2909 1589 2968; x_wconf 80' lang='grc' dir='ltr'>οὖν</span> <span class='ocrx_word' id='word_1_367' title='bbox 1624 2908 1767 2984; x_wconf 76' lang='grc' dir='ltr'>αἷμα</span> 
     </span>
    </p>
   </div>
   <div class='ocr_carea' id='block_1_48' title="bbox 179 3003 1764 3078">
    <p class='ocr_par' dir='ltr' id='par_1_48' title="bbox 179 3003 1764 3078">
     <span class='ocr_line' id='line_1_48' title="bbox 179 3003 1764 3078; baseline 0.001 -21"><span class='ocrx_word' id='word_1_368' title='bbox 179 3004 364 3073; x_wconf 76' lang='grc' dir='ltr'>φίλιον</span> <span class='ocrx_word' id='word_1_369' title='bbox 393 3003 453 3057; x_wconf 83' lang='grc' dir='ltr'>ὂν</span> <span class='ocrx_word' id='word_1_370' title='bbox 489 3004 584 3058; x_wconf 78' lang='grc' dir='ltr'>καὶ</span> <span class='ocrx_word' id='word_1_371' title='bbox 637 3004 940 3073; x_wconf 77' lang='grc' dir='ltr'>ζωογόνον,</span> <span class='ocrx_word' id='word_1_372' title='bbox 996 3003 1093 3058; x_wconf 80' lang='grc' dir='ltr'>καὶ</span> <span class='ocrx_word' id='word_1_373' title='bbox 1127 3006 1329 3058; x_wconf 82' lang='grc' dir='ltr'>οἰκεῖον</span> <span class='ocrx_word' id='word_1_374' title='bbox 1385 3007 1452 3076; x_wconf 79' lang='grc' dir='ltr'><strong>τῇ</strong></span> <span class='ocrx_word' id='word_1_375' title='bbox 1502 3004 1663 3075; x_wconf 79' lang='grc' dir='ltr'>φύσει</span> <span class='ocrx_word' id='word_1_376' title='bbox 1694 3008 1764 3078; x_wconf 77' lang='grc' dir='ltr'>τῇ</span> 
     </span>
    </p>
   </div>
   <div class='ocr_carea' id='block_1_49' title="bbox 178 3094 1769 3169">
    <p class='ocr_par' dir='ltr' id='par_1_49' title="bbox 178 3094 1769 3169">
     <span class='ocr_line' id='line_1_49' title="bbox 178 3094 1769 3169; baseline 0.002 -21"><span class='ocrx_word' id='word_1_377' title='bbox 178 3096 435 3168; x_wconf 69' lang='grc' dir='ltr'>ἡμετέρᾳ</span> <span class='ocrx_word' id='word_1_378' title='bbox 459 3095 741 3152; x_wconf 81' lang='grc' dir='ltr'>διπλάσιον</span> <span class='ocrx_word' id='word_1_379' title='bbox 770 3097 929 3164; x_wconf 87' lang='grc' dir='ltr'>λόγον</span> <span class='ocrx_word' id='word_1_380' title='bbox 957 3094 1071 3168; x_wconf 70' lang='grc' dir='ltr'>ἔχει</span> <span class='ocrx_word' id='word_1_381' title='bbox 1105 3095 1228 3151; x_wconf 80' lang='grc' dir='ltr'>καθ’</span> <span class='ocrx_word' id='word_1_382' title='bbox 1250 3097 1510 3151; x_wconf 75' lang='grc' dir='ltr'>ὑπόθεσιν</span> <span class='ocrx_word' id='word_1_383' title='bbox 1536 3096 1674 3169; x_wconf 83' lang='grc' dir='ltr'>πρὸς</span> <span class='ocrx_word' id='word_1_384' title='bbox 1698 3095 1769 3151; x_wconf 80' lang='grc' dir='ltr'>τὰ</span> 
     </span>
    </p>
   </div>
   <div class='ocr_carea' id='block_1_50' title="bbox 1868 1906 3440 1981">
    <p class='ocr_par' dir='ltr' id='par_1_50' title="bbox 1868 1906 3440 1981">
     <span class='ocr_line' id='line_1_50' title="bbox 1868 1906 3440 1981; baseline -0.001 -18"><span class='ocrx_word' id='word_1_385' title='bbox 1868 1908 1943 1963; x_wconf 89' lang='lat' dir='ltr'><strong>ita</strong></span> <span class='ocrx_word' id='word_1_386' title='bbox 1970 1917 2358 1977; x_wconf 86' lang='lat' dir='ltr'><strong>nuncupantur</strong></span> <span class='ocrx_word' id='word_1_387' title='bbox 2379 1932 2392 1964; x_wconf 83' lang='grc'>;</span> <span class='ocrx_word' id='word_1_388' title='bbox 2411 1907 2711 1971; x_wconf 83' lang='grc' dir='ltr'>διπλάσιος,</span> <span class='ocrx_word' id='word_1_389' title='bbox 2732 1907 2996 1977; x_wconf 84' lang='grc' dir='ltr'>ἡμιόλιος,</span> <span class='ocrx_word' id='word_1_390' title='bbox 3020 1906 3117 1961; x_wconf 77' lang='grc' dir='ltr'>καὶ</span> <span class='ocrx_word' id='word_1_391' title='bbox 3144 1907 3440 1981; x_wconf 74' lang='grc' dir='ltr'>ἐπίτριτος,</span> 
     </span>
    </p>
   </div>
   <div class='ocr_carea' id='block_1_51' title="bbox 1867 1997 3446 2069">
    <p class='ocr_par' dir='ltr' id='par_1_51' title="bbox 1867 1997 3446 2069">
     <span class='ocr_line' id='line_1_51' title="bbox 1867 1997 3446 2069; baseline -0.001 -16"><span class='ocrx_word' id='word_1_392' title='bbox 1867 1998 1974 2054; x_wconf 89' lang='lat' dir='ltr'><strong>hoc</strong></span> <span class='ocrx_word' id='word_1_393' title='bbox 1998 2008 2102 2061; x_wconf 86' lang='lat' dir='ltr'><strong>est,</strong></span> <span class='ocrx_word' id='word_1_394' title='bbox 2130 1998 2317 2068; x_wconf 81' lang='lat' dir='ltr'><strong>dupla,</strong></span> <span class='ocrx_word' id='word_1_395' title='bbox 2344 1997 2725 2069; x_wconf 76' lang='lat' dir='ltr'><strong>sexquialtera,</strong></span> <span class='ocrx_word' id='word_1_396' title='bbox 2754 2007 2810 2052; x_wconf 91' lang='lat' dir='ltr'><strong>et</strong></span> <span class='ocrx_word' id='word_1_397' title='bbox 2834 1997 3204 2068; x_wconf 76' lang='lat' dir='ltr'><strong>sexquitertia,</strong></span> <span class='ocrx_word' id='word_1_398' title='bbox 3228 1998 3296 2054; x_wconf 91' lang='lat' dir='ltr'><strong>de</strong></span> <span class='ocrx_word' id='word_1_399' title='bbox 3318 1999 3446 2069; x_wconf 83' lang='lat' dir='ltr'><strong>qui-</strong></span> 
     </span>
    </p>
   </div>
   <div class='ocr_carea' id='block_1_52' title="bbox 1868 2086 3447 2159">
    <p class='ocr_par' dir='ltr' id='par_1_52' title="bbox 1868 2086 3447 2159">
     <span class='ocr_line' id='line_1_52' title="bbox 1868 2086 3447 2159; baseline 0 -15"><span class='ocrx_word' id='word_1_400' title='bbox 1868 2090 1972 2145; x_wconf 89' lang='lat' dir='ltr'><strong>bus</strong></span> <span class='ocrx_word' id='word_1_401' title='bbox 2006 2089 2109 2145; x_wconf 88' lang='lat' dir='ltr'><strong>sub</strong></span> <span class='ocrx_word' id='word_1_402' title='bbox 2141 2088 2380 2143; x_wconf 80' lang='lat' dir='ltr'><strong>formula</strong></span> <span class='ocrx_word' id='word_1_403' title='bbox 2403 2088 2641 2159; x_wconf 89' lang='lat' dir='ltr'><strong>quadam</strong></span> <span class='ocrx_word' id='word_1_404' title='bbox 2665 2086 3051 2159; x_wconf 77' lang='lat' dir='ltr'><strong>explicandum</strong></span> <span class='ocrx_word' id='word_1_405' title='bbox 3085 2095 3169 2143; x_wconf 91' lang='lat' dir='ltr'><strong>est</strong></span> <span class='ocrx_word' id='word_1_406' title='bbox 3193 2087 3329 2156; x_wconf 70' lang='lat' dir='ltr'><strong>,°uti</strong></span> <span class='ocrx_word' id='word_1_407' title='bbox 3375 2088 3447 2144; x_wconf 87' lang='lat' dir='ltr'><strong>ab</strong></span> 
     </span>
    </p>
   </div>
   <div class='ocr_carea' id='block_1_53' title="bbox 1866 2176 3446 2250">
    <p class='ocr_par' dir='ltr' id='par_1_53' title="bbox 1866 2176 3446 2250">
     <span class='ocr_line' id='line_1_53' title="bbox 1866 2176 3446 2250; baseline -0.001 -14"><span class='ocrx_word' id='word_1_408' title='bbox 1866 2194 2058 2236; x_wconf 90' lang='lat' dir='ltr'><strong>eorum</strong></span> <span class='ocrx_word' id='word_1_409' title='bbox 2087 2178 2295 2250; x_wconf 82' lang='lat' dir='ltr'><strong>ignaris</strong></span> <span class='ocrx_word' id='word_1_410' title='bbox 2322 2178 2653 2249; x_wconf 86' lang='lat' dir='ltr'><strong>deprehendi</strong></span> <span class='ocrx_word' id='word_1_411' title='bbox 2697 2177 2857 2233; x_wconf 83' lang='lat' dir='ltr'><strong>facile</strong></span> <span class='ocrx_word' id='word_1_412' title='bbox 2895 2188 3117 2250; x_wconf 87' lang='lat' dir='ltr'><strong>queant.</strong></span> <span class='ocrx_word' id='word_1_413' title='bbox 3170 2176 3446 2249; x_wconf 85' lang='lat' dir='ltr'><strong>Diplasius</strong></span> 
     </span>
    </p>
   </div>
   <div class='ocr_carea' id='block_1_54' title="bbox 1868 2268 3449 2341">
    <p class='ocr_par' dir='ltr' id='par_1_54' title="bbox 1868 2268 3449 2341">
     <span class='ocr_line' id='line_1_54' title="bbox 1868 2268 3449 2341; baseline 0.001 -17"><span class='ocrx_word' id='word_1_414' title='bbox 1868 2271 2052 2340; x_wconf 88' lang='lat' dir='ltr'><strong>itaque</strong></span> <span class='ocrx_word' id='word_1_415' title='bbox 2083 2286 2347 2326; x_wconf 81' lang='lat' dir='ltr'><strong>numerus</strong></span> <span class='ocrx_word' id='word_1_416' title='bbox 2371 2269 2418 2325; x_wconf 91' lang='lat' dir='ltr'><strong>is</strong></span> <span class='ocrx_word' id='word_1_417' title='bbox 2449 2270 2661 2340; x_wconf 91' lang='lat' dir='ltr'><strong>est,qui</strong></span> <span class='ocrx_word' id='word_1_418' title='bbox 2696 2278 3073 2341; x_wconf 85' lang='lat' dir='ltr'><strong>comparatum</strong></span> <span class='ocrx_word' id='word_1_419' title='bbox 3104 2268 3161 2324; x_wconf 93' lang='lat' dir='ltr'><strong>in</strong></span> <span class='ocrx_word' id='word_1_420' title='bbox 3181 2284 3240 2325; x_wconf 90' lang='lat' dir='ltr'><strong>se</strong></span> <span class='ocrx_word' id='word_1_421' title='bbox 3274 2269 3449 2341; x_wconf 87' lang='lat' dir='ltr'><strong>pluri-</strong></span> 
     </span>
    </p>
   </div>
   <div class='ocr_carea' id='block_1_55' title="bbox 1868 2358 3448 2424">
    <p class='ocr_par' dir='ltr' id='par_1_55' title="bbox 1868 2358 3448 2424">
     <span class='ocr_line' id='line_1_55' title="bbox 1868 2358 3448 2424; baseline 0 -9"><span class='ocrx_word' id='word_1_422' title='bbox 1868 2360 2062 2416; x_wconf 86' lang='lat' dir='ltr'><strong>fariam</strong></span> <span class='ocrx_word' id='word_1_423' title='bbox 2115 2363 2200 2416; x_wconf 84' lang='lat' dir='ltr'><strong>vel</strong></span> <span class='ocrx_word' id='word_1_424' title='bbox 2254 2361 2424 2418; x_wconf 87' lang='lat' dir='ltr'><strong>semel</strong></span> <span class='ocrx_word' id='word_1_425' title='bbox 2465 2375 2756 2417; x_wconf 85' lang='lat' dir='ltr'><strong>numerum</strong></span> <span class='ocrx_word' id='word_1_426' title='bbox 2804 2358 3075 2424; x_wconf 89' lang='lat' dir='ltr'><strong>continet,</strong></span> <span class='ocrx_word' id='word_1_427' title='bbox 3102 2372 3163 2415; x_wconf 89' lang='lat' dir='ltr'><strong>ut</strong></span> <span class='ocrx_word' id='word_1_428' title='bbox 3214 2370 3339 2417; x_wconf 85' lang='lat' dir='ltr'><strong>octo</strong></span> <span class='ocrx_word' id='word_1_429' title='bbox 3378 2362 3448 2416; x_wconf 89' lang='lat' dir='ltr'><strong>ad</strong></span> 
     </span>
    </p>
   </div>
   <div class='ocr_carea' id='block_1_56' title="bbox 1870 2451 3450 2524">
    <p class='ocr_par' dir='ltr' id='par_1_56' title="bbox 1870 2451 3450 2524">
     <span class='ocr_line' id='line_1_56' title="bbox 1870 2451 3450 2524; baseline 0 -15"><span class='ocrx_word' id='word_1_430' title='bbox 1870 2465 2131 2523; x_wconf 80' lang='lat' dir='ltr'><strong>quatuOr,</strong></span> <span class='ocrx_word' id='word_1_431' title='bbox 2164 2470 2286 2509; x_wconf 88' lang='lat' dir='ltr'><strong>nam</strong></span> <span class='ocrx_word' id='word_1_432' title='bbox 2311 2469 2377 2509; x_wconf 79' lang='lat' dir='ltr'><strong>ex</strong></span> <span class='ocrx_word' id='word_1_433' title='bbox 2396 2454 2480 2508; x_wconf 88' lang='lat' dir='ltr'><strong>bis</strong></span> <span class='ocrx_word' id='word_1_434' title='bbox 2494 2462 2733 2524; x_wconf 86' lang='lat' dir='ltr'><strong>quatuor</strong></span> <span class='ocrx_word' id='word_1_435' title='bbox 2756 2462 2882 2507; x_wconf 87' lang='lat' dir='ltr'><strong>octo</strong></span> <span class='ocrx_word' id='word_1_436' title='bbox 2908 2452 3195 2507; x_wconf 87' lang='lat' dir='ltr'><strong>resultant.</strong></span> <span class='ocrx_word' id='word_1_437' title='bbox 3225 2451 3450 2510; x_wconf 70' lang='lat' dir='ltr'><strong>Hemio~</strong></span> 
     </span>
    </p>
   </div>
   <div class='ocr_carea' id='block_1_57' title="bbox 1869 2545 3448 2619">
    <p class='ocr_par' dir='ltr' id='par_1_57' title="bbox 1869 2545 3448 2619">
     <span class='ocr_line' id='line_1_57' title="bbox 1869 2545 3448 2619; baseline 0 -17"><span class='ocrx_word' id='word_1_438' title='bbox 1869 2547 1977 2603; x_wconf 91' lang='lat' dir='ltr'><strong>lius</strong></span> <span class='ocrx_word' id='word_1_439' title='bbox 1999 2561 2128 2604; x_wconf 86' lang='lat' dir='ltr'><strong>vero</strong></span> <span class='ocrx_word' id='word_1_440' title='bbox 2158 2557 2263 2615; x_wconf 89' lang='lat' dir='ltr'><strong>est,</strong></span> <span class='ocrx_word' id='word_1_441' title='bbox 2302 2548 2397 2619; x_wconf 92' lang='lat' dir='ltr'><strong>qui</strong></span> <span class='ocrx_word' id='word_1_442' title='bbox 2432 2548 2703 2618; x_wconf 89' lang='lat' dir='ltr'><strong>integrum</strong></span> <span class='ocrx_word' id='word_1_443' title='bbox 2742 2545 2796 2601; x_wconf 91' lang='lat' dir='ltr'><strong>in</strong></span> <span class='ocrx_word' id='word_1_444' title='bbox 2841 2560 2900 2601; x_wconf 88' lang='lat' dir='ltr'><strong>se</strong></span> <span class='ocrx_word' id='word_1_445' title='bbox 2929 2555 3303 2617; x_wconf 85' lang='lat' dir='ltr'><strong>comparatum</strong></span> <span class='ocrx_word' id='word_1_446' title='bbox 3341 2563 3448 2602; x_wconf 75' lang='lat' dir='ltr'><strong>nu-</strong></span> 
     </span>
    </p>
   </div>
   <div class='ocr_carea' id='block_1_58' title="bbox 1869 2633 3446 2710">
    <p class='ocr_par' dir='ltr' id='par_1_58' title="bbox 1869 2633 3446 2710">
     <span class='ocr_line' id='line_1_58' title="bbox 1869 2633 3446 2710; baseline 0 -14"><span class='ocrx_word' id='word_1_447' title='bbox 1869 2654 2081 2696; x_wconf 87' lang='lat' dir='ltr'><strong>merum</strong></span> <span class='ocrx_word' id='word_1_448' title='bbox 2143 2656 2267 2696; x_wconf 89' lang='lat' dir='ltr'><strong>cum</strong></span> <span class='ocrx_word' id='word_1_449' title='bbox 2321 2639 2549 2695; x_wconf 88' lang='lat' dir='ltr'><strong>dimidio</strong></span> <span class='ocrx_word' id='word_1_450' title='bbox 2592 2633 2790 2706; x_wconf 88' lang='lat' dir='ltr'><strong>habet,</strong></span> <span class='ocrx_word' id='word_1_451' title='bbox 2829 2647 2891 2694; x_wconf 90' lang='lat' dir='ltr'><strong>ut</strong></span> <span class='ocrx_word' id='word_1_452' title='bbox 2928 2654 3023 2694; x_wconf 77' lang='lat' dir='ltr'><strong>sex</strong></span> <span class='ocrx_word' id='word_1_453' title='bbox 3062 2638 3132 2695; x_wconf 89' lang='lat' dir='ltr'><strong>ad</strong></span> <span class='ocrx_word' id='word_1_454' title='bbox 3188 2650 3446 2710; x_wconf 86' lang='lat' dir='ltr'><strong>quatuor,</strong></span> 
     </span>
    </p>
   </div>
   <div class='ocr_carea' id='block_1_59' title="bbox 1870 2728 3447 2800">
    <p class='ocr_par' dir='ltr' id='par_1_59' title="bbox 1870 2728 3447 2800">
     <span class='ocr_line' id='line_1_59' title="bbox 1870 2728 3447 2800; baseline 0.002 -16"><span class='ocrx_word' id='word_1_455' title='bbox 1870 2744 1997 2784; x_wconf 87' lang='lat' dir='ltr'><strong>nam</strong></span> <span class='ocrx_word' id='word_1_456' title='bbox 2035 2728 2275 2799; x_wconf 83' lang='lat' dir='ltr'><strong>perfecte</strong></span> <span class='ocrx_word' id='word_1_457' title='bbox 2302 2729 2358 2783; x_wconf 87' lang='lat' dir='ltr'><strong>in</strong></span> <span class='ocrx_word' id='word_1_458' title='bbox 2395 2730 2515 2800; x_wconf 92' lang='lat' dir='ltr'><strong>ipso</strong></span> <span class='ocrx_word' id='word_1_459' title='bbox 2543 2736 2781 2800; x_wconf 89' lang='lat' dir='ltr'><strong>quatuor</strong></span> <span class='ocrx_word' id='word_1_460' title='bbox 2813 2743 3115 2800; x_wconf 89' lang='lat' dir='ltr'><strong>eorumque</strong></span> <span class='ocrx_word' id='word_1_461' title='bbox 3160 2729 3447 2788; x_wconf 90' lang='lat' dir='ltr'><strong>dimidium</strong></span> 
     </span>
    </p>
   </div>
   <div class='ocr_carea' id='block_1_60' title="bbox 1867 2817 3447 2892">
    <p class='ocr_par' dir='ltr' id='par_1_60' title="bbox 1867 2817 3447 2892">
     <span class='ocr_line' id='line_1_60' title="bbox 1867 2817 3447 2892; baseline 0.003 -20"><span class='ocrx_word' id='word_1_462' title='bbox 1867 2819 2141 2874; x_wconf 82' lang='lat' dir='ltr'><strong>visuntur.</strong></span> <span class='ocrx_word' id='word_1_463' title='bbox 2177 2817 2445 2890; x_wconf 83' lang='lat' dir='ltr'><strong>Epitritus</strong></span> <span class='ocrx_word' id='word_1_464' title='bbox 2480 2829 2661 2875; x_wconf 86' lang='lat' dir='ltr'><strong>autem</strong></span> <span class='ocrx_word' id='word_1_465' title='bbox 2691 2829 2806 2887; x_wconf 89' lang='lat' dir='ltr'><strong>est,</strong></span> <span class='ocrx_word' id='word_1_466' title='bbox 2856 2820 2949 2890; x_wconf 90' lang='lat' dir='ltr'><strong>qui</strong></span> <span class='ocrx_word' id='word_1_467' title='bbox 2987 2836 3112 2876; x_wconf 90' lang='lat' dir='ltr'><strong>cum</strong></span> <span class='ocrx_word' id='word_1_468' title='bbox 3158 2836 3447 2892; x_wconf 88' lang='lat' dir='ltr'><strong>compara-</strong></span> 
     </span>
    </p>
   </div>
   <div class='ocr_carea' id='block_1_61' title="bbox 1869 2910 3447 2983">
    <p class='ocr_par' dir='ltr' id='par_1_61' title="bbox 1869 2910 3447 2983">
     <span class='ocr_line' id='line_1_61' title="bbox 1869 2910 3447 2983; baseline 0.001 -18"><span class='ocrx_word' id='word_1_469' title='bbox 1869 2920 1984 2965; x_wconf 89' lang='lat' dir='ltr'><strong>tum</strong></span> <span class='ocrx_word' id='word_1_470' title='bbox 2016 2910 2068 2963; x_wconf 92' lang='lat' dir='ltr'><strong>in</strong></span> <span class='ocrx_word' id='word_1_471' title='bbox 2095 2926 2155 2964; x_wconf 91' lang='lat' dir='ltr'><strong>se</strong></span> <span class='ocrx_word' id='word_1_472' title='bbox 2188 2926 2478 2966; x_wconf 63' lang='lat' dir='ltr'><strong>numerum</strong></span> <span class='ocrx_word' id='word_1_473' title='bbox 2504 2910 2744 2966; x_wconf 81' lang='lat' dir='ltr'><strong>obtineat</strong></span> <span class='ocrx_word' id='word_1_474' title='bbox 2770 2950 2788 2979; x_wconf 88' lang='lat'><strong>,</strong></span> <span class='ocrx_word' id='word_1_475' title='bbox 2818 2910 3046 2982; x_wconf 77' lang='lat' dir='ltr'><strong>ejusque</strong></span> <span class='ocrx_word' id='word_1_476' title='bbox 3077 2912 3292 2967; x_wconf 87' lang='lat' dir='ltr'><strong>tertiam</strong></span> <span class='ocrx_word' id='word_1_477' title='bbox 3320 2928 3447 2983; x_wconf 82' lang='lat' dir='ltr'><strong>por-</strong></span> 
     </span>
    </p>
   </div>
   <div class='ocr_carea' id='block_1_62' title="bbox 1870 3001 3448 3074">
    <p class='ocr_par' dir='ltr' id='par_1_62' title="bbox 1870 3001 3448 3074">
     <span class='ocr_line' id='line_1_62' title="bbox 1870 3001 3448 3074; baseline 0.001 -17"><span class='ocrx_word' id='word_1_478' title='bbox 1870 3002 2073 3057; x_wconf 76' lang='lat' dir='ltr'><strong>tionem</strong></span> <span class='ocrx_word' id='word_1_479' title='bbox 2105 3001 2291 3067; x_wconf 89' lang='lat' dir='ltr'><strong>habet,</strong></span> <span class='ocrx_word' id='word_1_480' title='bbox 2331 3011 2391 3057; x_wconf 92' lang='lat' dir='ltr'><strong>ut</strong></span> <span class='ocrx_word' id='word_1_481' title='bbox 2418 3015 2658 3074; x_wconf 88' lang='lat' dir='ltr'><strong>quatuor</strong></span> <span class='ocrx_word' id='word_1_482' title='bbox 2690 3003 2756 3058; x_wconf 89' lang='lat' dir='ltr'><strong>ad</strong></span> <span class='ocrx_word' id='word_1_483' title='bbox 2794 3003 2935 3069; x_wconf 83' lang='lat' dir='ltr'><strong>tria;</strong></span> <span class='ocrx_word' id='word_1_484' title='bbox 2970 3018 3095 3057; x_wconf 88' lang='lat' dir='ltr'><strong>nam</strong></span> <span class='ocrx_word' id='word_1_485' title='bbox 3127 3018 3252 3057; x_wconf 92' lang='lat' dir='ltr'><strong>cum</strong></span> <span class='ocrx_word' id='word_1_486' title='bbox 3305 3003 3448 3059; x_wconf 88' lang='lat' dir='ltr'><strong>inte-</strong></span> 
     </span>
    </p>
   </div>
   <div class='ocr_carea' id='block_1_63' title="bbox 1872 3094 3448 3167">
    <p class='ocr_par' dir='ltr' id='par_1_63' title="bbox 1872 3094 3448 3167">
     <span class='ocr_line' id='line_1_63' title="bbox 1872 3094 3448 3167; baseline 0.001 -19"><span class='ocrx_word' id='word_1_487' title='bbox 1872 3110 2030 3165; x_wconf 89' lang='lat' dir='ltr'><strong>grum</strong></span> <span class='ocrx_word' id='word_1_488' title='bbox 2085 3094 2377 3149; x_wconf 86' lang='lat' dir='ltr'><strong>ternarium</strong></span> <span class='ocrx_word' id='word_1_489' title='bbox 2428 3094 2742 3165; x_wconf 89' lang='lat' dir='ltr'><strong>possideat,</strong></span> <span class='ocrx_word' id='word_1_490' title='bbox 2782 3105 2836 3149; x_wconf 87' lang='lat' dir='ltr'><strong>et</strong></span> <span class='ocrx_word' id='word_1_491' title='bbox 2877 3094 2999 3165; x_wconf 88' lang='lat' dir='ltr'><strong>ejus</strong></span> <span class='ocrx_word' id='word_1_492' title='bbox 3036 3094 3190 3150; x_wconf 82' lang='lat' dir='ltr'><strong>tertia</strong></span> <span class='ocrx_word' id='word_1_493' title='bbox 3225 3110 3352 3167; x_wconf 92' lang='lat' dir='ltr'><strong>pars</strong></span> <span class='ocrx_word' id='word_1_494' title='bbox 3392 3096 3448 3151; x_wconf 90' lang='lat' dir='ltr'><strong>in</strong></span> 
     </span>
    </p>
   </div>
   <div class='ocr_carea' id='block_1_64' title="bbox 179 3184 1764 3261">
    <p class='ocr_par' dir='ltr' id='par_1_64' title="bbox 179 3185 1764 3261">
     <span class='ocr_line' id='line_1_64' title="bbox 179 3185 1764 3261; baseline 0.003 -22"><span class='ocrx_word' id='word_1_495' title='bbox 179 3185 369 3241; x_wconf 75' lang='grc' dir='ltr'>λοιπά.</span> <span class='ocrx_word' id='word_1_496' title='bbox 399 3187 472 3240; x_wconf 82' lang='grc' dir='ltr'><strong>Τὸ</strong></span> <span class='ocrx_word' id='word_1_497' title='bbox 488 3186 544 3242; x_wconf 81' lang='grc' dir='ltr'><strong>δὲ</strong></span> <span class='ocrx_word' id='word_1_498' title='bbox 574 3186 794 3257; x_wconf 79' lang='grc' dir='ltr'><strong>φλέγμα</strong></span> <span class='ocrx_word' id='word_1_499' title='bbox 817 3188 1068 3259; x_wconf 77' lang='grc' dir='ltr'>ἡμιόλιον</span> <span class='ocrx_word' id='word_1_500' title='bbox 1089 3206 1101 3218; x_wconf 90' lang='grc'><strong>·</strong></span> <span class='ocrx_word' id='word_1_501' title='bbox 1137 3189 1250 3261; x_wconf 75' lang='grc' dir='ltr'>ἡδὲ</span> <span class='ocrx_word' id='word_1_502' title='bbox 1274 3188 1444 3260; x_wconf 80' lang='grc' dir='ltr'>ξανθὴ</span> <span class='ocrx_word' id='word_1_503' title='bbox 1473 3189 1606 3261; x_wconf 84' lang='grc' dir='ltr'>χολὴ</span> <span class='ocrx_word' id='word_1_504' title='bbox 1641 3190 1764 3243; x_wconf 81' lang='grc' dir='ltr'>ὲπί-</span> 
     </span>
    </p>
   </div>
   <div class='ocr_carea' id='block_1_65' title="bbox 1871 3184 3450 3261">
    <p class='ocr_par' dir='ltr' id='par_1_65' title="bbox 1871 3184 3450 3260">
     <span class='ocr_line' id='line_1_65' title="bbox 1871 3184 3450 3260; baseline 0.001 -17"><span class='ocrx_word' id='word_1_505' title='bbox 1871 3202 1935 3243; x_wconf 88' lang='lat' dir='ltr'><strong>eo</strong></span> <span class='ocrx_word' id='word_1_506' title='bbox 1967 3202 2088 3258; x_wconf 84' lang='lat' dir='ltr'><strong>quae</strong></span> <span class='ocrx_word' id='word_1_507' title='bbox 2121 3187 2303 3244; x_wconf 89' lang='lat' dir='ltr'><strong>unitas</strong></span> <span class='ocrx_word' id='word_1_508' title='bbox 2330 3195 2413 3244; x_wconf 90' lang='lat' dir='ltr'><strong>est</strong></span> <span class='ocrx_word' id='word_1_509' title='bbox 2455 3186 2781 3243; x_wconf 87' lang='lat' dir='ltr'><strong>ostenditur.</strong></span> <span class='ocrx_word' id='word_1_510' title='bbox 2823 3184 2960 3242; x_wconf 89' lang='lat' dir='ltr'><strong>Cum</strong></span> <span class='ocrx_word' id='word_1_511' title='bbox 3015 3186 3180 3257; x_wconf 79' lang='lat' dir='ltr'><strong>igitur</strong></span> <span class='ocrx_word' id='word_1_512' title='bbox 3227 3188 3450 3260; x_wconf 77' lang='lat' dir='ltr'><strong>sanguis</strong></span> 
     </span>
    </p>
   </div>
   <div class='ocr_carea' id='block_1_66' title="bbox 179 3277 1765 3353">
    <p class='ocr_par' dir='ltr' id='par_1_66' title="bbox 179 3277 1765 3353">
     <span class='ocr_line' id='line_1_66' title="bbox 179 3277 1765 3353; baseline 0.001 -21"><span class='ocrx_word' id='word_1_513' title='bbox 179 3294 391 3349; x_wconf 83' lang='grc' dir='ltr'>τριτον.</span> <span class='ocrx_word' id='word_1_514' title='bbox 452 3277 520 3333; x_wconf 81' lang='grc' dir='ltr'><strong><em>Ἦ</em></strong></span> <span class='ocrx_word' id='word_1_515' title='bbox 561 3278 621 3333; x_wconf 81' lang='grc' dir='ltr'><strong>δὲ</strong></span> <span class='ocrx_word' id='word_1_516' title='bbox 672 3280 901 3350; x_wconf 80' lang='grc' dir='ltr'>μέλαινα</span> <span class='ocrx_word' id='word_1_517' title='bbox 945 3280 1100 3351; x_wconf 81' lang='grc' dir='ltr'>χολὴ,</span> <span class='ocrx_word' id='word_1_518' title='bbox 1161 3280 1420 3353; x_wconf 75' lang='grc' dir='ltr'><strong>ἐλαχίστη</strong></span> <span class='ocrx_word' id='word_1_519' title='bbox 1484 3281 1765 3344; x_wconf 80' lang='grc' dir='ltr'>παντελῶς</span> 
     </span>
    </p>
   </div>
   <div class='ocr_carea' id='block_1_67' title="bbox 183 3370 1765 3443">
    <p class='ocr_par' dir='ltr' id='par_1_67' title="bbox 183 3370 1765 3443">
     <span class='ocr_line' id='line_1_67' title="bbox 183 3370 1765 3443; baseline 0.001 -19"><span class='ocrx_word' id='word_1_520' title='bbox 183 3372 358 3426; x_wconf 64' lang='grc' dir='ltr'>ἔστιν.</span> <span class='ocrx_word' id='word_1_521' title='bbox 416 3371 619 3441; x_wconf 75' lang='grc' dir='ltr'>Ἐχρῆν</span> <span class='ocrx_word' id='word_1_522' title='bbox 668 3372 778 3442; x_wconf 80' lang='grc' dir='ltr'>γὰρ</span> <span class='ocrx_word' id='word_1_523' title='bbox 811 3370 1007 3435; x_wconf 72' lang='grc' dir='ltr'>οὕτως.</span> <span class='ocrx_word' id='word_1_524' title='bbox 1045 3371 1326 3443; x_wconf 79' lang='grc' dir='ltr'>Φθαρτικὴ</span> <span class='ocrx_word' id='word_1_525' title='bbox 1369 3375 1480 3443; x_wconf 85' lang='grc' dir='ltr'>γάρ</span> <span class='ocrx_word' id='word_1_526' title='bbox 1530 3374 1646 3427; x_wconf 75' lang='grc' dir='ltr'>ἐστι</span> <span class='ocrx_word' id='word_1_527' title='bbox 1670 3372 1765 3427; x_wconf 84' lang='grc' dir='ltr'>τοῦ</span> 
     </span>
    </p>
   </div>
   <div class='ocr_carea' id='block_1_68' title="bbox 183 3460 1766 3535">
    <p class='ocr_par' dir='ltr' id='par_1_68' title="bbox 183 3460 1766 3535">
     <span class='ocr_line' id='line_1_68' title="bbox 183 3460 1766 3535; baseline 0.001 -19"><span class='ocrx_word' id='word_1_528' title='bbox 183 3460 334 3528; x_wconf 77' lang='grc' dir='ltr'>ζώου</span> <span class='ocrx_word' id='word_1_529' title='bbox 364 3463 459 3518; x_wconf 74' lang='grc' dir='ltr'>καὶ</span> <span class='ocrx_word' id='word_1_530' title='bbox 488 3464 558 3517; x_wconf 81' lang='grc' dir='ltr'>τὰ</span> <span class='ocrx_word' id='word_1_531' title='bbox 612 3463 866 3534; x_wconf 77' lang='grc' dir='ltr'>χείριστα</span> <span class='ocrx_word' id='word_1_532' title='bbox 897 3464 1008 3517; x_wconf 84' lang='grc' dir='ltr'>τῶν</span> <span class='ocrx_word' id='word_1_533' title='bbox 1052 3468 1381 3534; x_wconf 78' lang='grc' dir='ltr'>νοσημάτων</span> <span class='ocrx_word' id='word_1_534' title='bbox 1441 3467 1508 3518; x_wconf 68' lang='grc' dir='ltr'>ἐκ</span> <span class='ocrx_word' id='word_1_535' title='bbox 1560 3464 1766 3535; x_wconf 81' lang='grc' dir='ltr'><strong>ταύτης</strong></span> 
     </span>
    </p>
   </div>
   <div class='ocr_carea' id='block_1_69' title="bbox 183 3554 1766 3630">
    <p class='ocr_par' dir='ltr' id='par_1_69' title="bbox 183 3554 1766 3630">
     <span class='ocr_line' id='line_1_69' title="bbox 183 3554 1766 3630; baseline 0.003 -22"><span class='ocrx_word' id='word_1_536' title='bbox 183 3554 407 3623; x_wconf 73' lang='grc' dir='ltr'>φύεται.</span> <span class='ocrx_word' id='word_1_537' title='bbox 439 3555 892 3628; x_wconf 85' lang='grc' dir='ltr'>Πλημμυρούσης</span> <span class='ocrx_word' id='word_1_538' title='bbox 934 3555 1046 3628; x_wconf 84' lang='grc' dir='ltr'>γὰρ</span> <span class='ocrx_word' id='word_1_539' title='bbox 1080 3559 1138 3610; x_wconf 83' lang='grc' dir='ltr'>ὲν</span> <span class='ocrx_word' id='word_1_540' title='bbox 1164 3556 1242 3628; x_wconf 81' lang='grc' dir='ltr'><strong>τῷ</strong></span> <span class='ocrx_word' id='word_1_541' title='bbox 1296 3557 1509 3629; x_wconf 85' lang='grc' dir='ltr'>σώματι</span> <span class='ocrx_word' id='word_1_542' title='bbox 1533 3556 1610 3629; x_wconf 81' lang='grc' dir='ltr'>τῷ</span> <span class='ocrx_word' id='word_1_543' title='bbox 1628 3559 1766 3630; x_wconf 80' lang='grc' dir='ltr'>ἡμι-</span> 
     </span>
    </p>
   </div>
   <div class='ocr_carea' id='block_1_70' title="bbox 181 3646 1767 3721">
    <p class='ocr_par' dir='ltr' id='par_1_70' title="bbox 181 3646 1767 3721">
     <span class='ocr_line' id='line_1_70' title="bbox 181 3646 1767 3721; baseline 0.001 -22"><span class='ocrx_word' id='word_1_544' title='bbox 181 3646 334 3719; x_wconf 83' lang='grc' dir='ltr'>τέρῳ</span> <span class='ocrx_word' id='word_1_545' title='bbox 381 3647 795 3717; x_wconf 72' lang='grc' dir='ltr'>ὲλεςραντιὰσεις</span> <span class='ocrx_word' id='word_1_546' title='bbox 843 3648 938 3702; x_wconf 78' lang='grc' dir='ltr'>καὶ</span> <span class='ocrx_word' id='word_1_547' title='bbox 985 3646 1209 3719; x_wconf 81' lang='grc' dir='ltr'>λέπραι,</span> <span class='ocrx_word' id='word_1_548' title='bbox 1275 3649 1370 3703; x_wconf 79' lang='grc' dir='ltr'>καὶ</span> <span class='ocrx_word' id='word_1_549' title='bbox 1408 3648 1611 3721; x_wconf 77' lang='grc' dir='ltr'>ψῶραι,</span> <span class='ocrx_word' id='word_1_550' title='bbox 1672 3648 1767 3701; x_wconf 82' lang='grc' dir='ltr'>καὶ</span> 
     </span>
    </p>
   </div>
   <div class='ocr_carea' id='block_1_71' title="bbox 181 3738 1768 3812">
    <p class='ocr_par' dir='ltr' id='par_1_71' title="bbox 181 3738 1768 3812">
     <span class='ocr_line' id='line_1_71' title="bbox 181 3738 1768 3812; baseline -0.001 -19"><span class='ocrx_word' id='word_1_551' title='bbox 181 3738 370 3806; x_wconf 79' lang='grc' dir='ltr'>ἅλφοὶ,</span> <span class='ocrx_word' id='word_1_552' title='bbox 404 3740 501 3794; x_wconf 79' lang='grc' dir='ltr'>καὶ</span> <span class='ocrx_word' id='word_1_553' title='bbox 530 3740 768 3812; x_wconf 72' lang='grc' dir='ltr'>σκίρροι,</span> <span class='ocrx_word' id='word_1_554' title='bbox 813 3740 909 3793; x_wconf 83' lang='grc' dir='ltr'>καὶ</span> <span class='ocrx_word' id='word_1_555' title='bbox 939 3743 1193 3811; x_wconf 88' lang='grc' dir='ltr'>καρκῖνοι</span> <span class='ocrx_word' id='word_1_556' title='bbox 1223 3743 1320 3796; x_wconf 71' lang='grc' dir='ltr'>καὶ</span> <span class='ocrx_word' id='word_1_557' title='bbox 1369 3741 1525 3810; x_wconf 75' lang='grc' dir='ltr'>ὄγκοι</span> <span class='ocrx_word' id='word_1_558' title='bbox 1569 3757 1768 3812; x_wconf 82' lang='grc' dir='ltr'>καρκι-</span> 
     </span>
    </p>
   </div>
   <div class='ocr_carea' id='block_1_72' title="bbox 180 3831 671 3901">
    <p class='ocr_par' dir='ltr' id='par_1_72' title="bbox 180 3831 671 3901">
     <span class='ocr_line' id='line_1_72' title="bbox 180 3831 671 3901; baseline 0.008 -16"><span class='ocrx_word' id='word_1_559' title='bbox 180 3831 374 3896; x_wconf 74' lang='grc' dir='ltr'>νώδεις</span> <span class='ocrx_word' id='word_1_560' title='bbox 405 3832 671 3901; x_wconf 89' lang='grc' dir='ltr'>γίνονται.</span> 
     </span>
    </p>
   </div>
   <div class='ocr_carea' id='block_1_73' title="bbox 1870 3279 3449 3352">
    <p class='ocr_par' dir='ltr' id='par_1_73' title="bbox 1870 3279 3449 3352">
     <span class='ocr_line' id='line_1_73' title="bbox 1870 3279 3449 3352; baseline -0.001 -16"><span class='ocrx_word' id='word_1_561' title='bbox 1870 3281 2157 3338; x_wconf 87' lang='lat' dir='ltr'><strong>amieabile</strong></span> <span class='ocrx_word' id='word_1_562' title='bbox 2191 3281 2505 3352; x_wconf 86' lang='lat' dir='ltr'><strong>quoddam,</strong></span> <span class='ocrx_word' id='word_1_563' title='bbox 2549 3289 2604 3335; x_wconf 89' lang='lat' dir='ltr'><strong>ct</strong></span> <span class='ocrx_word' id='word_1_564' title='bbox 2641 3281 2787 3350; x_wconf 88' lang='lat' dir='ltr'><strong>quod</strong></span> <span class='ocrx_word' id='word_1_565' title='bbox 2835 3280 3011 3350; x_wconf 89' lang='lat' dir='ltr'><strong>ipsum</strong></span> <span class='ocrx_word' id='word_1_566' title='bbox 3067 3279 3269 3334; x_wconf 88' lang='lat' dir='ltr'><strong>animal</strong></span> <span class='ocrx_word' id='word_1_567' title='bbox 3318 3295 3449 3351; x_wconf 86' lang='lat' dir='ltr'><strong>pro-</strong></span> 
     </span>
    </p>
   </div>
   <div class='ocr_carea' id='block_1_74' title="bbox 1870 3371 3452 3443">
    <p class='ocr_par' dir='ltr' id='par_1_74' title="bbox 1870 3371 3452 3443">
     <span class='ocr_line' id='line_1_74' title="bbox 1870 3371 3452 3443; baseline -0.001 -15"><span class='ocrx_word' id='word_1_568' title='bbox 1870 3382 2042 3436; x_wconf 88' lang='lat' dir='ltr'><strong>creat,</strong></span> <span class='ocrx_word' id='word_1_569' title='bbox 2069 3374 2428 3443; x_wconf 78' lang='lat' dir='ltr'><strong>quaedamque</strong></span> <span class='ocrx_word' id='word_1_570' title='bbox 2474 3372 2770 3443; x_wconf 86' lang='lat' dir='ltr'><strong>peculiaris</strong></span> <span class='ocrx_word' id='word_1_571' title='bbox 2802 3381 3010 3426; x_wconf 65' lang='lat' dir='ltr'><strong>naturas</strong></span> <span class='ocrx_word' id='word_1_572' title='bbox 3043 3378 3242 3424; x_wconf 55' lang='lat' dir='ltr'><strong>nostra;</strong></span> <span class='ocrx_word' id='word_1_573' title='bbox 3271 3371 3452 3441; x_wconf 89' lang='lat' dir='ltr'><strong>portio</strong></span> 
     </span>
    </p>
   </div>
   <div class='ocr_carea' id='block_1_75' title="bbox 1869 3463 3454 3536">
    <p class='ocr_par' dir='ltr' id='par_1_75' title="bbox 1869 3463 3454 3536">
     <span class='ocr_line' id='line_1_75' title="bbox 1869 3463 3454 3536; baseline 0 -15"><span class='ocrx_word' id='word_1_574' title='bbox 1869 3467 1983 3530; x_wconf 89' lang='lat' dir='ltr'><strong>sit,</strong></span> <span class='ocrx_word' id='word_1_575' title='bbox 2033 3464 2269 3536; x_wconf 83' lang='lat' dir='ltr'><strong>diplasio</strong></span> <span class='ocrx_word' id='word_1_576' title='bbox 2324 3479 2556 3519; x_wconf 90' lang='lat' dir='ltr'><strong>numero</strong></span> <span class='ocrx_word' id='word_1_577' title='bbox 2589 3463 2656 3519; x_wconf 89' lang='lat' dir='ltr'><strong>ad</strong></span> <span class='ocrx_word' id='word_1_578' title='bbox 2703 3464 2948 3536; x_wconf 88' lang='lat' dir='ltr'><strong>reliqua,</strong></span> <span class='ocrx_word' id='word_1_579' title='bbox 2976 3477 3099 3535; x_wconf 68' lang='lat' dir='ltr'><strong>qua:</strong></span> <span class='ocrx_word' id='word_1_580' title='bbox 3138 3465 3191 3518; x_wconf 92' lang='lat' dir='ltr'><strong>in</strong></span> <span class='ocrx_word' id='word_1_581' title='bbox 3220 3478 3454 3536; x_wconf 89' lang='lat' dir='ltr'><strong>corpore</strong></span> 
     </span>
    </p>
   </div>
   <div class='ocr_carea' id='block_1_76' title="bbox 1871 3555 3454 3627">
    <p class='ocr_par' dir='ltr' id='par_1_76' title="bbox 1871 3555 3454 3627">
     <span class='ocr_line' id='line_1_76' title="bbox 1871 3555 3454 3627; baseline 0 -15"><span class='ocrx_word' id='word_1_582' title='bbox 1871 3569 2060 3613; x_wconf 88' lang='lat' dir='ltr'><strong>nostro</strong></span> <span class='ocrx_word' id='word_1_583' title='bbox 2105 3566 2256 3623; x_wconf 89' lang='lat' dir='ltr'><strong>sunt,</strong></span> <span class='ocrx_word' id='word_1_584' title='bbox 2292 3555 2699 3627; x_wconf 89' lang='lat' dir='ltr'><strong>quodammodo</strong></span> <span class='ocrx_word' id='word_1_585' title='bbox 2736 3557 3044 3627; x_wconf 87' lang='lat' dir='ltr'><strong>respondet.</strong></span> <span class='ocrx_word' id='word_1_586' title='bbox 3090 3557 3292 3613; x_wconf 82' lang='lat' dir='ltr'><strong>Pituita</strong></span> <span class='ocrx_word' id='word_1_587' title='bbox 3323 3571 3454 3613; x_wconf 85' lang='lat' dir='ltr'><strong>vero</strong></span> 
     </span>
    </p>
   </div>
   <div class='ocr_carea' id='block_1_77' title="bbox 1876 3648 3453 3722">
    <p class='ocr_par' dir='ltr' id='par_1_77' title="bbox 1876 3648 3453 3722">
     <span class='ocr_line' id='line_1_77' title="bbox 1876 3648 3453 3722; baseline 0 -19"><span class='ocrx_word' id='word_1_588' title='bbox 1876 3648 2132 3706; x_wconf 83' lang='lat' dir='ltr'><strong>Hemiolii</strong></span> <span class='ocrx_word' id='word_1_589' title='bbox 2170 3669 2182 3705; x_wconf 94' lang='lat'><strong>:</strong></span> <span class='ocrx_word' id='word_1_590' title='bbox 2219 3650 2358 3706; x_wconf 82' lang='lat' dir='ltr'><strong>ﬂava</strong></span> <span class='ocrx_word' id='word_1_591' title='bbox 2382 3660 2565 3705; x_wconf 73' lang='lat' dir='ltr'><strong>autem</strong></span> <span class='ocrx_word' id='word_1_592' title='bbox 2604 3650 2749 3716; x_wconf 90' lang='lat' dir='ltr'><strong>bilis,</strong></span> <span class='ocrx_word' id='word_1_593' title='bbox 2784 3650 3000 3722; x_wconf 88' lang='lat' dir='ltr'><strong>Epitriti</strong></span> <span class='ocrx_word' id='word_1_594' title='bbox 3033 3652 3297 3707; x_wconf 87' lang='lat' dir='ltr'><strong>rationem</strong></span> <span class='ocrx_word' id='word_1_595' title='bbox 3319 3663 3453 3705; x_wconf 88' lang='lat' dir='ltr'><strong>eon-</strong></span> 
     </span>
    </p>
   </div>
   <div class='ocr_carea' id='block_1_78' title="bbox 1877 3738 3450 3813">
    <p class='ocr_par' dir='ltr' id='par_1_78' title="bbox 1877 3738 3450 3813">
     <span class='ocr_line' id='line_1_78' title="bbox 1877 3738 3450 3813; baseline -0.001 -16"><span class='ocrx_word' id='word_1_596' title='bbox 1877 3742 2032 3798; x_wconf 90' lang='lat' dir='ltr'><strong>tinet.</strong></span> <span class='ocrx_word' id='word_1_597' title='bbox 2064 3742 2195 3797; x_wconf 83' lang='lat' dir='ltr'><strong>Atra</strong></span> <span class='ocrx_word' id='word_1_598' title='bbox 2228 3741 2446 3813; x_wconf 86' lang='lat' dir='ltr'><strong>quidem</strong></span> <span class='ocrx_word' id='word_1_599' title='bbox 2478 3738 2606 3798; x_wconf 88' lang='lat' dir='ltr'><strong>bilis</strong></span> <span class='ocrx_word' id='word_1_600' title='bbox 2658 3743 2885 3799; x_wconf 89' lang='lat' dir='ltr'><strong>omnino</strong></span> <span class='ocrx_word' id='word_1_601' title='bbox 2925 3742 3152 3799; x_wconf 86' lang='lat' dir='ltr'><strong>inferior</strong></span> <span class='ocrx_word' id='word_1_602' title='bbox 3192 3742 3450 3798; x_wconf 88' lang='lat' dir='ltr'><strong>habetur.</strong></span> 
     </span>
    </p>
   </div>
   <div class='ocr_carea' id='block_1_79' title="bbox 1877 3831 3452 3907">
    <p class='ocr_par' dir='ltr' id='par_1_79' title="bbox 1877 3831 3452 3907">
     <span class='ocr_line' id='line_1_79' title="bbox 1877 3831 3452 3907; baseline -0.001 -17"><span class='ocrx_word' id='word_1_603' title='bbox 1877 3833 2023 3896; x_wconf 79' lang='lat' dir='ltr'><strong>Sive.</strong></span> <span class='ocrx_word' id='word_1_604' title='bbox 2060 3843 2121 3890; x_wconf 92' lang='lat' dir='ltr'><strong>ut</strong></span> <span class='ocrx_word' id='word_1_605' title='bbox 2152 3834 2225 3889; x_wconf 91' lang='lat' dir='ltr'><strong>ita</strong></span> <span class='ocrx_word' id='word_1_606' title='bbox 2252 3834 2506 3901; x_wconf 75' lang='lat' dir='ltr'><strong>dixerim,</strong></span> <span class='ocrx_word' id='word_1_607' title='bbox 2534 3833 2650 3903; x_wconf 85' lang='lat' dir='ltr'><strong>ipsa</strong></span> <span class='ocrx_word' id='word_1_608' title='bbox 2679 3835 2824 3890; x_wconf 91' lang='lat' dir='ltr'><strong>enim</strong></span> <span class='ocrx_word' id='word_1_609' title='bbox 2850 3844 2955 3899; x_wconf 83' lang='lat' dir='ltr'><strong>est,</strong></span> <span class='ocrx_word' id='word_1_610' title='bbox 2984 3851 3105 3907; x_wconf 64' lang='lat' dir='ltr'><strong>quae</strong></span> <span class='ocrx_word' id='word_1_611' title='bbox 3128 3848 3252 3890; x_wconf 90' lang='lat' dir='ltr'><strong>cum</strong></span> <span class='ocrx_word' id='word_1_612' title='bbox 3277 3831 3452 3889; x_wconf 77' lang='lat' dir='ltr'><strong>malos</strong></span> 
     </span>
    </p>
   </div>
   <div class='ocr_carea' id='block_1_80' title="bbox 182 3924 3453 4002">
    <p class='ocr_par' dir='ltr' id='par_1_80' title="bbox 182 3924 3453 4002">
     <span class='ocr_line' id='line_1_80' title="bbox 182 3924 3453 4002; baseline 0 -18"><span class='ocrx_word' id='word_1_613' title='bbox 182 3924 411 3984; x_wconf 87' lang='lat' dir='ltr'><strong>morbos</strong></span> <span class='ocrx_word' id='word_1_614' title='bbox 444 3924 693 3991; x_wconf 87' lang='lat' dir='ltr'><strong>inducat,</strong></span> <span class='ocrx_word' id='word_1_615' title='bbox 720 3941 922 3997; x_wconf 89' lang='lat' dir='ltr'><strong>corpus</strong></span> <span class='ocrx_word' id='word_1_616' title='bbox 957 3936 1206 3982; x_wconf 75' lang='lat' dir='ltr'><strong>nostrum</strong></span> <span class='ocrx_word' id='word_1_617' title='bbox 1237 3926 1293 3981; x_wconf 93' lang='lat' dir='ltr'><strong>in</strong></span> <span class='ocrx_word' id='word_1_618' title='bbox 1344 3926 1645 3999; x_wconf 84' lang='lat' dir='ltr'><strong>perniciem</strong></span> <span class='ocrx_word' id='word_1_619' title='bbox 1701 3935 1915 3984; x_wconf 74' lang='lat' dir='ltr'><strong>vertere</strong></span> <span class='ocrx_word' id='word_1_620' title='bbox 1945 3927 2106 3985; x_wconf 89' lang='lat' dir='ltr'><strong>solet.</strong></span> <span class='ocrx_word' id='word_1_621' title='bbox 2144 3926 2279 3982; x_wconf 85' lang='lat' dir='ltr'><strong>Nam</strong></span> <span class='ocrx_word' id='word_1_622' title='bbox 2307 3968 2323 3993; x_wconf 91' lang='lat'><strong>,</strong></span> <span class='ocrx_word' id='word_1_623' title='bbox 2360 3928 2432 3983; x_wconf 93' lang='lat' dir='ltr'><strong>ob</strong></span> <span class='ocrx_word' id='word_1_624' title='bbox 2487 3927 2609 3999; x_wconf 88' lang='lat' dir='ltr'><strong>ejus</strong></span> <span class='ocrx_word' id='word_1_625' title='bbox 2673 3928 2727 3984; x_wconf 92' lang='lat' dir='ltr'><strong>in</strong></span> <span class='ocrx_word' id='word_1_626' title='bbox 2768 3944 3000 4002; x_wconf 90' lang='lat' dir='ltr'><strong>corpore</strong></span> <span class='ocrx_word' id='word_1_627' title='bbox 3034 3940 3224 3985; x_wconf 88' lang='lat' dir='ltr'><strong>nostro</strong></span> <span class='ocrx_word' id='word_1_628' title='bbox 3248 3928 3453 3985; x_wconf 77' lang='lat' dir='ltr'><strong>exube-</strong></span> 
     </span>
    </p>
   </div>
   <div class='ocr_carea' id='block_1_81' title="bbox 183 4016 3451 4091">
    <p class='ocr_par' dir='ltr' id='par_1_81' title="bbox 183 4016 3451 4091">
     <span class='ocr_line' id='line_1_81' title="bbox 183 4016 3451 4091; baseline -0.001 -14"><span class='ocrx_word' id='word_1_629' title='bbox 183 4019 449 4087; x_wconf 87' lang='lat' dir='ltr'><strong>rantiam,</strong></span> <span class='ocrx_word' id='word_1_630' title='bbox 485 4019 761 4081; x_wconf 85' lang='lat' dir='ltr'><strong>homines.</strong></span> <span class='ocrx_word' id='word_1_631' title='bbox 831 4017 1180 4088; x_wconf 55' lang='lat' dir='ltr'><strong>elephantis),</strong></span> <span class='ocrx_word' id='word_1_632' title='bbox 1233 4019 1425 4090; x_wconf 62' lang='lat' dir='ltr'><strong>lepra,</strong></span> <span class='ocrx_word' id='word_1_633' title='bbox 1486 4016 1719 4083; x_wconf 84' lang='lat' dir='ltr'><strong>scabiei,</strong></span> <span class='ocrx_word' id='word_1_634' title='bbox 1765 4017 2116 4091; x_wconf 86' lang='lat' dir='ltr'><strong>impetigini,</strong></span> <span class='ocrx_word' id='word_1_635' title='bbox 2162 4020 2427 4074; x_wconf 85' lang='lat' dir='ltr'><strong>callorum</strong></span> <span class='ocrx_word' id='word_1_636' title='bbox 2495 4018 2903 4088; x_wconf 87' lang='lat' dir='ltr'><strong>asperitatibus,</strong></span> <span class='ocrx_word' id='word_1_637' title='bbox 2948 4019 3181 4084; x_wconf 88' lang='lat' dir='ltr'><strong>cancris,</strong></span> <span class='ocrx_word' id='word_1_638' title='bbox 3213 4018 3451 4075; x_wconf 86' lang='lat' dir='ltr'><strong>carbun-</strong></span> 
     </span>
    </p>
   </div>
   <div class='ocr_carea' id='block_1_82' title="bbox 179 4110 1551 4183">
    <p class='ocr_par' dir='ltr' id='par_1_82' title="bbox 179 4110 1551 4183">
     <span class='ocr_line' id='line_1_82' title="bbox 179 4110 1551 4183; baseline -0.003 -12"><span class='ocrx_word' id='word_1_639' title='bbox 179 4114 346 4181; x_wconf 74' lang='lat' dir='ltr'><strong>culis,</strong></span> <span class='ocrx_word' id='word_1_640' title='bbox 384 4112 617 4183; x_wconf 85' lang='lat' dir='ltr'><strong>aliisque</strong></span> <span class='ocrx_word' id='word_1_641' title='bbox 639 4110 948 4166; x_wconf 82' lang='lat' dir='ltr'><strong>tumoribus</strong></span> <span class='ocrx_word' id='word_1_642' title='bbox 973 4110 1200 4168; x_wconf 81' lang='lat' dir='ltr'><strong>obnoxii</strong></span> <span class='ocrx_word' id='word_1_643' title='bbox 1226 4111 1551 4168; x_wconf 90' lang='lat' dir='ltr'><strong>redduntur.</strong></span> 
     </span>
    </p>
   </div>
   <div class='ocr_carea' id='block_1_83' title="bbox 254 4200 1766 4277">
    <p class='ocr_par' dir='ltr' id='par_1_83' title="bbox 254 4200 1766 4277">
     <span class='ocr_line' id='line_1_83' title="bbox 254 4200 1766 4277; baseline -0.001 -16"><span class='ocrx_word' id='word_1_644' title='bbox 254 4205 441 4268; x_wconf 66' lang='grc' dir='ltr'>Οὕτως</span> <span class='ocrx_word' id='word_1_645' title='bbox 469 4200 563 4259; x_wconf 77' lang='grc' dir='ltr'>οὖν</span> <span class='ocrx_word' id='word_1_646' title='bbox 594 4202 816 4275; x_wconf 72' lang='grc' dir='ltr'>νοὴτέον</span> <span class='ocrx_word' id='word_1_647' title='bbox 854 4202 952 4259; x_wconf 76' lang='grc' dir='ltr'>καὶ</span> <span class='ocrx_word' id='word_1_648' title='bbox 976 4204 1071 4257; x_wconf 78' lang='grc' dir='ltr'><strong>ἐπὶ</strong></span> <span class='ocrx_word' id='word_1_649' title='bbox 1100 4204 1211 4259; x_wconf 85' lang='grc' dir='ltr'><strong>τῶν</strong></span> <span class='ocrx_word' id='word_1_650' title='bbox 1246 4204 1343 4258; x_wconf 81' lang='grc' dir='ltr'>τοῦ</span> <span class='ocrx_word' id='word_1_651' title='bbox 1381 4205 1593 4277; x_wconf 80' lang='grc' dir='ltr'>κόσμου</span> <span class='ocrx_word' id='word_1_652' title='bbox 1620 4220 1766 4260; x_wconf 80' lang='grc' dir='ltr'>στοι-</span> 
     </span>
    </p>
   </div>
   <div class='ocr_carea' id='block_1_84' title="bbox 182 4292 1764 4368">
    <p class='ocr_par' dir='ltr' id='par_1_84' title="bbox 182 4292 1764 4368">
     <span class='ocr_line' id='line_1_84' title="bbox 182 4292 1764 4368; baseline -0.001 -17"><span class='ocrx_word' id='word_1_653' title='bbox 182 4296 370 4368; x_wconf 82' lang='grc' dir='ltr'>χείων.</span> <span class='ocrx_word' id='word_1_654' title='bbox 414 4297 474 4350; x_wconf 86' lang='lat'><strong>&#39;0</strong></span> <span class='ocrx_word' id='word_1_655' title='bbox 504 4294 615 4365; x_wconf 83' lang='grc' dir='ltr'><strong>γὰρ</strong></span> <span class='ocrx_word' id='word_1_656' title='bbox 644 4294 776 4366; x_wconf 80' lang='grc' dir='ltr'>ἀὴρ,</span> <span class='ocrx_word' id='word_1_657' title='bbox 805 4292 883 4359; x_wconf 81' lang='grc' dir='ltr'><strong>ὡς</strong></span> <span class='ocrx_word' id='word_1_658' title='bbox 904 4294 1145 4366; x_wconf 73' lang='grc' dir='ltr'>εἴρηται,</span> <span class='ocrx_word' id='word_1_659' title='bbox 1177 4294 1436 4365; x_wconf 78' lang='grc' dir='ltr'>ἀναλογεῖ</span> <span class='ocrx_word' id='word_1_660' title='bbox 1456 4294 1535 4367; x_wconf 84' lang='grc' dir='ltr'>τῷ</span> <span class='ocrx_word' id='word_1_661' title='bbox 1569 4296 1764 4367; x_wconf 84' lang='grc' dir='ltr'>αἵματι</span> 
     </span>
    </p>
   </div>
   <div class='ocr_carea' id='block_1_85' title="bbox 1948 4197 3448 4270">
    <p class='ocr_par' dir='ltr' id='par_1_85' title="bbox 1948 4197 3448 4270">
     <span class='ocr_line' id='line_1_85' title="bbox 1948 4197 3448 4270; baseline 0.003 -15"><span class='ocrx_word' id='word_1_662' title='bbox 1948 4199 2148 4255; x_wconf 83' lang='lat' dir='ltr'><strong>Eadem</strong></span> <span class='ocrx_word' id='word_1_663' title='bbox 2196 4199 2361 4270; x_wconf 90' lang='lat' dir='ltr'><strong>igitur</strong></span> <span class='ocrx_word' id='word_1_664' title='bbox 2381 4198 2522 4255; x_wconf 88' lang='lat' dir='ltr'><strong>ratio</strong></span> <span class='ocrx_word' id='word_1_665' title='bbox 2544 4208 2598 4255; x_wconf 91' lang='lat' dir='ltr'><strong>et</strong></span> <span class='ocrx_word' id='word_1_666' title='bbox 2623 4200 2689 4255; x_wconf 89' lang='lat' dir='ltr'><strong>de</strong></span> <span class='ocrx_word' id='word_1_667' title='bbox 2712 4197 2861 4253; x_wconf 90' lang='lat' dir='ltr'><strong>orbis</strong></span> <span class='ocrx_word' id='word_1_668' title='bbox 2890 4197 3173 4254; x_wconf 85' lang='lat' dir='ltr'><strong>elementis</strong></span> <span class='ocrx_word' id='word_1_669' title='bbox 3199 4198 3448 4260; x_wconf 84' lang='lat' dir='ltr'><strong>habenda</strong></span> 
     </span>
    </p>
   </div>
   <div class='ocr_carea' id='block_1_86' title="bbox 1871 4290 3447 4362">
    <p class='ocr_par' dir='ltr' id='par_1_86' title="bbox 1871 4290 3447 4362">
     <span class='ocr_line' id='line_1_86' title="bbox 1871 4290 3447 4362; baseline 0 -12"><span class='ocrx_word' id='word_1_670' title='bbox 1871 4303 1976 4350; x_wconf 83' lang='lat' dir='ltr'><strong>cst.</strong></span> <span class='ocrx_word' id='word_1_671' title='bbox 2013 4290 2147 4346; x_wconf 85' lang='lat' dir='ltr'><strong>Nam</strong></span> <span class='ocrx_word' id='word_1_672' title='bbox 2180 4308 2293 4356; x_wconf 89' lang='lat' dir='ltr'><strong>aer,</strong></span> <span class='ocrx_word' id='word_1_673' title='bbox 2326 4302 2381 4346; x_wconf 91' lang='lat' dir='ltr'><strong>ut</strong></span> <span class='ocrx_word' id='word_1_674' title='bbox 2416 4291 2568 4362; x_wconf 88' lang='lat' dir='ltr'><strong>prius</strong></span> <span class='ocrx_word' id='word_1_675' title='bbox 2617 4290 2978 4357; x_wconf 88' lang='lat' dir='ltr'><strong>asseruimus,</strong></span> <span class='ocrx_word' id='word_1_676' title='bbox 3022 4305 3147 4346; x_wconf 90' lang='lat' dir='ltr'><strong>cum</strong></span> <span class='ocrx_word' id='word_1_677' title='bbox 3190 4294 3447 4362; x_wconf 85' lang='lat' dir='ltr'><strong>sanguini</strong></span> 
     </span>
    </p>
   </div>
   <div class='ocr_carea' id='block_1_87' title="bbox 179 4381 1764 4472">
    <p class='ocr_par' dir='ltr' id='par_1_87' title="bbox 179 4386 1763 4460">
     <span class='ocr_line' id='line_1_87' title="bbox 179 4386 1763 4460; baseline -0.001 -16"><span class='ocrx_word' id='word_1_678' title='bbox 179 4389 391 4445; x_wconf 77' lang='grc' dir='ltr'>πλειὼν</span> <span class='ocrx_word' id='word_1_679' title='bbox 414 4388 536 4460; x_wconf 74' lang='lat' dir='ltr'><strong>(sic)</strong></span> <span class='ocrx_word' id='word_1_680' title='bbox 556 4387 668 4443; x_wconf 84' lang='grc' dir='ltr'><strong>τῶν</strong></span> <span class='ocrx_word' id='word_1_681' title='bbox 689 4386 868 4442; x_wconf 73' lang='grc' dir='ltr'>ἄλλων</span> <span class='ocrx_word' id='word_1_682' title='bbox 902 4389 999 4443; x_wconf 80' lang='grc' dir='ltr'>καὶ</span> <span class='ocrx_word' id='word_1_683' title='bbox 1029 4388 1314 4443; x_wconf 75' lang='grc' dir='ltr'>διπλάσιον</span> <span class='ocrx_word' id='word_1_684' title='bbox 1335 4388 1495 4457; x_wconf 91' lang='grc' dir='ltr'>λόγον</span> <span class='ocrx_word' id='word_1_685' title='bbox 1505 4388 1620 4459; x_wconf 73' lang='grc' dir='ltr'>ἔχει</span> <span class='ocrx_word' id='word_1_686' title='bbox 1640 4387 1763 4442; x_wconf 83' lang='grc' dir='ltr'>καθ’</span> 
     </span>
    </p>
   </div>
   <div class='ocr_carea' id='block_1_88' title="bbox 1871 4381 3450 4472">
    <p class='ocr_par' dir='ltr' id='par_1_88' title="bbox 1872 4381 3450 4461">
     <span class='ocr_line' id='line_1_88' title="bbox 1872 4381 3450 4461; baseline 0.001 -22"><span class='ocrx_word' id='word_1_687' title='bbox 1872 4382 2225 4454; x_wconf 78' lang='lat' dir='ltr'><strong>proportione</strong></span> <span class='ocrx_word' id='word_1_688' title='bbox 2270 4381 2431 4455; x_wconf 67' lang='grc'><strong>144</strong></span> <span class='ocrx_word' id='word_1_689' title='bbox 2460 4382 2804 4453; x_wconf 83' lang='lat' dir='ltr'><strong>respondeat,</strong></span> <span class='ocrx_word' id='word_1_690' title='bbox 2828 4382 2972 4452; x_wconf 83' lang='lat' dir='ltr'><strong>quod</strong></span> <span class='ocrx_word' id='word_1_691' title='bbox 3000 4384 3243 4437; x_wconf 87' lang='lat' dir='ltr'><strong>omnium</strong></span> <span class='ocrx_word' id='word_1_692' title='bbox 3271 4383 3450 4461; x_wconf 71' lang='lat' dir='ltr'><strong>major</strong></span> 
     </span>
    </p>
   </div>
   <div class='ocr_carea' id='block_1_89' title="bbox 180 4478 1761 4555">
    <p class='ocr_par' dir='ltr' id='par_1_89' title="bbox 180 4478 1761 4555">
     <span class='ocr_line' id='line_1_89' title="bbox 180 4478 1761 4555; baseline -0.004 -14"><span class='ocrx_word' id='word_1_693' title='bbox 180 4484 444 4541; x_wconf 70' lang='grc' dir='ltr'>ὑτώθεσιν</span> <span class='ocrx_word' id='word_1_694' title='bbox 476 4482 614 4555; x_wconf 78' lang='grc' dir='ltr'>πρὸς</span> <span class='ocrx_word' id='word_1_695' title='bbox 646 4482 715 4536; x_wconf 78' lang='grc' dir='ltr'>τὰ</span> <span class='ocrx_word' id='word_1_696' title='bbox 744 4482 942 4537; x_wconf 81' lang='grc' dir='ltr'>λοιπά·</span> <span class='ocrx_word' id='word_1_697' title='bbox 980 4484 1041 4535; x_wconf 67' lang='grc' dir='ltr'>ἐν</span> <span class='ocrx_word' id='word_1_698' title='bbox 1077 4480 1253 4551; x_wconf 84' lang='grc' dir='ltr'>τούτῳ</span> <span class='ocrx_word' id='word_1_699' title='bbox 1281 4479 1390 4552; x_wconf 80' lang='grc' dir='ltr'><strong>γὰρ</strong></span> <span class='ocrx_word' id='word_1_700' title='bbox 1417 4481 1567 4534; x_wconf 79' lang='grc' dir='ltr'>πᾶσα</span> <span class='ocrx_word' id='word_1_701' title='bbox 1598 4478 1761 4534; x_wconf 82' lang='grc' dir='ltr'>δύνα-</span> 
     </span>
    </p>
   </div>
   <div class='ocr_carea' id='block_1_90' title="bbox 182 4570 1766 4650">
    <p class='ocr_par' dir='ltr' id='par_1_90' title="bbox 182 4570 1766 4650">
     <span class='ocr_line' id='line_1_90' title="bbox 182 4570 1766 4650; baseline -0.004 -17"><span class='ocrx_word' id='word_1_702' title='bbox 182 4597 280 4650; x_wconf 86' lang='grc' dir='ltr'><strong>μις</strong></span> <span class='ocrx_word' id='word_1_703' title='bbox 306 4577 517 4649; x_wconf 82' lang='grc' dir='ltr'>ψυχικὴ</span> <span class='ocrx_word' id='word_1_704' title='bbox 546 4576 643 4631; x_wconf 74' lang='grc' dir='ltr'>καὶ</span> <span class='ocrx_word' id='word_1_705' title='bbox 667 4575 897 4647; x_wconf 76' lang='grc' dir='ltr'>ζωτικὴ.</span> <span class='ocrx_word' id='word_1_706' title='bbox 931 4574 1008 4639; x_wconf 83' lang='grc' dir='ltr'>ὥς</span> <span class='ocrx_word' id='word_1_707' title='bbox 1038 4590 1205 4645; x_wconf 83' lang='grc' dir='ltr'>φησιν</span> <span class='ocrx_word' id='word_1_708' title='bbox 1263 4572 1664 4645; x_wconf 76' lang='grc' dir='ltr'>’Δριστοτέλης.</span> <span class='ocrx_word' id='word_1_709' title='bbox 1692 4570 1766 4626; x_wconf 80' lang='grc' dir='ltr'><strong>Τὸ</strong></span> 
     </span>
    </p>
   </div>
   <div class='ocr_carea' id='block_1_91' title="bbox 176 4665 1766 4738">
    <p class='ocr_par' dir='ltr' id='par_1_91' title="bbox 176 4665 1766 4738">
     <span class='ocr_line' id='line_1_91' title="bbox 176 4665 1766 4738; baseline -0.004 -13"><span class='ocrx_word' id='word_1_710' title='bbox 176 4672 238 4725; x_wconf 68' lang='grc' dir='ltr'><strong>δὲ</strong></span> <span class='ocrx_word' id='word_1_711' title='bbox 258 4669 405 4738; x_wconf 80' lang='grc' dir='ltr'>ὕδωρ</span> <span class='ocrx_word' id='word_1_712' title='bbox 423 4666 741 4737; x_wconf 37' lang='grc' dir='ltr'>,ἀναλογοῦν</span> <span class='ocrx_word' id='word_1_713' title='bbox 762 4667 838 4736; x_wconf 81' lang='grc' dir='ltr'>τῷ</span> <span class='ocrx_word' id='word_1_714' title='bbox 858 4666 1136 4737; x_wconf 67' lang='grc' dir='ltr'>φλέγματι</span> <span class='ocrx_word' id='word_1_715' title='bbox 1158 4666 1409 4737; x_wconf 75' lang='grc' dir='ltr'>ἡμιόλιον</span> <span class='ocrx_word' id='word_1_716' title='bbox 1453 4665 1612 4734; x_wconf 86' lang='grc' dir='ltr'>λόγον</span> <span class='ocrx_word' id='word_1_717' title='bbox 1652 4666 1766 4737; x_wconf 72' lang='grc' dir='ltr'>ἔχει</span> 
     </span>
    </p>
   </div>
   <div class='ocr_carea' id='block_1_92' title="bbox 181 4756 1767 4834">
    <p class='ocr_par' dir='ltr' id='par_1_92' title="bbox 181 4756 1767 4834">
     <span class='ocr_line' id='line_1_92' title="bbox 181 4756 1767 4834; baseline -0.003 -19"><span class='ocrx_word' id='word_1_718' title='bbox 181 4761 323 4834; x_wconf 78' lang='grc' dir='ltr'>πρὸς</span> <span class='ocrx_word' id='word_1_719' title='bbox 342 4761 416 4815; x_wconf 81' lang='grc' dir='ltr'>τὰ</span> <span class='ocrx_word' id='word_1_720' title='bbox 442 4760 611 4815; x_wconf 84' lang='grc' dir='ltr'>λοιπά</span> <span class='ocrx_word' id='word_1_721' title='bbox 625 4775 640 4792; x_wconf 76' lang='grc' dir='ltr'><strong><em>ο</em></strong></span> <span class='ocrx_word' id='word_1_722' title='bbox 666 4758 938 4826; x_wconf 78' lang='grc' dir='ltr'>ζωογόνον</span> <span class='ocrx_word' id='word_1_723' title='bbox 954 4760 1064 4828; x_wconf 79' lang='grc' dir='ltr'>γὰρ</span> <span class='ocrx_word' id='word_1_724' title='bbox 1094 4758 1212 4812; x_wconf 63' lang='grc' dir='ltr'>ἔστι</span> <span class='ocrx_word' id='word_1_725' title='bbox 1234 4757 1506 4811; x_wconf 75' lang='grc' dir='ltr'>πλείστων</span> <span class='ocrx_word' id='word_1_726' title='bbox 1521 4756 1767 4826; x_wconf 69' lang='grc' dir='ltr'>ἐνύγρων</span> 
     </span>
    </p>
   </div>
   <div class='ocr_carea' id='block_1_93' title="bbox 180 4847 1767 4924">
    <p class='ocr_par' dir='ltr' id='par_1_93' title="bbox 180 4847 1767 4924">
     <span class='ocr_line' id='line_1_93' title="bbox 180 4847 1767 4924; baseline -0.003 -17"><span class='ocrx_word' id='word_1_727' title='bbox 180 4854 361 4919; x_wconf 77' lang='grc' dir='ltr'>ζώων.</span> <span class='ocrx_word' id='word_1_728' title='bbox 411 4853 487 4907; x_wconf 83' lang='grc' dir='ltr'><strong>Τδ</strong></span> <span class='ocrx_word' id='word_1_729' title='bbox 514 4852 573 4907; x_wconf 84' lang='grc' dir='ltr'><strong>δὲ</strong></span> <span class='ocrx_word' id='word_1_730' title='bbox 601 4852 713 4924; x_wconf 80' lang='grc' dir='ltr'>πῦρ</span> <span class='ocrx_word' id='word_1_731' title='bbox 740 4851 861 4906; x_wconf 76' lang='grc' dir='ltr'><strong>οὐδὲ</strong></span> <span class='ocrx_word' id='word_1_732' title='bbox 901 4851 1031 4918; x_wconf 86' lang='grc' dir='ltr'>μίαν</span> <span class='ocrx_word' id='word_1_733' title='bbox 1073 4850 1238 4921; x_wconf 67' lang='grc' dir='ltr'>ἕδραν</span> <span class='ocrx_word' id='word_1_734' title='bbox 1268 4849 1405 4920; x_wconf 73' lang='grc' dir='ltr'>ἔχει,</span> <span class='ocrx_word' id='word_1_735' title='bbox 1434 4847 1511 4913; x_wconf 84' lang='grc' dir='ltr'>ὥς</span> <span class='ocrx_word' id='word_1_736' title='bbox 1549 4865 1713 4919; x_wconf 80' lang='grc' dir='ltr'>φησιν</span> <span class='ocrx_word' id='word_1_737' title='bbox 1738 4852 1767 4902; x_wconf 92' lang='lat'><strong>6</strong></span> 
     </span>
    </p>
   </div>
   <div class='ocr_carea' id='block_1_94' title="bbox 179 4941 1766 5017">
    <p class='ocr_par' dir='ltr' id='par_1_94' title="bbox 179 4941 1766 5017">
     <span class='ocr_line' id='line_1_94' title="bbox 179 4941 1766 5017; baseline -0.004 -16"><span class='ocrx_word' id='word_1_738' title='bbox 179 4945 570 5017; x_wconf 73' lang='grc' dir='ltr'>Σταγειρίτης,</span> <span class='ocrx_word' id='word_1_739' title='bbox 599 4944 739 5000; x_wconf 79' lang='grc' dir='ltr'>ἀλλὰ</span> <span class='ocrx_word' id='word_1_740' title='bbox 783 4942 1067 5013; x_wconf 87' lang='grc' dir='ltr'>πανταχοῦ</span> <span class='ocrx_word' id='word_1_741' title='bbox 1115 4943 1407 5014; x_wconf 79' lang='grc' dir='ltr'>πάρεστιν,</span> <span class='ocrx_word' id='word_1_742' title='bbox 1453 4941 1530 5008; x_wconf 79' lang='grc' dir='ltr'>ὡς</span> <span class='ocrx_word' id='word_1_743' title='bbox 1588 4944 1619 4995; x_wconf 94' lang='lat'><strong>6</strong></span> <span class='ocrx_word' id='word_1_744' title='bbox 1659 4944 1766 5014; x_wconf 76' lang='grc' dir='ltr'><strong>Δηι-</strong></span> 
     </span>
    </p>
   </div>
   <div class='ocr_carea' id='block_1_95' title="bbox 183 5034 1765 5111">
    <p class='ocr_par' dir='ltr' id='par_1_95' title="bbox 183 5034 1765 5111">
     <span class='ocr_line' id='line_1_95' title="bbox 183 5034 1765 5111; baseline -0.003 -18"><span class='ocrx_word' id='word_1_745' title='bbox 183 5039 470 5111; x_wconf 74' lang='grc' dir='ltr'>μιουργός.</span> <span class='ocrx_word' id='word_1_746' title='bbox 510 5038 602 5093; x_wconf 81' lang='grc' dir='ltr'>Ἐν</span> <span class='ocrx_word' id='word_1_747' title='bbox 636 5038 774 5093; x_wconf 77' lang='grc' dir='ltr'>πᾶσι</span> <span class='ocrx_word' id='word_1_748' title='bbox 813 5035 925 5107; x_wconf 85' lang='grc' dir='ltr'>γὰρ</span> <span class='ocrx_word' id='word_1_749' title='bbox 957 5034 992 5106; x_wconf 83' lang='grc' dir='ltr'><strong>ἡ</strong></span> <span class='ocrx_word' id='word_1_750' title='bbox 1019 5034 1224 5089; x_wconf 71' lang='grc' dir='ltr'>πλείων</span> <span class='ocrx_word' id='word_1_751' title='bbox 1245 5034 1281 5106; x_wconf 78' lang='grc' dir='ltr'><strong>ἡ</strong></span> <span class='ocrx_word' id='word_1_752' title='bbox 1317 5034 1566 5089; x_wconf 76' lang='grc' dir='ltr'>ἐλάσσων</span> <span class='ocrx_word' id='word_1_753' title='bbox 1597 5037 1765 5106; x_wconf 82' lang='grc' dir='ltr'>μοῖρα</span> 
     </span>
    </p>
   </div>
   <div class='ocr_carea' id='block_1_96' title="bbox 178 5123 1765 5201">
    <p class='ocr_par' dir='ltr' id='par_1_96' title="bbox 178 5123 1765 5201">
     <span class='ocr_line' id='line_1_96' title="bbox 178 5123 1765 5201; baseline -0.003 -16"><span class='ocrx_word' id='word_1_754' title='bbox 178 5130 279 5185; x_wconf 82' lang='grc' dir='ltr'>τοῦ</span> <span class='ocrx_word' id='word_1_755' title='bbox 307 5131 483 5201; x_wconf 80' lang='grc' dir='ltr'>πυρὸς</span> <span class='ocrx_word' id='word_1_756' title='bbox 513 5130 983 5199; x_wconf 72' lang='grc' dir='ltr'>ἑγκατέσπαρται.</span> <span class='ocrx_word' id='word_1_757' title='bbox 1038 5126 1102 5182; x_wconf 80' lang='grc' dir='ltr'><strong>Ἠ</strong></span> <span class='ocrx_word' id='word_1_758' title='bbox 1126 5128 1186 5182; x_wconf 69' lang='grc' dir='ltr'><strong>ὁὶ</strong></span> <span class='ocrx_word' id='word_1_759' title='bbox 1216 5130 1288 5199; x_wconf 75' lang='grc' dir='ltr'>γῆ</span> <span class='ocrx_word' id='word_1_760' title='bbox 1334 5126 1597 5199; x_wconf 69' lang='grc' dir='ltr'>ἐλαχίστη</span> <span class='ocrx_word' id='word_1_761' title='bbox 1629 5123 1765 5182; x_wconf 85' lang='grc' dir='ltr'>οὖσα</span> 
     </span>
    </p>
   </div>
   <div class='ocr_carea' id='block_1_97' title="bbox 179 5217 1766 5292">
    <p class='ocr_par' dir='ltr' id='par_1_97' title="bbox 179 5217 1766 5292">
     <span class='ocr_line' id='line_1_97' title="bbox 179 5217 1766 5292; baseline -0.001 -16"><span class='ocrx_word' id='word_1_762' title='bbox 179 5222 410 5292; x_wconf 77' lang='grc' dir='ltr'>κέντρον</span> <span class='ocrx_word' id='word_1_763' title='bbox 437 5220 650 5290; x_wconf 68' lang='grc' dir='ltr'>πέφυκε</span> <span class='ocrx_word' id='word_1_764' title='bbox 676 5219 772 5275; x_wconf 79' lang='grc' dir='ltr'>τοῦ</span> <span class='ocrx_word' id='word_1_765' title='bbox 804 5220 1028 5284; x_wconf 83' lang='grc' dir='ltr'>παντός.</span> <span class='ocrx_word' id='word_1_766' title='bbox 1072 5218 1236 5273; x_wconf 65' lang='grc' dir='ltr'>Ἀλλὰ</span> <span class='ocrx_word' id='word_1_767' title='bbox 1254 5218 1313 5272; x_wconf 75' lang='grc' dir='ltr'><strong>δὲ</strong></span> <span class='ocrx_word' id='word_1_768' title='bbox 1343 5218 1534 5273; x_wconf 77' lang='grc' dir='ltr'>αἰτῶν</span> <span class='ocrx_word' id='word_1_769' title='bbox 1556 5217 1766 5290; x_wconf 78' lang='grc' dir='ltr'><strong>ἀνθρὼ-</strong></span> 
     </span>
    </p>
   </div>
   <div class='ocr_carea' id='block_1_98' title="bbox 179 5311 1763 5387">
    <p class='ocr_par' dir='ltr' id='par_1_98' title="bbox 179 5311 1763 5387">
     <span class='ocr_line' id='line_1_98' title="bbox 179 5311 1763 5387; baseline -0.002 -19"><span class='ocrx_word' id='word_1_770' title='bbox 179 5331 302 5369; x_wconf 87' lang='grc' dir='ltr'><strong>πων</strong></span> <span class='ocrx_word' id='word_1_771' title='bbox 334 5314 546 5387; x_wconf 77' lang='grc' dir='ltr'>ἡλικίαι</span> <span class='ocrx_word' id='word_1_772' title='bbox 600 5313 882 5383; x_wconf 79' lang='grc' dir='ltr'>ἀναλόγως</span> <span class='ocrx_word' id='word_1_773' title='bbox 921 5313 1108 5385; x_wconf 70' lang='grc' dir='ltr'>ῑχουσι</span> <span class='ocrx_word' id='word_1_774' title='bbox 1151 5314 1265 5378; x_wconf 79' lang='grc' dir='ltr'>τοῖς</span> <span class='ocrx_word' id='word_1_775' title='bbox 1303 5329 1366 5366; x_wconf 83' lang='grc' dir='ltr'><strong>τε</strong></span> <span class='ocrx_word' id='word_1_776' title='bbox 1410 5311 1506 5367; x_wconf 80' lang='grc' dir='ltr'>τοῦ</span> <span class='ocrx_word' id='word_1_777' title='bbox 1552 5312 1763 5382; x_wconf 88' lang='grc' dir='ltr'>κόσμου</span> 
     </span>
    </p>
   </div>
   <div class='ocr_carea' id='block_1_99' title="bbox 182 5404 1765 5479">
    <p class='ocr_par' dir='ltr' id='par_1_99' title="bbox 182 5404 1765 5479">
     <span class='ocr_line' id='line_1_99' title="bbox 182 5404 1765 5479; baseline -0.003 -17"><span class='ocrx_word' id='word_1_778' title='bbox 182 5407 471 5479; x_wconf 83' lang='grc' dir='ltr'>στοιχείοις</span> <span class='ocrx_word' id='word_1_779' title='bbox 522 5409 619 5463; x_wconf 79' lang='grc' dir='ltr'>καὶ</span> <span class='ocrx_word' id='word_1_780' title='bbox 672 5409 787 5471; x_wconf 87' lang='grc' dir='ltr'>τοῖς</span> <span class='ocrx_word' id='word_1_781' title='bbox 828 5405 1124 5478; x_wconf 68' lang='grc' dir='ltr'>προσεχέσι</span> <span class='ocrx_word' id='word_1_782' title='bbox 1164 5406 1275 5459; x_wconf 84' lang='grc' dir='ltr'><strong>τῶν</strong></span> <span class='ocrx_word' id='word_1_783' title='bbox 1313 5404 1468 5469; x_wconf 77' lang='grc' dir='ltr'>ζώων</span> <span class='ocrx_word' id='word_1_784' title='bbox 1517 5406 1612 5458; x_wconf 70' lang='grc' dir='ltr'>καὶ</span> <span class='ocrx_word' id='word_1_785' title='bbox 1655 5404 1765 5458; x_wconf 85' lang='grc' dir='ltr'>τῶν</span> 
     </span>
    </p>
   </div>
   <div class='ocr_carea' id='block_1_100' title="bbox 180 5496 1765 5570">
    <p class='ocr_par' dir='ltr' id='par_1_100' title="bbox 180 5496 1765 5570">
     <span class='ocr_line' id='line_1_100' title="bbox 180 5496 1765 5570; baseline -0.001 -18"><span class='ocrx_word' id='word_1_786' title='bbox 180 5500 468 5570; x_wconf 79' lang='grc' dir='ltr'>ἡμετέρων</span> <span class='ocrx_word' id='word_1_787' title='bbox 500 5500 790 5570; x_wconf 80' lang='grc' dir='ltr'>σωμάτων.</span> <span class='ocrx_word' id='word_1_788' title='bbox 834 5497 898 5552; x_wconf 85' lang='grc' dir='ltr'><strong>Ἦ</strong></span> <span class='ocrx_word' id='word_1_789' title='bbox 932 5500 1030 5570; x_wconf 85' lang='grc' dir='ltr'>μὲν</span> <span class='ocrx_word' id='word_1_790' title='bbox 1056 5498 1166 5570; x_wconf 80' lang='grc' dir='ltr'><strong>γὰρ</strong></span> <span class='ocrx_word' id='word_1_791' title='bbox 1190 5497 1298 5551; x_wconf 82' lang='grc' dir='ltr'><strong>τῶν</strong></span> <span class='ocrx_word' id='word_1_792' title='bbox 1333 5496 1542 5551; x_wconf 80' lang='grc' dir='ltr'>παίδων</span> <span class='ocrx_word' id='word_1_793' title='bbox 1577 5496 1765 5567; x_wconf 81' lang='grc' dir='ltr'>ἡλικία</span> 
     </span>
    </p>
   </div>
   <div class='ocr_carea' id='block_1_101' title="bbox 183 5584 1763 5661">
    <p class='ocr_par' dir='ltr' id='par_1_101' title="bbox 183 5584 1763 5661">
     <span class='ocr_line' id='line_1_101' title="bbox 183 5584 1763 5661; baseline -0.001 -18"><span class='ocrx_word' id='word_1_794' title='bbox 183 5588 366 5661; x_wconf 82' lang='grc' dir='ltr'>θερμὴ</span> <span class='ocrx_word' id='word_1_795' title='bbox 397 5584 535 5644; x_wconf 84' lang='grc' dir='ltr'>οὖσα</span> <span class='ocrx_word' id='word_1_796' title='bbox 562 5590 659 5643; x_wconf 85' lang='grc' dir='ltr'>καὶ</span> <span class='ocrx_word' id='word_1_797' title='bbox 682 5587 829 5661; x_wconf 76' lang='grc' dir='ltr'>ὑγρὰ</span> <span class='ocrx_word' id='word_1_798' title='bbox 870 5588 1127 5657; x_wconf 81' lang='grc' dir='ltr'>ἀναλογεῖ</span> <span class='ocrx_word' id='word_1_799' title='bbox 1159 5587 1358 5659; x_wconf 81' lang='grc' dir='ltr'>αἵματί</span> <span class='ocrx_word' id='word_1_800' title='bbox 1402 5603 1463 5640; x_wconf 80' lang='grc' dir='ltr'><strong>τι</strong></span> <span class='ocrx_word' id='word_1_801' title='bbox 1494 5588 1586 5641; x_wconf 78' lang='grc' dir='ltr'>καὶ</span> <span class='ocrx_word' id='word_1_802' title='bbox 1616 5587 1763 5657; x_wconf 83' lang='grc' dir='ltr'>ἀέρι.</span> 
     </span>
    </p>
   </div>
   <div class='ocr_carea' id='block_1_102' title="bbox 198 5674 1764 5751">
    <p class='ocr_par' dir='ltr' id='par_1_102' title="bbox 198 5674 1764 5751">
     <span class='ocr_line' id='line_1_102' title="bbox 198 5674 1764 5751; baseline -0.001 -17"><span class='ocrx_word' id='word_1_803' title='bbox 198 5681 263 5734; x_wconf 83' lang='grc' dir='ltr'>Ἢ</span> <span class='ocrx_word' id='word_1_804' title='bbox 284 5680 342 5735; x_wconf 76' lang='grc' dir='ltr'><strong>δέ</strong></span> <span class='ocrx_word' id='word_1_805' title='bbox 366 5697 428 5735; x_wconf 88' lang='grc' dir='ltr'><strong>τε</strong></span> <span class='ocrx_word' id='word_1_806' title='bbox 444 5680 555 5734; x_wconf 85' lang='grc' dir='ltr'><strong>τῶν</strong></span> <span class='ocrx_word' id='word_1_807' title='bbox 581 5678 944 5749; x_wconf 78' lang='grc' dir='ltr'>ἀκμαζόντων</span> <span class='ocrx_word' id='word_1_808' title='bbox 973 5677 1153 5751; x_wconf 74' lang='grc' dir='ltr'>θερμὴ</span> <span class='ocrx_word' id='word_1_809' title='bbox 1173 5674 1310 5733; x_wconf 83' lang='grc' dir='ltr'>οὖσα</span> <span class='ocrx_word' id='word_1_810' title='bbox 1340 5678 1435 5733; x_wconf 74' lang='grc' dir='ltr'>καὶ</span> <span class='ocrx_word' id='word_1_811' title='bbox 1455 5677 1596 5748; x_wconf 81' lang='grc' dir='ltr'><strong>ξηρὰ</strong></span> <span class='ocrx_word' id='word_1_812' title='bbox 1630 5678 1764 5732; x_wconf 77' lang='grc' dir='ltr'>ἀναο</span> 
     </span>
    </p>
   </div>
   <div class='ocr_carea' id='block_1_103' title="bbox 182 5768 1763 5845">
    <p class='ocr_par' dir='ltr' id='par_1_103' title="bbox 182 5768 1763 5845">
     <span class='ocr_line' id='line_1_103' title="bbox 182 5768 1763 5845; baseline -0.002 -18"><span class='ocrx_word' id='word_1_813' title='bbox 182 5770 332 5844; x_wconf 78' lang='grc' dir='ltr'>λογεῖ</span> <span class='ocrx_word' id='word_1_814' title='bbox 346 5775 412 5845; x_wconf 76' lang='grc' dir='ltr'>τῇ</span> <span class='ocrx_word' id='word_1_815' title='bbox 437 5770 605 5843; x_wconf 75' lang='grc' dir='ltr'>ξανθῇ</span> <span class='ocrx_word' id='word_1_816' title='bbox 617 5771 748 5842; x_wconf 78' lang='grc' dir='ltr'>χολῇ</span> <span class='ocrx_word' id='word_1_817' title='bbox 766 5770 862 5824; x_wconf 78' lang='grc' dir='ltr'><strong>καὶ</strong></span> <span class='ocrx_word' id='word_1_818' title='bbox 871 5768 949 5840; x_wconf 82' lang='grc' dir='ltr'><strong>τῷ</strong></span> <span class='ocrx_word' id='word_1_819' title='bbox 965 5771 1117 5841; x_wconf 87' lang='grc' dir='ltr'>πυρί.</span> <span class='ocrx_word' id='word_1_820' title='bbox 1174 5772 1237 5824; x_wconf 82' lang='lat' dir='ltr'><strong>&#39;ll</strong></span> <span class='ocrx_word' id='word_1_821' title='bbox 1254 5771 1308 5825; x_wconf 80' lang='grc' dir='ltr'><strong>δὲ</strong></span> <span class='ocrx_word' id='word_1_822' title='bbox 1326 5769 1763 5842; x_wconf 78' lang='grc' dir='ltr'>παρακμαστικὴ</span> 
     </span>
    </p>
   </div>
   <div class='ocr_carea' id='block_1_104' title="bbox 479 5865 1156 5928">
    <p class='ocr_par' dir='ltr' id='par_1_104' title="bbox 479 5865 1156 5928">
     <span class='ocr_line' id='line_1_104' title="bbox 479 5865 1156 5928; baseline 0 0"><span class='ocrx_word' id='word_1_823' title='bbox 479 5868 753 5928; x_wconf 77' lang='grc' dir='ltr'>ΡΑτῐιοι..</span> <span class='ocrx_word' id='word_1_824' title='bbox 796 5865 912 5926; x_wconf 77' lang='lat' dir='ltr'><strong>Gn.</strong></span> <span class='ocrx_word' id='word_1_825' title='bbox 956 5866 1156 5928; x_wconf 77' lang='lat' dir='ltr'><strong>LXIV.</strong></span> 
     </span>
    </p>
   </div>
   <div class='ocr_carea' id='block_1_105' title="bbox 1870 4482 3446 4556">
    <p class='ocr_par' dir='ltr' id='par_1_105' title="bbox 1870 4482 3446 4556">
     <span class='ocr_line' id='line_1_105' title="bbox 1870 4482 3446 4556; baseline -0.001 -15"><span class='ocrx_word' id='word_1_826' title='bbox 1870 4486 1964 4550; x_wconf 88' lang='lat' dir='ltr'><strong>sit,</strong></span> <span class='ocrx_word' id='word_1_827' title='bbox 1992 4484 2208 4555; x_wconf 89' lang='lat' dir='ltr'><strong>diplasii</strong></span> <span class='ocrx_word' id='word_1_828' title='bbox 2242 4486 2309 4540; x_wconf 87' lang='lat' dir='ltr'><strong>ad</strong></span> <span class='ocrx_word' id='word_1_829' title='bbox 2339 4484 2569 4556; x_wconf 89' lang='lat' dir='ltr'><strong>reliqua,</strong></span> <span class='ocrx_word' id='word_1_830' title='bbox 2603 4492 2664 4539; x_wconf 89' lang='lat' dir='ltr'><strong>ut</strong></span> <span class='ocrx_word' id='word_1_831' title='bbox 2692 4482 2766 4538; x_wconf 88' lang='lat' dir='ltr'><strong>ita</strong></span> <span class='ocrx_word' id='word_1_832' title='bbox 2794 4482 3049 4550; x_wconf 82' lang='lat' dir='ltr'><strong>dixerim,</strong></span> <span class='ocrx_word' id='word_1_833' title='bbox 3075 4482 3285 4543; x_wconf 72' lang='lat' dir='ltr'><strong>ratione</strong></span> <span class='ocrx_word' id='word_1_834' title='bbox 3316 4482 3446 4540; x_wconf 81' lang='lat' dir='ltr'><strong>fun-</strong></span> 
     </span>
    </p>
   </div>
   <div class='ocr_carea' id='block_1_106' title="bbox 1867 4574 3447 4648">
    <p class='ocr_par' dir='ltr' id='par_1_106' title="bbox 1867 4574 3447 4648">
     <span class='ocr_line' id='line_1_106' title="bbox 1867 4574 3447 4648; baseline 0 -15"><span class='ocrx_word' id='word_1_835' title='bbox 1867 4578 2056 4648; x_wconf 84' lang='lat' dir='ltr'><strong>gitur;</strong></span> <span class='ocrx_word' id='word_1_836' title='bbox 2092 4578 2143 4632; x_wconf 91' lang='lat' dir='ltr'><strong>in</strong></span> <span class='ocrx_word' id='word_1_837' title='bbox 2175 4578 2280 4633; x_wconf 89' lang='lat' dir='ltr'><strong>hoc</strong></span> <span class='ocrx_word' id='word_1_838' title='bbox 2304 4577 2475 4642; x_wconf 90' lang='lat' dir='ltr'><strong>enim,</strong></span> <span class='ocrx_word' id='word_1_839' title='bbox 2507 4585 2569 4631; x_wconf 91' lang='lat' dir='ltr'><strong>ut</strong></span> <span class='ocrx_word' id='word_1_840' title='bbox 2611 4574 2933 4631; x_wconf 85' lang='lat' dir='ltr'><strong>Aristoteles</strong></span> <span class='ocrx_word' id='word_1_841' title='bbox 2962 4575 3157 4645; x_wconf 90' lang='lat' dir='ltr'><strong>inquit,</strong></span> <span class='ocrx_word' id='word_1_842' title='bbox 3187 4576 3447 4633; x_wconf 85' lang='lat' dir='ltr'><strong>animalis</strong></span> 
     </span>
    </p>
   </div>
   <div class='ocr_carea' id='block_1_107' title="bbox 1867 4664 3442 4741">
    <p class='ocr_par' dir='ltr' id='par_1_107' title="bbox 1867 4664 3442 4741">
     <span class='ocr_line' id='line_1_107' title="bbox 1867 4664 3442 4741; baseline -0.002 -16"><span class='ocrx_word' id='word_1_843' title='bbox 1867 4668 2156 4741; x_wconf 82' lang='lat' dir='ltr'><strong>vitalisque</strong></span> <span class='ocrx_word' id='word_1_844' title='bbox 2195 4669 2428 4724; x_wconf 85' lang='lat' dir='ltr'><strong>facultas</strong></span> <span class='ocrx_word' id='word_1_845' title='bbox 2457 4676 2568 4723; x_wconf 88' lang='lat' dir='ltr'><strong>tota</strong></span> <span class='ocrx_word' id='word_1_846' title='bbox 2596 4665 2871 4723; x_wconf 89' lang='lat' dir='ltr'><strong>consistit.</strong></span> <span class='ocrx_word' id='word_1_847' title='bbox 2897 4664 3053 4733; x_wconf 79' lang='lat' dir='ltr'><strong>Aqua</strong></span> <span class='ocrx_word' id='word_1_848' title='bbox 3085 4675 3288 4731; x_wconf 89' lang='lat' dir='ltr'><strong>autem,</strong></span> <span class='ocrx_word' id='word_1_849' title='bbox 3318 4681 3442 4722; x_wconf 91' lang='lat' dir='ltr'><strong>cum</strong></span> 
     </span>
    </p>
   </div>
   <div class='ocr_carea' id='block_1_108' title="bbox 1867 4757 3443 4833">
    <p class='ocr_par' dir='ltr' id='par_1_108' title="bbox 1867 4757 3443 4833">
     <span class='ocr_line' id='line_1_108' title="bbox 1867 4757 3443 4833; baseline 0 -18"><span class='ocrx_word' id='word_1_850' title='bbox 1867 4761 2078 4832; x_wconf 67' lang='lat' dir='ltr'><strong>pituita:</strong></span> <span class='ocrx_word' id='word_1_851' title='bbox 2108 4761 2578 4833; x_wconf 89' lang='lat' dir='ltr'><strong>proportionetur,</strong></span> <span class='ocrx_word' id='word_1_852' title='bbox 2612 4757 2869 4815; x_wconf 82' lang='lat' dir='ltr'><strong>Hemiolii</strong></span> <span class='ocrx_word' id='word_1_853' title='bbox 2898 4758 3109 4813; x_wconf 89' lang='lat' dir='ltr'><strong>ratione</strong></span> <span class='ocrx_word' id='word_1_854' title='bbox 3135 4759 3200 4813; x_wconf 85' lang='lat' dir='ltr'><strong>ad</strong></span> <span class='ocrx_word' id='word_1_855' title='bbox 3233 4758 3443 4829; x_wconf 87' lang='lat' dir='ltr'><strong>reliqua</strong></span> 
     </span>
    </p>
   </div>
   <div class='ocr_carea' id='block_1_109' title="bbox 1866 4849 3442 4924">
    <p class='ocr_par' dir='ltr' id='par_1_109' title="bbox 1866 4849 3442 4924">
     <span class='ocr_line' id='line_1_109' title="bbox 1866 4849 3442 4924; baseline -0.004 -13"><span class='ocrx_word' id='word_1_856' title='bbox 1866 4853 2201 4923; x_wconf 84' lang='lat' dir='ltr'><strong>respondere</strong></span> <span class='ocrx_word' id='word_1_857' title='bbox 2239 4853 2516 4919; x_wconf 87' lang='lat' dir='ltr'><strong>creditur;</strong></span> <span class='ocrx_word' id='word_1_858' title='bbox 2570 4852 2626 4907; x_wconf 93' lang='lat' dir='ltr'><strong>in</strong></span> <span class='ocrx_word' id='word_1_859' title='bbox 2681 4852 2798 4924; x_wconf 90' lang='lat' dir='ltr'><strong>ipsa</strong></span> <span class='ocrx_word' id='word_1_860' title='bbox 2847 4851 3031 4919; x_wconf 89' lang='lat' dir='ltr'><strong>enim,</strong></span> <span class='ocrx_word' id='word_1_861' title='bbox 3083 4849 3442 4922; x_wconf 88' lang='lat' dir='ltr'><strong>plurimorum</strong></span> 
     </span>
    </p>
   </div>
   <div class='ocr_carea' id='block_1_110' title="bbox 1868 4942 3446 5016">
    <p class='ocr_par' dir='ltr' id='par_1_110' title="bbox 1868 4942 3446 5016">
     <span class='ocr_line' id='line_1_110' title="bbox 1868 4942 3446 5016; baseline -0.002 -16"><span class='ocrx_word' id='word_1_862' title='bbox 1868 4960 1993 5016; x_wconf 79' lang='lat' dir='ltr'><strong>qua:</strong></span> <span class='ocrx_word' id='word_1_863' title='bbox 2015 4944 2239 5001; x_wconf 91' lang='lat' dir='ltr'><strong>humida</strong></span> <span class='ocrx_word' id='word_1_864' title='bbox 2270 4953 2398 5001; x_wconf 88' lang='lat' dir='ltr'><strong>sunt</strong></span> <span class='ocrx_word' id='word_1_865' title='bbox 2421 4944 2739 5000; x_wconf 87' lang='lat' dir='ltr'><strong>animalium</strong></span> <span class='ocrx_word' id='word_1_866' title='bbox 2781 4943 3186 5015; x_wconf 90' lang='lat' dir='ltr'><strong>generationem</strong></span> <span class='ocrx_word' id='word_1_867' title='bbox 3213 4942 3327 4998; x_wconf 88' lang='lat' dir='ltr'><strong>fieri</strong></span> <span class='ocrx_word' id='word_1_868' title='bbox 3359 4944 3446 4998; x_wconf 85' lang='lat' dir='ltr'><strong>in-</strong></span> 
     </span>
    </p>
   </div>
   <div class='ocr_carea' id='block_1_111' title="bbox 1868 5034 3445 5109">
    <p class='ocr_par' dir='ltr' id='par_1_111' title="bbox 1868 5034 3445 5109">
     <span class='ocr_line' id='line_1_111' title="bbox 1868 5034 3445 5109; baseline -0.002 -15"><span class='ocrx_word' id='word_1_869' title='bbox 1868 5038 2151 5109; x_wconf 86' lang='lat' dir='ltr'><strong>spicimus.</strong></span> <span class='ocrx_word' id='word_1_870' title='bbox 2201 5036 2435 5103; x_wconf 82' lang='lat' dir='ltr'><strong>Verum,</strong></span> <span class='ocrx_word' id='word_1_871' title='bbox 2473 5037 2622 5109; x_wconf 90' lang='lat' dir='ltr'><strong>igni,</strong></span> <span class='ocrx_word' id='word_1_872' title='bbox 2668 5038 3131 5108; x_wconf 83' lang='lat' dir='ltr'><strong>quemadmodum</strong></span> <span class='ocrx_word' id='word_1_873' title='bbox 3172 5034 3445 5106; x_wconf 70' lang='lat' dir='ltr'><strong>Stagiritte</strong></span> 
     </span>
    </p>
   </div>
   <div class='ocr_carea' id='block_1_112' title="bbox 1871 5127 3443 5201">
    <p class='ocr_par' dir='ltr' id='par_1_112' title="bbox 1871 5127 3443 5201">
     <span class='ocr_line' id='line_1_112' title="bbox 1871 5127 3443 5201; baseline -0.001 -18"><span class='ocrx_word' id='word_1_874' title='bbox 1871 5129 2069 5201; x_wconf 89' lang='lat' dir='ltr'><strong>placet,</strong></span> <span class='ocrx_word' id='word_1_875' title='bbox 2107 5129 2256 5186; x_wconf 92' lang='lat' dir='ltr'><strong>nulla</strong></span> <span class='ocrx_word' id='word_1_876' title='bbox 2287 5139 2437 5185; x_wconf 84' lang='lat' dir='ltr'><strong>certa</strong></span> <span class='ocrx_word' id='word_1_877' title='bbox 2479 5130 2636 5187; x_wconf 89' lang='lat' dir='ltr'><strong>sedes</strong></span> <span class='ocrx_word' id='word_1_878' title='bbox 2665 5127 3057 5200; x_wconf 68' lang='lat' dir='ltr'><strong>praescribitur,</strong></span> <span class='ocrx_word' id='word_1_879' title='bbox 3088 5127 3204 5193; x_wconf 88' lang='lat' dir='ltr'><strong>sed,</strong></span> <span class='ocrx_word' id='word_1_880' title='bbox 3246 5137 3307 5181; x_wconf 90' lang='lat' dir='ltr'><strong>ut</strong></span> <span class='ocrx_word' id='word_1_881' title='bbox 3351 5142 3443 5182; x_wconf 88' lang='lat' dir='ltr'><strong>re-</strong></span> 
     </span>
    </p>
   </div>
   <div class='ocr_carea' id='block_1_113' title="bbox 1869 5217 3444 5292">
    <p class='ocr_par' dir='ltr' id='par_1_113' title="bbox 1869 5217 3444 5292">
     <span class='ocr_line' id='line_1_113' title="bbox 1869 5217 3444 5292; baseline -0.002 -15"><span class='ocrx_word' id='word_1_882' title='bbox 1869 5236 1993 5277; x_wconf 92' lang='lat' dir='ltr'><strong>rum</strong></span> <span class='ocrx_word' id='word_1_883' title='bbox 2023 5221 2203 5292; x_wconf 82' lang='lat' dir='ltr'><strong>opifex</strong></span> <span class='ocrx_word' id='word_1_884' title='bbox 2238 5222 2438 5292; x_wconf 90' lang='lat' dir='ltr'><strong>ubique</strong></span> <span class='ocrx_word' id='word_1_885' title='bbox 2486 5230 2541 5276; x_wconf 90' lang='lat' dir='ltr'><strong>et</strong></span> <span class='ocrx_word' id='word_1_886' title='bbox 2574 5220 2627 5273; x_wconf 93' lang='lat' dir='ltr'><strong>in</strong></span> <span class='ocrx_word' id='word_1_887' title='bbox 2675 5220 2931 5275; x_wconf 88' lang='lat' dir='ltr'><strong>omnibus</strong></span> <span class='ocrx_word' id='word_1_888' title='bbox 2950 5226 3055 5275; x_wconf 90' lang='lat' dir='ltr'><strong>est.</strong></span> <span class='ocrx_word' id='word_1_889' title='bbox 3082 5217 3138 5274; x_wconf 90' lang='lat' dir='ltr'><strong>In</strong></span> <span class='ocrx_word' id='word_1_890' title='bbox 3170 5218 3444 5275; x_wconf 83' lang='lat' dir='ltr'><strong>universis</strong></span> 
     </span>
    </p>
   </div>
   <div class='ocr_carea' id='block_1_114' title="bbox 1867 5308 3443 5382">
    <p class='ocr_par' dir='ltr' id='par_1_114' title="bbox 1867 5308 3443 5382">
     <span class='ocr_line' id='line_1_114' title="bbox 1867 5308 3443 5382; baseline -0.003 -15"><span class='ocrx_word' id='word_1_891' title='bbox 1867 5312 2013 5367; x_wconf 87' lang='lat' dir='ltr'><strong>enim</strong></span> <span class='ocrx_word' id='word_1_892' title='bbox 2055 5312 2257 5377; x_wconf 88' lang='lat' dir='ltr'><strong>rebus,</strong></span> <span class='ocrx_word' id='word_1_893' title='bbox 2295 5311 2437 5382; x_wconf 91' lang='lat' dir='ltr'><strong>ignis</strong></span> <span class='ocrx_word' id='word_1_894' title='bbox 2471 5308 2716 5373; x_wconf 87' lang='lat' dir='ltr'><strong>semina,</strong></span> <span class='ocrx_word' id='word_1_895' title='bbox 2751 5319 2846 5363; x_wconf 87' lang='lat' dir='ltr'><strong>aut</strong></span> <span class='ocrx_word' id='word_1_896' title='bbox 2880 5324 3073 5380; x_wconf 88' lang='lat' dir='ltr'><strong>magna</strong></span> <span class='ocrx_word' id='word_1_897' title='bbox 3094 5350 3109 5375; x_wconf 93' lang='lat'><strong>,</strong></span> <span class='ocrx_word' id='word_1_898' title='bbox 3143 5318 3237 5364; x_wconf 87' lang='lat' dir='ltr'><strong>aut</strong></span> <span class='ocrx_word' id='word_1_899' title='bbox 3277 5322 3443 5379; x_wconf 77' lang='lat' dir='ltr'><strong>parva</strong></span> 
     </span>
    </p>
   </div>
   <div class='ocr_carea' id='block_1_115' title="bbox 1867 5397 3444 5473">
    <p class='ocr_par' dir='ltr' id='par_1_115' title="bbox 1867 5397 3444 5473">
     <span class='ocr_line' id='line_1_115' title="bbox 1867 5397 3444 5473; baseline -0.002 -17"><span class='ocrx_word' id='word_1_900' title='bbox 1867 5403 2221 5473; x_wconf 87' lang='lat' dir='ltr'><strong>proportione</strong></span> <span class='ocrx_word' id='word_1_901' title='bbox 2243 5401 2597 5458; x_wconf 89' lang='lat' dir='ltr'><strong>disseminata</strong></span> <span class='ocrx_word' id='word_1_902' title='bbox 2614 5410 2761 5456; x_wconf 90' lang='lat' dir='ltr'><strong>sunt.</strong></span> <span class='ocrx_word' id='word_1_903' title='bbox 2777 5399 2944 5456; x_wconf 82' lang='lat' dir='ltr'><strong>Terra</strong></span> <span class='ocrx_word' id='word_1_904' title='bbox 2968 5410 3172 5467; x_wconf 90' lang='lat' dir='ltr'><strong>autem,</strong></span> <span class='ocrx_word' id='word_1_905' title='bbox 3194 5397 3444 5454; x_wconf 90' lang='lat' dir='ltr'><strong>omnium</strong></span> 
     </span>
    </p>
   </div>
   <div class='ocr_carea' id='block_1_116' title="bbox 1869 5490 3441 5564">
    <p class='ocr_par' dir='ltr' id='par_1_116' title="bbox 1869 5490 3441 5564">
     <span class='ocr_line' id='line_1_116' title="bbox 1869 5490 3441 5564; baseline -0.003 -15"><span class='ocrx_word' id='word_1_906' title='bbox 1869 5494 2136 5561; x_wconf 85' lang='lat' dir='ltr'><strong>minima,</strong></span> <span class='ocrx_word' id='word_1_907' title='bbox 2180 5510 2310 5549; x_wconf 87' lang='lat' dir='ltr'><strong>cum</strong></span> <span class='ocrx_word' id='word_1_908' title='bbox 2342 5493 2530 5564; x_wconf 88' lang='lat' dir='ltr'><strong>puncti</strong></span> <span class='ocrx_word' id='word_1_909' title='bbox 2598 5492 2952 5564; x_wconf 81' lang='lat' dir='ltr'><strong>proportione</strong></span> <span class='ocrx_word' id='word_1_910' title='bbox 3001 5492 3068 5547; x_wconf 88' lang='lat' dir='ltr'><strong>ad</strong></span> <span class='ocrx_word' id='word_1_911' title='bbox 3123 5490 3441 5545; x_wconf 81' lang='lat' dir='ltr'><strong>universum</strong></span> 
     </span>
    </p>
   </div>
   <div class='ocr_carea' id='block_1_117' title="bbox 1866 5581 3439 5659">
    <p class='ocr_par' dir='ltr' id='par_1_117' title="bbox 1866 5581 3439 5659">
     <span class='ocr_line' id='line_1_117' title="bbox 1866 5581 3439 5659; baseline -0.004 -17"><span class='ocrx_word' id='word_1_912' title='bbox 1866 5585 2148 5659; x_wconf 86' lang='lat' dir='ltr'><strong>fungatur,</strong></span> <span class='ocrx_word' id='word_1_913' title='bbox 2167 5585 2382 5657; x_wconf 87' lang='lat' dir='ltr'><strong>Epitriti</strong></span> <span class='ocrx_word' id='word_1_914' title='bbox 2401 5586 2666 5641; x_wconf 82' lang='lat' dir='ltr'><strong>rationem</strong></span> <span class='ocrx_word' id='word_1_915' title='bbox 2694 5586 2877 5647; x_wconf 86' lang='lat' dir='ltr'><strong>habet.</strong></span> <span class='ocrx_word' id='word_1_916' title='bbox 2928 5581 3439 5645; x_wconf 65' lang='lat' dir='ltr'><strong>Verumenimvero,</strong></span> 
     </span>
    </p>
   </div>
   <div class='ocr_carea' id='block_1_118' title="bbox 1864 5671 3441 5750">
    <p class='ocr_par' dir='ltr' id='par_1_118' title="bbox 1864 5671 3441 5750">
     <span class='ocr_line' id='line_1_118' title="bbox 1864 5671 3441 5750; baseline -0.004 -14"><span class='ocrx_word' id='word_1_917' title='bbox 1864 5688 1921 5737; x_wconf 89' lang='lat' dir='ltr'><strong>et</strong></span> <span class='ocrx_word' id='word_1_918' title='bbox 1950 5679 2234 5735; x_wconf 89' lang='lat' dir='ltr'><strong>hominum</strong></span> <span class='ocrx_word' id='word_1_919' title='bbox 2259 5687 2468 5746; x_wconf 61' lang='lat' dir='ltr'><strong>aetates,</strong></span> <span class='ocrx_word' id='word_1_920' title='bbox 2492 5679 2847 5750; x_wconf 88' lang='lat' dir='ltr'><strong>proportione</strong></span> <span class='ocrx_word' id='word_1_921' title='bbox 2882 5675 3117 5749; x_wconf 87' lang='lat' dir='ltr'><strong>quadam</strong></span> <span class='ocrx_word' id='word_1_922' title='bbox 3146 5714 3161 5742; x_wconf 90' lang='lat'><strong>,</strong></span> <span class='ocrx_word' id='word_1_923' title='bbox 3206 5683 3319 5728; x_wconf 92' lang='lat' dir='ltr'><strong>tum</strong></span> <span class='ocrx_word' id='word_1_924' title='bbox 3371 5671 3441 5730; x_wconf 84' lang='lat' dir='ltr'><strong>ad</strong></span> 
     </span>
    </p>
   </div>
   <div class='ocr_carea' id='block_1_119' title="bbox 1871 5767 3441 5843">
    <p class='ocr_par' dir='ltr' id='par_1_119' title="bbox 1871 5767 3441 5843">
     <span class='ocr_line' id='line_1_119' title="bbox 1871 5767 3441 5843; baseline -0.006 -13"><span class='ocrx_word' id='word_1_925' title='bbox 1871 5773 2021 5830; x_wconf 89' lang='lat' dir='ltr'><strong>orbis</strong></span> <span class='ocrx_word' id='word_1_926' title='bbox 2054 5772 2342 5841; x_wconf 87' lang='lat' dir='ltr'><strong>elementa,</strong></span> <span class='ocrx_word' id='word_1_927' title='bbox 2385 5782 2499 5829; x_wconf 90' lang='lat' dir='ltr'><strong>tum</strong></span> <span class='ocrx_word' id='word_1_928' title='bbox 2530 5772 2598 5829; x_wconf 89' lang='lat' dir='ltr'><strong>ad</strong></span> <span class='ocrx_word' id='word_1_929' title='bbox 2626 5787 2689 5830; x_wconf 88' lang='lat' dir='ltr'><strong>ea</strong></span> <span class='ocrx_word' id='word_1_930' title='bbox 2719 5787 2840 5843; x_wconf 85' lang='lat' dir='ltr'><strong>quae</strong></span> <span class='ocrx_word' id='word_1_931' title='bbox 2873 5767 3191 5826; x_wconf 81' lang='lat' dir='ltr'><strong>animalium</strong></span> <span class='ocrx_word' id='word_1_932' title='bbox 3222 5776 3441 5825; x_wconf 83' lang='lat' dir='ltr'><strong>nostro-</strong></span> 
     </span>
    </p>
   </div>
   <div class='ocr_carea' id='block_1_120' title="bbox 2924 5862 3001 5925">
    <p class='ocr_par' dir='ltr' id='par_1_120' title="bbox 2924 5862 3001 5925">
     <span class='ocr_line' id='line_1_120' title="bbox 2924 5862 3001 5925; baseline 0 0"><span class='ocrx_word' id='word_1_933' title='bbox 2924 5862 3001 5925; x_wconf 54' lang='lat'><strong>153</strong></span> 
     </span>
    </p>
   </div>
  </div>
