3792 6402
193 350 339 410 i289

1441 337 1529 399 DE
1568 343 1851 401 NATURA
1894 341 2200 401 HUMINIS.

3324 355 3461 412 i290

194 470 301 524 καὶ
341 466 469 539 περὶ
523 465 698 536 ψυχῆς
733 463 890 533 ὀλίγα
941 462 1063 517 τινὰ
1117 461 1504 534 διαλάϐωμεν·
1571 465 1660 518 ἵνα
1703 467 1780 536 μὴ
1811 471 1856 526 Α

1895 468 2260 529 disseramus,
2317 479 2383 520 ne
2433 465 2747 521 alterutram
2820 465 3100 524 videamur
3165 470 3462 531 animantis

189 563 441 632 δόξωμεν
501 558 729 628 θάτερον
793 556 961 628 μέρος
1013 555 1108 609 τοῦ
1155 556 1298 619 ζὼου
1355 558 1705 612 καταλιπεῖν.

283 649 662 724 Ἀρχώμεθα⁸¹
717 647 774 700 δὲ
825 647 1098 703 ἐντεῦθεν.
1141 647 1211 702 Ἠ
1261 648 1408 719 ψυχὴ
1459 650 1627 721 νοητὴ
1684 651 1780 703 καὶ

189 743 360 814 νοερά
383 759 396 772 ⁸
425 739 592 810 νοητὴ
637 739 756 809 μὲν,
805 738 940 792 καθὸ
980 741 1184 798 νοεῖται
1219 739 1427 810 νοητῶς
1448 757 1461 769 ·
1507 740 1669 811 νοερὰ
1700 740 1778 806 δὲ,

185 832 270 896 ὡς
307 830 515 901 ἀμιγὴς
543 829 642 897 τῆς
674 827 804 896 ῦλης
832 825 928 879 τοῦ
971 827 1245 897 σώματος.
1284 827 1476 898 Ψυχῆς
1529 826 1586 878 δὲ
1629 826 1782 897 ἐνέρ-

187 939 343 990 γειαι
373 921 676 990 γνωστικαὶ
737 919 834 971 καὶ
869 917 1122 984 ζωτικαὶ,
1159 918 1242 971 ὅτι
1273 917 1557 988 σύμφυτος
1587 919 1620 988 ή
1668 916 1780 988 ζωὴ

186 1015 260 1083 τῇ
293 1011 438 1081 ψυχῇ
460 1027 473 1039 ·
500 1008 579 1080 τῷ
606 1007 818 1079 σώματι
847 1009 904 1062 δὲ
939 1010 1082 1062 κατὰ
1116 1009 1368 1079 μέθεξινο
1415 1010 1646 1080 δργανον
1670 1007 1780 1079 γὰρ

186 1106 261 1172 τῇ
290 1104 436 1173 ψυχῇ
479 1103 538 1154 τὸ
580 1103 768 1171 σῶμα·
804 1101 1170 1170 ὑποκείμενον
1213 1100 1271 1153 δὲ
1311 1100 1408 1154 τοῦ
1464 1099 1780 1170 σώματοςὴ

188 1191 363 1263 ψυχή.
417 1192 681 1262 Κινήσεις
745 1191 974 1260 ψυχικαί
1005 1208 1018 1221 °
1071 1191 1342 1262 αἴσθησις,
1397 1191 1606 1262 νόησις,
1639 1189 1784 1260 ἐνέρ-

190 1299 345 1349 γεια.
378 1285 625 1337 Κινεῖται
656 1281 713 1334 δὲ
743 1285 776 1350 ἡ
815 1281 964 1352 ψυχὴ
994 1282 1293 1346 κυκλικῶς,
1327 1281 1658 1344 ὲλικοειδῶς,
1686 1281 1782 1333 καὶ

192 1377 322 1428 κατ’
361 1373 596 1426 εὐθεῖαν.
648 1372 793 1435 Νοῦς
831 1375 948 1426 ἐστι
1000 1373 1142 1426 κατὰ
1196 1372 1423 1442 γνώμην
1463 1373 1780 1439 ἄπταιστος,

191 1466 426 1538 πρώτης
457 1465 767 1538 προσϐολῆς
797 1467 906 1518 τῶν
931 1467 1276 1538 πραγμάτων
1315 1465 1646 1534 ἁπτόμενος,
1687 1464 1783 1517 καὶ

192 1564 448 1632 κρεῖττον
489 1560 522 1630 ἢ
565 1559 710 1612 κατὰ
749 1558 1029 1623 ἀπόδειξιν
1055 1556 1463 1628 ἀπολαμϐάνων
1477 1557 1522 1588 ⁸²
1553 1558 1623 1610 τὰ
1647 1556 1784 1626 πρόι-

190 1671 417 1724 γματαο
446 1653 514 1706 δι’
555 1645 630 1706 ὧν
680 1651 796 1703 ἐστι
843 1649 1075 1703 συνιδεῖν
1108 1649 1206 1718 πῆ,
1255 1647 1362 1701 ποῦ
1411 1647 1778 1718 πορευόμεθα,

190 1748 318 1802 ὁδὸν
348 1746 637 1820 ζητοῦντες
655 1746 754 1815 τῆς
782 1743 1133 1809 ἀποδείξεως.

279 1918 338 1979 ³0
381 1925 437 1977 δὲ
482 1924 610 1995 περὶ
643 1921 824 1993 ψυχῆς
865 1919 1045 1990 λόγος,
1090 1921 1152 1974 οὐ
1187 1920 1250 1974 τὸ
1286 1921 1339 1975 τί
1373 1923 1522 1974 ἐστιν
1567 1921 1600 1990 ἡ
1633 1919 1780 1990 ψυχὴ

193 2018 322 2072 κατ’
357 2017 546 2071 οὐσίαν
584 2016 859 2071 διδάσκειο
892 2015 1009 2069 ἀλλ’
1041 2016 1097 2069 εί
1123 2032 1178 2068 τι
1206 2015 1306 2068 οὐκ
1351 2014 1466 2068 ἔστι
1506 2015 1688 2085 δηλοῖ·
1719 2013 1782 2067 τὸ

191 2113 310 2181 γὰρ
363 2112 465 2180 τῆς
516 2108 708 2172 οὐσίας
766 2096 935 2180 αὐτῆς
985 2109 1117 2180 παρ’
1166 2110 1300 2180 ἡμῖν
1352 2109 1630 2177 ἄγνωστον
1684 2107 1783 2162 καὶ

192 2203 565 2276 ἀγνώριστον.
613 2201 741 2265 Πῶς
773 2199 906 2266 οὖν,
959 2203 1076 2274 ὲρεῖ
1117 2219 1204 2266 τις
1249 2202 1439 2272 τυχὸν,
1480 2205 1640 2272 εἰπερ
1681 2202 1782 2254 οὐκ

193 2293 493 2349 ἐπίστασαί
537 2309 590 2344 τι
645 2292 775 2363 περὶ
825 2291 1043 2362 ψυχῆς,
1093 2290 1334 2362 γράφεις
1387 2291 1518 2363 περὶ
1568 2290 1779 2361 ψυχῆςς

193 2388 402 2442 ἄτοπον
424 2386 554 2458 γὰρ,
589 2384 651 2438 τὸ
685 2386 758 2454 μὴ
794 2383 1028 2456 βεϐαίως
1056 2383 1251 2454 ἔχοντα
1281 2383 1406 2455 περί
1437 2401 1510 2446 τι,
1545 2384 1781 2455 γράφειν

193 2478 230 2550 ἢ
280 2476 592 2548 ἐξηγεῖσθαι
631 2476 761 2546 περὶ
812 2473 1001 2529 αὑτοῦ.
1045 2475 1258 2527 Εἰδέναι
1301 2474 1410 2546 γὰρ
1452 2474 1534 2527 δεῖ
1564 2473 1781 2545 πρῶτον

193 2567 292 2621 τὸν
319 2566 649 2639 χαρακτῆρα
676 2565 771 2618 τοῦ
794 2567 860 2630 A,
887 2560 1002 2618 εἶτα
1032 2564 1128 2636 τὴν
1156 2564 1252 2617 τοῦ
1279 2564 1549 2634 στοιχείου
1578 2563 1781 2632 γνῶσιν

193 2659 409 2730 ἑτέροις
431 2656 774 2711 ἀποτιθέναι.
806 2657 950 2728 Πρὸς
976 2657 1035 2709 ὃν
1057 2658 1195 2727 pq...
1219 2657 1264 2689 ⁵³
1289 2657 1358 2710 τὰ
1381 2655 1501 2709 θεῖα
1529 2656 1778 2727 ἀόριστα,

192 2751 336 2805 ἀλλὰ
365 2751 460 2803 καὶ
490 2749 748 2818 ἄγνωστα
783 2749 904 2802 κατ’
936 2747 1147 2801 οὐσίαν·
1185 2745 1268 2800 διὸ
1295 2748 1390 2801 καὶ
1420 2747 1512 2800 τὸν
1541 2747 1675 2800 Θεὸν
1700 2749 1779 2800 εἰα

193 2839 349 2896 δέναι
381 2841 634 2910 λέγομεν,
688 2839 764 2911 μὴ
800 2839 1020 2902 ἰδόντεςο
1055 2837 1130 2901 ὡς
1163 2837 1245 2891 τό·
1273 2834 1458 2892 Εἶδον
1488 2838 1596 2890 τὸν
1633 2837 1782 2890 Θεὸν

192 2933 298 2988 ἐπὶ
329 2932 546 3001 θρόνου
570 2931 843 3001 ὑψηλοῦο
875 2931 970 2985 καί
1013 2948 1028 2963 ο
1057 2927 1242 2985 Εἶδον
1271 2932 1379 2985 τὸν
1404 2931 1554 2986 Θεὸν
1591 2933 1778 3000 πρόσ-

194 3040 366 3080 ωπον
395 3026 544 3093 πρὸς
577 3025 907 3093 πρόσωπον
927 3041 940 3055 ’
963 3025 1077 3078 ἀλλ’
1103 3026 1163 3077 οὐ
1207 3025 1329 3079 κατ’
1359 3025 1546 3079 οὐσίαν
1584 3025 1782 3088 ἰδόντες

1883 569 2091 626 partem
2117 558 2553 627 praetermisisse.

1953 649 2072 704 Jam
2111 650 2240 706 hinc
2269 650 2594 721 incipiamus
2628 669 2641 704 :
2673 650 2864 705 Anima
2919 651 3226 721 intelligens
3258 665 3312 709 et
3346 655 3462 725 spi-

1885 739 2094 795 ritualis
2126 759 2139 794 :
2173 740 2502 810 intelligens,
2526 751 2796 810 quatenus
2844 743 3288 800 iutellectualiter
3315 744 3461 815 cogi-

1887 837 1998 896 tat;
2023 829 2345 899 spiritualis,
2375 844 2645 902 quatenus
2662 833 2729 886 ab
2751 835 2897 888 omni
2923 835 3173 890 mistione
3195 852 3318 892 eum
3351 852 3465 891 cor-

1883 921 2030 990 poris
2061 921 2286 976 materia
2319 921 2574 976 innnunis
2603 929 2706 976 est.
2752 921 2962 978 Animae
3003 933 3183 978 autem
3214 926 3464 980 actiones

1883 1011 1948 1065 ad
1981 1012 2416 1082 cognoscendum
2445 1022 2499 1066 et
2522 1013 2606 1084 _ad
2660 1014 2948 1068 vivendum
3002 1025 3273 1085 spectant,
3319 1016 3451 1086 quia

1886 1103 2063 1156 anima
2090 1103 2255 1157 vitam
2282 1105 2443 1158 habet
2464 1103 2726 1166 innatam,
2753 1119 2951 1175 corpus
2977 1116 3157 1161 autem
3181 1122 3274 1175 per
3311 1122 3465 1163 com-

1887 1194 2304 1248 municatiouetn
2328 1210 2342 1259 ;
2369 1209 2602 1262 namque
2627 1208 2887 1263 organum
2907 1196 3100 1249 animm
3114 1205 3195 1250 est
3227 1211 3422 1266 corpus
3445 1213 3460 1262 ;

1884 1285 2131 1354 corporis
2159 1299 2290 1338 vero
2318 1285 2651 1338 substratum
2687 1285 2887 1338 anima.
2917 1284 3090 1341 Motus
3121 1285 3315 1340 animae
3340 1301 3464 1341 scn~

1885 1375 2154 1440 sibilitas;
2193 1368 2474 1446 cogitatio,
2516 1375 2762 1445 energia.
2791 1373 3036 1432 Moretur
3059 1378 3239 1431 anima
3271 1377 3325 1431 in
3355 1378 3464 1432 cir-

1883 1466 2085 1531 culum,
2117 1467 2341 1536 spiram,
2376 1475 2606 1521 rcctum.
2633 1465 2787 1522 Mens
2812 1467 2862 1520 in
2892 1467 3136 1522 consiliis
3164 1468 3277 1522 suis
3293 1465 3464 1521 orien-

1885 1558 2120 1613 diculum
2150 1559 2382 1629 ignorat,
2430 1559 2494 1614 ad
2527 1560 2757 1629 primaut
2795 1575 2978 1615 rerum
3031 1561 3461 1630 pr0pnsitiouem

1886 1649 2170 1702 adhaerens
2223 1659 2277 1704 et
2306 1649 2680 1702 vehementius
2703 1662 2862 1716 quam
2890 1647 3124 1716 postulat
3151 1647 3465 1708 manifesta-

1889 1740 1964 1794 tio
1999 1755 2088 1794 res
2119 1739 2414 1810 abripiens.
2445 1739 2649 1793 Exinde
2701 1739 3049 1794 considerare
3078 1749 3160 1794 est
3195 1752 3323 1808 qua,
3355 1753 3464 1808 quo

1883 1845 2194 1901 pergamus,
2228 1832 2369 1884 viam
2404 1839 2710 1900 quaerentes
2742 1831 3218 1887 manifestationis.

1957 1923 2143 1992 Itaque
2177 1925 2242 1976 de
2277 1923 2454 1976 anima
2501 1922 2815 1992 disputatio,
2849 1937 2952 1976 nou
3005 1922 3134 1993 quid
3186 1921 3254 1976 sit
3282 1922 3464 1975 anima

1883 2011 2056 2078 quoad
2085 2010 2378 2066 essentiam
2415 2011 2608 2076 docet;
2637 2011 2731 2066 sed
2768 2011 2894 2080 quid
2931 2028 3034 2066 non
3091 2012 3163 2066 sit
3194 2013 3460 2066 ostendit.

1882 2101 2128 2173 Namque
2156 2103 2272 2173 ejus
2320 2105 2556 2160 essentia
2590 2105 2717 2173 quid
2768 2103 2861 2170 sit,
2897 2118 3073 2173 neque
3100 2105 3244 2158 scire
3283 2117 3463 2172 neque

1883 2193 2096 2265 assequi
2128 2194 2282 2250 nobis
2307 2194 2453 2250 licet.
2483 2193 2764 2261 Quomodo
2799 2210 2950 2265 ergo,
2984 2193 3124 2249 dicet
3151 2195 3460 2264 quispiam,

1884 2288 1950 2342 de
1979 2288 2160 2344 anima
2193 2288 2327 2343 nihil
2363 2290 2563 2352 sciens,
2597 2290 2662 2343 de
2693 2289 2868 2342 anima
2906 2288 3143 2344 scribis?
3164 2288 3460 2343 absurdum

1884 2381 2050 2448 enim,
2084 2381 2159 2436 rei
2197 2381 2417 2435 notione
2467 2379 2619 2433 ﬁrma
2669 2381 3057 2445 carentem,de
3110 2394 3175 2434 ea
3223 2378 3464 2435 scribere

1885 2482 1978 2526 aut
1999 2471 2288 2527 disserere.
2330 2469 2569 2526 Noscere
2597 2471 2740 2526 enim
2775 2481 2991 2542 oportet
3037 2473 3212 2542 primo
3267 2471 3464 2527 litterae

1881 2567 1925 2619 A
1963 2563 2214 2630 formam,
2236 2564 2478 2634 posthaec
2503 2572 2713 2617 tantum
2742 2562 3138 2618 elementorum
3165 2561 3457 2617 scientiam

1885 2657 2011 2712 aliis
2037 2671 2362 2728 proponere.
2400 2654 2498 2710 Cui
2536 2655 2872 2726 respondebo
2903 2671 2916 2706 :
2956 2655 3149 2709 Divina
3182 2654 3460 2709 indeliuita

1883 2758 1937 2804 et
1975 2749 2127 2818 juxta
2178 2747 2472 2803 essentiam
2509 2745 3099 2816 incomprehensibilia.
3148 2743 3332 2800 Videri
3366 2752 3454 2799 ta-

1882 2856 2006 2897 men
2046 2841 2213 2895 Deum
2256 2855 2285 2893 a
2317 2841 2478 2895 nobis
2535 2839 2787 2904 dicimus,
2816 2854 2975 2909 quem
3030 2854 3138 2894 non
3190 2839 3457 2907 videmus,

1884 2945 1940 2986 nt
1975 2953 1989 2988 :
2032 2932 2150 2987 Vidi
2180 2932 2348 2987 Deum
2379 2948 2537 3002 super
2571 2932 2814 2986 thronum
2842 2932 3140 2986 excelsum‘
3165 2950 3180 2999 ;
3201 2943 3257 2988 et
3287 2951 3300 2986 :
3340 2931 3462 2986 Vidi

1882 3027 2049 3080 Deum
2089 3026 2223 3095 facie
2257 3026 2325 3078 ad
2354 3025 2601 3094 faciem”.
2637 3025 2707 3078 At
2761 3039 2865 3078 non
2910 3025 3210 3080 secundum
3263 3039 3457 3080 esseu-

194 3122 356 3185 Θεὸν,
387 3121 562 3175 ταῦτα
604 3121 894 3192 εἰρήκασιν
933 3123 982 3174 οἰ
1021 3121 1355 3193 ἑωρακότες,
1398 3120 1513 3174 ἀλλ’
1555 3123 1780 3192 ὲνεργη-
1807 3158 1850 3216 C

1895 3117 2020 3171 tiam
2055 3117 2222 3172 Deum
2260 3117 2508 3172 videntes
2549 3115 2677 3169 talia
2703 3116 2955 3170 dixerunt
2988 3117 3100 3180 isti,
3141 3119 3235 3174 sed
3291 3117 3461 3190 inspi-

196 3213 386 3275 θέντες
408 3211 631 3266 τοιῶσδε
650 3228 663 3242 ’
689 3211 814 3264 ἐπεὶ
841 3210 989 3265 Θεὸν
1011 3211 1272 3278 ἑώρακεν
1293 3209 1494 3276 οὐδεὶς
1514 3208 1775 3263 πώποτε·

196 3306 324 3359 κατ’
357 3304 546 3358 οὐσίαν
575 3304 798 3375 δηλαδὴ,
827 3304 928 3358 οὐκ
963 3305 1026 3357 ὲκ
1055 3304 1163 3358 τῶν
1197 3305 1316 3358 κατ’
1344 3303 1532 3369 αὐτὸν,
1566 3303 1683 3356 ἀλλ’
1715 3305 1780 3357 ὲκ

194 3395 314 3449 τῶν
353 3396 482 3466 περί
524 3396 708 3448 αὐτόν.
754 3395 894 3447 Ἀλλ’
933 3396 1032 3464 οὐχ
1062 3397 1089 3448 ὁ
1123 3394 1219 3465 τὴν
1250 3395 1440 3448 οὐσίαν
1475 3393 1549 3465 μὴ
1575 3393 1779 3448 εἰδέναι

196 3486 372 3542 εἰπὼν
399 3487 494 3540 τοῦ
524 3485 684 3550 Θεοῦ,
720 3486 798 3557 μὴ
841 3483 1168 3538 ἐπίστασθαι
1197 3484 1288 3536 τὸν
1321 3483 1456 3537 Θεὸν
1491 3482 1780 3552 ὡμολόγη-

200 3597 339 3646 σεν;
393 3579 535 3632 Ἀλλ’
566 3575 676 3632 οἶδε
715 3579 819 3649 μὲν
862 3577 1027 3631 αὑτὸν
1059 3579 1123 3630 ὲκ
1153 3576 1263 3630 τῶν
1297 3575 1610 3648 ἐνεργειῶν·
1644 3570 1777 3642 οἷον,

198 3672 636 3742 παντοδύναμον,
671 3669 1090 3740 παντεπόπτην,
1119 3668 1321 3737 ἀγαθὸν
1354 3669 1447 3721 καὶ
1473 3666 1779 3738 φιλάνθρω-

195 3779 308 3817 πον
357 3760 692 3833 δημιουργὸν
743 3759 837 3814 καὶ
884 3759 1197 3831 κηδεμόνα,
1250 3759 1342 3812 καὶ
1393 3757 1777 3831 προνοητικόνο

190 3857 392 3925 ἀγνοεί
424 3855 482 3909 δὲ
518 3855 618 3926 τὴν
651 3855 814 3924 φύσιν
853 3853 1036 3908 ὁποία.
1074 3854 1147 3906 Οὺ
1203 3851 1310 3923 μὴν
1338 3851 1427 3906 διὰ
1461 3851 1524 3907 τὸ
1563 3852 1780 3920 ἀγνοεῖν

191 3948 305 4018 τὴν
329 3947 518 4000 οὐσίαν
544 3947 700 4006 Θεοῦ.
750 3945 889 4017 μηδὲ
917 3946 1000 3999 ὅτι
1025 3945 1159 4008 Θεός
1187 3947 1300 3996 ἐστι
1328 3943 1554 3998 δύναται
1579 3944 1776 4013 λέγειν·

190 4038 360 4096 τοῦτο
388 4039 498 4111 γὰρ
527 4039 635 4092 τῶν
665 4039 920 4110 ἀφρόνων
942 4054 956 4068 ο
987 4034 1134 4092 Eine
1158 4038 1268 4108 γὰρ
1295 4037 1502 4106 ἄφρων
1539 4039 1610 4091 ἐν
1643 4053 1781 4104 καρ-

188 4132 302 4198 δίᾳ
329 4131 517 4185 αὐτοῦ
552 4147 566 4160 ·
599 4132 724 4184 Οὐκ
753 4130 887 4184 ἐστι
917 4132 1082 4196 Θεός.
1101 4129 1291 4200 Ἡμεῖς
1323 4130 1380 4182 δὲ
1405 4129 1779 4200 ὁμολογοῦμεν

189 4227 286 4277 ὅτι
323 4223 455 4286 Θεὸς
487 4221 628 4274 ἐστι’
659 4221 754 4274 καὶ
796 4223 860 4274 ὲκ
887 4220 996 4274 τῶν
1027 4226 1349 4291 ποιημάτων
1377 4221 1544 4274 αὑτοῦ
1575 4220 1776 4292 γνωρί-

191 4318 316 4380 ζειν
363 4315 528 4368 αὑτὸν
565 4313 819 4384 λέγομεν·
871 4316 937 4385 τῇ
974 4313 1032 4366 δὲ
1073 4313 1233 4385 οὐσία
1267 4313 1433 4368 αὑτοῦ
1479 4313 1780 4386 προσεγγί-

191 4408 316 4472 ζειν
341 4409 438 4477 οὐχ
470 4405 900 4478 ὑπισχνούμεθα.

1886 3211 2006 3266 rati.
2033 3210 2308 3280 Siquidem
2335 3208 2499 3264 Deum
2523 3224 2672 3262 nemo
2701 3209 2833 3263 vidit
2851 3226 3078 3280 unquam
3097 3210 3138 3274 ³,
3164 3212 3458 3266 secundum

1883 3304 2178 3358 essentiam
2209 3301 2489 3371 nimirum,
2523 3317 2697 3373 neque
2725 3317 2792 3357 ex
2822 3301 2887 3357 iis
2907 3303 2996 3371 qui
3035 3302 3102 3356 ad
3128 3301 3298 3370 ipsius
3325 3303 3455 3355 ima-

1884 3395 2063 3466 ginem
2098 3395 2224 3450 facti
2254 3404 2400 3460 sunt,
2435 3409 2610 3464 neque
2637 3411 2706 3450 ex
2746 3394 2812 3449 iis
2844 3395 2936 3465 qui
2980 3393 3030 3448 ei
3066 3403 3267 3448 astant.
3315 3390 3457 3447 Num

1884 3489 2048 3558 igitur
2078 3489 2172 3558 qui
2231 3487 2325 3542 Dei
2379 3487 2672 3542 essentiam
2711 3486 2924 3541 nescire
2950 3500 3010 3541 se
3040 3484 3257 3549 fatetur,
3289 3484 3458 3538 Deum

1885 3582 2137 3651 ignorare
2164 3595 2223 3636 se
2253 3581 2534 3636 confessus
2558 3579 2678 3634 est?
2700 3578 2806 3634 Sed
2830 3593 2952 3633 eum
2975 3578 3192 3648 quidem
3227 3593 3294 3632 ex
3326 3593 3458 3647 ope-

1886 3675 2038 3728 ribus
2057 3675 2224 3740 novit,
2249 3674 2456 3727 scilicet
2473 3673 2926 3743 omnipotentem,
2953 3671 3134 3726 omnia
3162 3671 3454 3734 videntem,

1884 3766 2110 3832 bonum,
2140 3765 2454 3833 benignum,
2491 3764 2674 3820 mundi
2706 3771 3008 3819 creatorem
3036 3773 3092 3818 et
3128 3764 3458 3834 gubernato-

1885 3875 2000 3913 rem
2029 3867 2086 3912 et
2110 3865 2418 3912 curatorem
2457 3877 2469 3912 :
2503 3857 2681 3927 qualis
2711 3871 2842 3912 vero
2883 3858 2955 3912 sit
2994 3865 3190 3910 natura
3222 3856 3454 3926 ignorat.

1883 3949 2062 4014 Quare
2091 3948 2180 4014 qui
2219 3945 2314 4001 Dei
2367 3948 2728 4001 substantiam
2780 3946 3016 4016 ignorat,
3081 3945 3263 4000 dicere
3312 3946 3457 4016 quod

1883 4043 2024 4097 Deus
2045 4058 2150 4098 non
2180 4042 2409 4096 exsistat
2440 4042 2660 4112 nequit;
2687 4040 3211 4110 insipientiumenim
3230 4040 3331 4095 hoc
3350 4050 3456 4098 est.

1880 4132 2148 4204 Namque,
2172 4133 2318 4187 Dixit
2333 4135 2584 4203 insipiens
2599 4134 2654 4186 in
2672 4133 2828 4187 corde
2848 4148 2944 4186 suo
2967 4147 2987 4186 :
3007 4131 3129 4186 Non
3150 4141 3227 4187 est
3252 4131 3392 4188 Deus
3413 4133 3454 4188 ⁸.

1879 4224 1990 4279 Nos
2019 4233 2199 4278 autem
2224 4222 2394 4276 Deum
2423 4237 2545 4278 esse
2575 4221 2923 4286 conﬁtemur,
2953 4229 3008 4276 et
3037 4237 3101 4276 ex
3135 4221 3256 4291 ejus
3279 4223 3458 4292 operi-

1880 4316 1981 4372 bus
2007 4331 2106 4372 nos
2136 4331 2259 4371 eum
2288 4329 2620 4386 cognoscere
2647 4314 2900 4382 dicimus,
2933 4315 3000 4369 ad
3025 4315 3319 4370 essentiam
3357 4331 3458 4372 au.

1883 4419 1987 4465 tem
2017 4409 2134 4477 ejus
2168 4410 2430 4464 accedere
2467 4421 2575 4462 non
2605 4406 2866 4462 valemus.

285 4501 439 4554 Ἐπεὶ
461 4495 556 4553 οὖν
585 4500 679 4553 καὶ
705 4501 736 4569 ἡ
763 4499 910 4570 ψυχὴ
954 4499 1074 4553 κατ’
1107 4498 1292 4552 εἰκόνα
1318 4498 1454 4553 Θεοῦ
1489 4501 1626 4564 ἐστι,
1659 4498 1775 4552 δια·
1807 4491 1853 4546 D

1952 4503 2086 4558 Cum
2143 4501 2306 4570 igitur
2351 4499 2419 4553 ad
2478 4497 2572 4554 Dei
2634 4500 2921 4567 imaginem
2947 4499 3020 4555 sit
3053 4498 3258 4565 anima,
3293 4500 3456 4555 intel-

189 4590 440 4659 πέφευγε
471 4589 573 4659 τὴν
600 4588 881 4659 ἡμετέραν
910 4587 1237 4658 κατάληψινο
1268 4589 1362 4640 καὶ
1385 4589 1468 4641 ὅτι
1500 4588 1600 4658 μέν
1625 4589 1776 4642 ἐστιν

189 4686 256 4736 ἐν
280 4680 357 4751 τῷ
387 4678 659 4750 ἀνθρώπῳ
689 4679 860 4750 ψυχὴ,
880 4675 1000 4732 οῖδα
1031 4679 1240 4749 σαφῶς,
1265 4681 1357 4732 καὶ
1382 4681 1448 4732 ὲκ
1468 4679 1579 4733 τῶν
1604 4680 1776 4749 ἁγίων

185 4774 233 4826 Γ
236 4771 428 4844 ραφῶν
459 4770 662 4840 ἔμαθον
689 4770 902 4840 ταύτην
931 4771 1200 4824 ἀθάνατον
1229 4767 1372 4825 εἶναι
1396 4811 1410 4838 ,
1439 4775 1560 4826 κατ’
1587 4775 1774 4828 εἰκόνα

179 4863 293 4920 τοῦ
323 4863 642 4926 Κτίσαντος·
671 4863 724 4914 τί
754 4862 813 4915 δὲ
838 4863 872 4932 ὴ
901 4862 1058 4916 οὐσία
1088 4864 1258 4934 αὐτῆς
1295 4865 1468 4928 ἐστιν,
1495 4865 1632 4936 ὑπὲρ
1659 4866 1775 4920 διά-

179 4975 346 5013 νοιαν
378 4956 621 5027 τίθεμαι.
658 4957 769 5009 Καὶ
799 4952 916 5009 οῖδα
946 4951 1073 5022 οῦν,
1117 4957 1212 5010 καὶ
1245 4959 1346 5010 οὐκ
1377 4953 1494 5011 οἶδα
1519 4975 1532 4989 ·
1577 4959 1636 5011 οὺ
1668 4960 1778 5030 μὴν

179 5048 340 5104 κατὰ
375 5048 590 5110 ταύτὸν,
625 5045 760 5099 ἀλλὰ
790 5047 910 5100 κατ’
945 5046 1074 5099 ἄλλο
1109 5045 1208 5115 μὲν
1240 5041 1379 5112 οἰδα,
1413 5049 1533 5100 κατ’
1563 5049 1690 5102 ἄλλο
1718 5049 1774 5102 δὲ

176 5140 396 5209 ἀγνοῶ·
423 5140 518 5194 καὶ
546 5140 794 5204 εἰκότως.
819 5140 882 5192 Εἰ
911 5141 1008 5208 μὲν
1037 5141 1146 5209 γὰρ
1173 5141 1498 5213 καταληπτὴ
1523 5137 1588 5212 ἦν
1611 5143 1644 5213 ἡ
1665 5143 1766 5214 τῆς

178 5233 406 5297 εἰκόνος
432 5235 610 5299 οὐσία,
648 5235 681 5304 ἡ
717 5233 772 5288 δὲ
799 5234 893 5288 τοῦ
928 5233 1064 5287 Θεοῦ
1092 5233 1506 5305 ἀκατάληπτος,
1546 5238 1577 5304 ὴ
1615 5237 1769 5289 ἐναν-

177 5323 380 5392 τιότης
419 5323 528 5376 τῶν
561 5323 1050 5396 ἐπιθεωρουμένων
1095 5325 1156 5378 τὸ
1193 5325 1641 5398 διημαρτημένον
1674 5325 1774 5396 τῆς

179 5414 403 5478 εἰκόνος
432 5414 707 5487 διήνεγκε.

269 5599 285 5628 "
310 5593 414 5654 lsa.
449 5614 525 5665 vt,
570 5599 614 5653 l.

1885 4593 2159 4664 ligentiam
2193 4599 2438 4646 nostram
2459 4601 2785 4660 exsuperat;
2811 4601 2868 4648 et
2889 4600 3032 4661 quod
3060 4591 3112 4646 in
3147 4591 3365 4648 homine
3387 4595 3456 4648 sit

1882 4687 2088 4753 anima,
2126 4685 2257 4740 illud
2291 4685 2536 4754 profecto
2567 4685 2713 4747 novi,
2745 4695 2800 4740 et
2847 4700 2909 4739 ex
2956 4687 3128 4741 sacris
3156 4685 3455 4756 Scripturis

1883 4778 2029 4832 illam
2068 4775 2428 4832 immortalem
2468 4791 2589 4831 esse
2615 4777 2809 4842 didici,
2846 4778 2914 4830 ad
2957 4777 3234 4832 Creatoris
3265 4778 3456 4848 imagi-

1882 4885 2042 4936 nem;
2071 4869 2201 4939 quid
2235 4882 2366 4922 vero
2394 4868 2463 4922 sit
2497 4867 2616 4936 ejus
2649 4867 2906 4934 essentia,
2943 4867 2994 4921 id
3039 4883 3200 4936 supra
3249 4868 3452 4923 intelli-

1881 4961 2117 5033 gentiam
2142 4959 2341 5016 fateor.
2369 4958 2434 5012 Et
2456 4973 2725 5030 cognosco
2742 4973 2893 5027 ergo,
2925 4965 2979 5014 et
3005 4973 3112 5016 non
3144 4974 3452 5030 cognosco;

1864 5068 1986 5108 non
2032 5051 2278 5121 equidem
2321 5050 2508 5104 eodem
2549 5051 2732 5114 modo,
2761 5052 2856 5107 sed
2906 5051 3064 5106 aliter
3098 5052 3242 5115 novi,
3299 5052 3455 5105 aliter

1877 5141 2066 5207 ignoro
2093 5157 2105 5192 :
2127 5149 2182 5194 et
2204 5139 2319 5202 iure
2346 5140 2664 5210 meritoque.
2703 5139 2758 5194 Si
2782 5141 2927 5196 enim
2947 5141 3456 5210 comprehensibilis

1875 5239 2024 5285 esset
2071 5229 2326 5300 imaginis
2346 5232 2607 5296 essentia,
2661 5231 2755 5286 Dei
2789 5246 2919 5287 vero
2975 5237 3209 5289 essentia
3260 5234 3459 5288 incum.

1884 5321 2290 5392 prehensibilis,
2329 5323 2442 5380 haec
2473 5321 2780 5380 diﬁ‘ereutia
2813 5324 3066 5396 imaginis
3089 5324 3454 5400 imperfectiu-

1882 5429 2006 5468 netn
2048 5423 2321 5484 argueret.

691 5601 711 5630 ²
739 5597 874 5656 Gen.
909 5615 1081 5667 xxx",
1110 5599 1199 5655 50.
1278 5598 1298 5630 ³
1335 5597 1492 5655 Joan.
1519 5615 1558 5666 t,
1594 5599 1678 5655 l8.
1760 5600 1778 5628 ⁸
1807 5596 1947 5653 Psal.
1985 5613 2104 5669 snt,
2127 5601 2180 5654 4.

264 5775 310 5808 ⁸⁸
338 5777 704 5850 ἀρχώμεθα...
729 5780 985 5848 ἐδόξασαν
1018 5779 1151 5852 (εοί.
1189 5795 1304 5852 seq.
1334 5779 1374 5835 Β
1402 5780 1420 5835 l
1447 5778 1466 5849 )
1513 5793 1621 5834 om.
1648 5776 1706 5834 P.
1784 5778 1829 5809 ⁸¹
1860 5823 1861 5828 η

1895 5777 1942 5831 ic
1962 5777 2025 5832 Α.
2103 5777 2152 5810 ⁸³
2178 5777 2372 5849 ῥητέον
2396 5777 2503 5833 vid.
2530 5777 2634 5850 leg.
