3792 6310
391 313 524 368 1³291

391 526 644 583 essentia:
701 521 1151 589 comprehensio,
1211 516 1816 587 incomprehensibilem
1874 517 1967 571 Dei

391 627 642 672 naturam
673 627 768 682 per
793 613 842 665 id
873 609 1013 678 quod
1041 611 1282 680 ignotum
1314 619 1400 663 est
1427 609 1483 662 in
1512 622 1574 662 ea
1608 609 1966 664 demonstrat.

391 710 456 765 Et
491 716 748 763 accurate
788 702 1071 773 archetypi
1109 700 1522 754 similitudinem
1554 700 1720 754 habet
1747 710 1804 754 ut
1842 714 1968 754 vcra

390 803 588 869 imago.
636 796 691 849 Si
725 809 856 849 vero
884 809 950 848 eo
991 793 1135 862 quod
1171 793 1378 861 absque
1435 791 1596 844 initio
1632 801 1717 845 est
1747 791 1886 845 Deus
1918 798 1974 844 et

1702 301 1990 358 MELETII
2035 299 2344 358 MONACHI

459 434 596 490 Cum
634 440 812 485 autem
864 426 1279 498 intelligentiam
1333 434 1580 480 nostram
1631 424 1800 495 fugiat
1853 428 1971 493 ejus
2002 440 2049 497 Α

3536 295 3665 354 ιειι

2161 427 2314 480 Ἐπεὶ
2348 427 2402 479 δὲ
2436 425 2629 495 φεύγει
2657 424 2754 496 τὴν
2789 421 2990 494 γνῶσιν
3024 422 3181 495 ἡμῶν
3210 422 3311 494 τῆς
3337 421 3541 484 οὐσίας
3572 427 3666 476 αὒ-

2072 522 2172 591 τῆς
2210 523 2244 592 ἡ
2283 519 2612 589 κατάληψις,
2647 519 2746 590 τὴν
2775 518 3166 590 ἀκατάληπτον
3203 517 3371 586 φύσιν
3407 514 3554 568 Θεοῦ
3591 515 3665 585 τῷ

2073 616 2194 666 κατ’
2245 612 2417 683 αὐτὴν
2469 609 2734 679 ἀγνώστῳ
2785 609 3201 682 χαρακτηρίζει.
3254 609 3367 662 Καὶ
3415 607 3664 678 ἀκριϐῶς

2073 705 2210 777 πρὸς
2253 705 2322 758 τὰ
2371 705 2712 774 ὑποκείμενα
2763 702 2864 774 τὴν
2899 702 3193 774 ὁμοιότητα
3228 703 3345 772 ἔχει
3379 701 3457 763 ὡς
3502 699 3662 752 chain

2073 797 2305 867 ἀληθής.
2340 797 2403 848 Ei
2429 795 2486 849 δὲ
2520 797 2601 849 ὅτι
2629 795 2868 866 ἁναρχός
2900 797 3048 847 ἐστιν
3076 797 3104 848 ό
3137 793 3271 856 Θεὸς
3303 794 3405 846 καὶ
3433 792 3660 846 ἁτελεῦ-

391 893 658 954 inﬁnittts,
684 890 809 941 dum
841 887 1054 941 initium
1090 885 1282 938 habuit
1317 884 1521 949 anima,
1546 883 1758 937 etiamsi
1809 884 1969 936 ﬁnem

2155 906 2254 953 ιος,
2289 887 2491 960 ἤρξατο
2527 886 2583 939 δὲ
2614 887 2646 957 ἡ
2679 887 2849 959 ψυχὴ,
2881 889 2928 940 εί
2955 887 3049 940 καὶ
3073 887 3223 949 τέλος
3249 887 3349 954 οὐχ
3381 886 3524 951 ἕξει,
3553 883 3664 936 6t:-

390 1002 497 1042 μοι]
559 982 798 1044 habebit,
858 980 974 1032 haec
1035 994 1139 1031 non
1196 977 1425 1046 amplius
1474 977 1650 1046 imago
1682 991 1809 1028 vera
1851 989 1971 1029 esse

388 1078 655 1139 videatur,
710 1072 792 1126 vel
863 1069 1098 1138 objectio
1167 1067 1327 1122 facile
1373 1065 1632 1124 solvetur.
1666 1065 1816 1122 Cur?
1847 1067 1972 1134 quia

390 1169 680 1240 imaginem
713 1165 945 1218 dicimus
982 1162 1121 1231 regis
1147 1160 1576 1224 similitudinem,
1602 1161 1695 1214 sed
1741 1174 1876 1227 qua).
1903 1157 1971 1212 ab

391 1261 724 1330 intelligente
744 1258 969 1310 multum
996 1253 1195 1307 diﬁ‘ert.
1224 1252 1381 1306 Etdii
1424 1251 1678 1316 dicimur,
1719 1249 1812 1305 sed
1863 1264 1968 1302 non

392 1355 533 1408 sicut
566 1351 657 1421 qui
705 1365 768 1402 ex
809 1357 996 1400 natura
1029 1347 1204 1408 Deus;
1229 1353 1282 1398 et
1327 1343 1419 1397 ﬁlii
1454 1342 1664 1397 Excelsi
1687 1381 1702 1405 ,
1737 1343 1830 1395 sed
1860 1355 1969 1395 non

395 1446 538 1500 sicut
591 1440 900 1510 unigenitns
934 1435 1139 1502 Filius;
1175 1444 1229 1489 ct
1261 1434 1441 1502 imago
1472 1433 1589 1495 Dei,
1625 1433 1718 1487 sed
1770 1447 1876 1484 non
1912 1441 1972 1483 ut

394 1540 771 1604 prototypum;
839 1533 1064 1596 propter
1119 1538 1313 1578 causas
1352 1523 1578 1586 multas,
1614 1535 1750 1590 quas
1805 1533 1971 1574 nove-

394 1629 522 1675 runt
555 1619 725 1674 solum
755 1616 950 1685 quibus
986 1616 1228 1669 scientiae
1257 1616 1433 1668 lumen
1475 1613 1697 1667 aﬂ‘nlsit.

465 1711 572 1764 lies
597 1723 728 1777 ergo
762 1721 884 1760 cum
915 1705 987 1758 ita
1024 1719 1082 1758 se
1110 1704 1327 1768 habeat,
1363 1702 1608 1757 dicemus
1648 1700 1714 1755 de
1744 1714 1808 1754 ea
1853 1712 1973 1768 quae

2073 983 2264 1034 πίπτει
2299 979 2395 1033 τοῦ
2434 976 2575 1034 εἶναι
2608 978 2778 1033 εἰκὼν
2808 978 3043 1048 ἀληθής·
3085 980 3144 1032 οὐ
3176 979 3233 1032 δὲ
3265 977 3432 1032 τοῦτο
3459 977 3662 1046 ἄπορον

2073 1074 2152 1136 είς
2182 1071 2505 1140 ἀπολογίαν.
2532 1070 2684 1124 Διατί
2705 1088 2718 1134 ;
2742 1071 2823 1123 ὅτι
2859 1071 3044 1123 εἰκόνα
3069 1069 3300 1142 λέγομεν
3332 1069 3398 1121 τὸ
3432 1067 3533 1121 τοῦ
3573 1068 3662 1136 βα-

2074 1165 2268 1229 σιλέως
2296 1162 2550 1234 ὁμοίωμα
2572 1204 2586 1227 ,
2628 1161 2765 1217 ἀλλὰ
2806 1162 2941 1215 πολὺ
2986 1162 3245 1232 διάφορον
3272 1161 3378 1232 τῆς
3407 1158 3664 1214 αἰσθανο-

2075 1257 2267 1329 μένης·
2299 1258 2395 1311 καὶ
2422 1256 2534 1309 θεοὶ
2563 1253 2858 1325 λεγόμεθα,
2889 1253 3005 1308 ἁλλ’
3032 1253 3130 1324 οὐχ
3150 1255 3224 1316 ὡς
3253 1255 3281 1306 ὁ
3307 1253 3481 1322 φύσει
3513 1252 3660 1313 Θεός·

2074 1353 2167 1406 καὶ
2219 1352 2270 1404 οἱ
2314 1351 2423 1404 υἱοὶ
2471 1349 2752 1420 Ὑψίστου,
2809 1348 2926 1402 ἀλλ’
2967 1349 3027 1401 οὐ
3063 1349 3205 1402 κατὰ
3253 1347 3346 1400 τὸν
3395 1345 3666 1416 μονογενῆ

2074 1446 2225 1498 Υίόν·
2264 1444 2361 1498 καὶ
2393 1442 2558 1497 εἰκὼν
2593 1442 2751 1505 θεοῦ,
2789 1441 2906 1494 ἀλλ’
2933 1442 3031 1513 οὐχ
3059 1442 3134 1505 ὡς
3164 1441 3224 1493 τὸ
3264 1440 3664 1510 πρωτότυπον·

2073 1539 2162 1592 διὰ
2195 1537 2396 1599 πολλὰς
2441 1536 2643 1602 αἰτίας,
2686 1536 2752 1598 ἃς
2771 1535 2818 1568 ⁸⁵⁵
2846 1534 3021 1588 οἴδασι
3071 1535 3222 1606 μόνοι
3261 1536 3310 1587 οἱ
3366 1531 3583 1601 γνῶσιν
3614 1533 3668 1584 ἐν

2080 1629 2290 1682 συνέσει
2315 1627 2750 1698 κατορθωκότες.

2161 1721 2316 1773 Ἐπεὶ
2363 1716 2456 1774 οὖν
2483 1720 2631 1773 τοῦθ’
2662 1719 2834 1781 οὓτως
2869 1719 3002 1790 ἕχει,
3046 1719 3292 1788 εἴπωμεν
3327 1719 3467 1788 περὶ
3500 1718 3670 1786 αῦτῆς

393 1812 606 1856 veteres
632 1799 905 1868 sapientes
939 1797 1142 1866 opinati
1173 1805 1316 1849 sunt.
1351 1793 1596 1864 Namque
1621 1792 1971 1862 philosopho-

2155 1832 2176 1867 tt
2214 1815 2264 1866 οί
2295 1812 2462 1866 πάλαι
2492 1813 2645 1882 σοφοὶ
2673 1812 2952 1878 ἐδόξασαν.
2983 1815 3045 1866 Οί
3080 1813 3181 1883 μὲν
3212 1813 3322 1883 γὰρ
3361 1813 3477 1864 τῶν
3523 1809 3669 1878 ςιλο-

397 1911 514 1950 rutu
561 1893 652 1947 alii
703 1891 948 1960 corporis
979 1893 1186 1951 instar,
1241 1888 1487 1957 corporis
1546 1894 1825 1955 expertem
1877 1883 1970 1938 alii

395 1984 642 2040 arbitrati
668 1991 796 2038 sunt
824 1981 1086 2035 animam.
1132 1977 1249 2034 Uno
1283 1978 1453 2033 verbo
1501 1978 1568 2031 de
1597 1975 1853 2032 omnibus
1880 1973 1973 2043 qui

393 2074 640 2144 corporis
666 2075 840 2129 instar
875 2072 1117 2126 animam
1165 2070 1423 2122 dixerunt
1461 2068 1577 2122 sive
1613 2076 1873 2131 mentem,
1901 2065 1974 2120 sit

394 2169 553 2238 ignis,
578 2175 670 2221 aut
697 2181 858 2234 aqua,
879 2172 972 2218 aut
1001 2162 1245 2232 sanguis,
1270 2168 1356 2213 aut
1377 2174 1492 2228 aer,
1517 2169 1610 2212 aut
1629 2159 1772 2212 aliud
1805 2159 1969 2227 quod-

394 2262 546 2324 libet,
576 2255 770 2312 aﬁ‘erre
803 2255 1036 2311 suﬁiciat
1077 2251 1351 2307 Ammonii
1402 2249 1750 2321 Pythagorici
1786 2250 1971 2314 verba,

396 2364 588 2418 nempe
623 2366 636 2403 :
671 2366 690 2399 ι
730 2346 972 2416 Corpora
1010 2347 1228 2414 propria
1257 2352 1447 2396 natura
1477 2341 1682 2396 caduca
1714 2355 1839 2394 cum
1867 2341 1976 2394 sint

396 2454 448 2499 ct
466 2445 607 2497 [lusa
631 2450 683 2498 et
704 2443 770 2494 ad
793 2438 1062 2494 inﬁnitum
1081 2437 1302 2489 omnino
1322 2435 1563 2501 dividua,
1584 2449 1811 2504 quorum
1832 2432 1974 2487 nulla

395 2552 523 2607 pars
560 2531 918 2588 immutabilis
949 2535 1223 2594 remanet;
1259 2528 1392 2597 ipsis
1413 2528 1730 2582 continente
1761 2535 1816 2581 et
1845 2540 1977 2580 con-

395 2631 626 2684 ducente
653 2633 707 2681 et
729 2623 880 2694 quasi
900 2619 1222 2690 coagulante
1246 2621 1673 2689 dominauthue
1701 2633 1840 2689 opus
1861 2629 1971 2684 est;

395 2722 538 2791 quod
555 2718 790 2772 animam
806 2714 1177 2780 dicinius;jam
1192 2711 1238 2766 si
1257 2710 1437 2765 anima
1454 2721 1537 2766 est
1550 2725 1768 2780 corpus,
1788 2725 1977 2780 quam-

395 2812 476 2865 vis
493 2808 932 2870 subtilissimum,
951 2815 1033 2861 est
1063 2808 1227 2859 ctiam
1248 2805 1472 2874 aliquid,
1493 2805 1632 2874 quod
1649 2803 1820 2874 ipsam
1845 2818 1976 2858 con-

400 2905 606 2971 tineatl;
639 2902 1040 2956 demontratum
1071 2905 1156 2952 est
1184 2897 1328 2952 enim
1362 2912 1562 2966 corpus
1603 2911 1764 2951 omne
1798 2895 1974 2950 conti-

399 3005 560 3050 ucnte
585 2991 817 3062 quodam
855 2989 1138 3058 indigere;
1167 2998 1222 3044 et
1251 2989 1329 3044 sic
1357 2989 1410 3042 in
1442 2989 1747 3044 inﬁnitum:
1778 2989 1976 3043 absur-

399 3085 526 3140 dum
549 3093 726 3138 autem
753 3082 973 3137 omnino
991 3079 1258 3150 principia
1285 3079 1677 3151 principiorum
1699 3093 1974 3150 quaerere;

399 3193 532 3250 ergo
563 3177 745 3231 anima
781 3189 888 3229 non
920 3182 1004 3229 est
1038 3188 1255 3245 corpus.

447 3268 649 3324 Contra
673 3280 767 3321 eos
787 3276 966 3321 autem
987 3265 1078 3335 qui
1102 3267 1476 3335 incorpoream
1501 3265 1687 3320 dicunt
1713 3265 1973 3332 animam,

400 3377 498 3416 nec
529 3362 664 3416 bene
701 3361 1164 3425 demonstrarunt,
1190 3360 1411 3429 prodeat
1436 3357 1591 3412 Plato
1621 3376 1634 3412 :
1673 3375 1692 3411 ι
1729 3356 1974 3427 Oportet,

401 3451 599 3523 inquit,
640 3465 764 3505 cum
812 3449 906 3518 qui
956 3457 1102 3503 recte
1138 3448 1504 3518 philosophari
1546 3448 1680 3514 vult,
1733 3443 1978 3518 apprime

399 3544 541 3597 scire
569 3543 635 3596 de
665 3555 770 3610 qua
798 3555 858 3594 re
886 3549 1159 3610 quaaratur
1191 3557 1206 3594 :
1239 3540 1376 3595 alias
1393 3540 1539 3594 enim
1571 3542 1794 3595 omnino
1821 3557 1977 3596 erra-

401 3638 500 3692 bit.
552 3655 572 3689 ι
615 3634 724 3690 Vos
773 3645 950 3690 autem
1007 3635 1360 3690 vehementer
1398 3637 1815 3704 contendentes,
1847 3637 1977 3706 quid

401 3727 674 3782 deﬁnitis?
702 3725 988 3793 Quomodo
1019 3728 1166 3780 enim
1198 3740 1286 3780 res
1315 3726 1540 3796 singqu
1584 3729 1695 3781 sint
1729 3729 1977 3782 conside-

401 3821 584 3874 randa:
613 3819 817 3883 nostis;
851 3817 1119 3886 quomodo
1150 3827 1340 3883 totum,
1389 3833 1753 3890 nequaquam.
1789 3818 1896 3875 Sed
1925 3829 1982 3876 et

401 3909 710 3978 Theologus
763 3908 1056 3978 Gregorius
1108 3911 1174 3964 ad
1226 3909 1368 3964 hanc
1405 3910 1535 3964 dicit
1559 3912 1911 3980 quaeStionem
1959 3929 1974 3966 :

407 4022 427 4056 ι
455 4003 607 4058 Nulla
640 4011 832 4056 natura
868 4010 953 4056 est
980 4002 1109 4072 quia
1141 4017 1244 4055 non
1278 4012 1362 4058 est
1391 4003 1516 4068 hoc,
1552 4006 1645 4058 sed
1677 4007 1802 4073 quia
1827 4004 1974 4073 hoc;

395 4097 518 4168 ‘ejus
550 4097 692 4166 quod
727 4094 1046 4166 est,positio
1082 4110 1188 4150 non
1222 4095 1340 4165 ejus
1365 4096 1508 4163 quod
1541 4111 1645 4152 non
1675 4105 1761 4151 est
1815 4110 1978 4166 nega-

405 4195 503 4249 tio.
537 4190 792 4260 Namque
838 4190 1212 4258 incorpoream
1248 4188 1292 4244 si
1327 4188 1528 4243 dixeris
1560 4188 1822 4255 animam,
1869 4204 1976 4244 non

403 4286 544 4356 quod
605 4293 690 4340 est
741 4281 1062 4348 ostendisti,
1107 4281 1209 4336 nisi
1269 4281 1501 4336 fortasse
1563 4280 1705 4350 quod
1753 4289 1979 4335 nonest

403 4392 616 4448 corpus.
668 4396 686 4428 ι

475 4465 778 4518 Dinarchus
807 4461 1144 4515 harmoniam
1175 4461 1412 4513 animam
1455 4472 1575 4514 esse
1623 4457 1890 4526 deﬁnivit,
1923 4468 1977 4514 et
2009 4497 2051 4553 ο

379 4572 599 4627 corpus
627 4555 835 4625 lyram;
864 4555 956 4608 sed
979 4554 1098 4623 plus
1127 4562 1178 4606 et
1203 4554 1382 4606 minus
1413 4551 1691 4605 harmonia
1717 4553 1974 4616 admittit,

393 4651 652 4705 'tensi0ne
688 4657 743 4702 et
767 4647 1103 4701 relaxatione
1137 4647 1355 4700 :anima
1387 4660 1516 4701 vero
1549 4661 1653 4700 non
1687 4654 1770 4700 est
1797 4647 1976 4700 anima

402 4743 522 4813 plus
567 4752 620 4794 et
669 4741 871 4802 minus,
914 4737 1011 4792 sed
1063 4752 1162 4792 nec
1223 4738 1338 4807 ipsa
1383 4736 1566 4807 seipsa
1609 4737 1732 4806 plus
1771 4747 1826 4792 et
1877 4736 1979 4791 mi-

405 4850 530 4899 nus,
579 4847 684 4886 non
735 4845 862 4899 ergo
910 4825 1191 4882 harmOnia
1239 4827 1440 4881 anima.
1493 4826 1762 4881 Praeterea
1797 4826 1977 4881 anima

405 4928 660 4979 virtutem
711 4932 765 4976 et
824 4920 1084 4974 malitiam
1148 4919 1384 4973 admittit
1421 4927 1477 4973 et
1523 4919 1806 4972 harmonia
1846 4933 1974 4972 con-

405 5015 712 5072 sonantiam
738 5020 792 5067 et
822 5013 1214 5067 dissonantium
1264 5025 1371 5065 non
1427 5009 1688 5064 admittit.
1719 5009 1838 5064 Non
1874 5009 1976 5078 igi-

408 5119 496 5162 tur
527 5106 706 5160 anitua
739 5105 1047 5159 harmonia.
1077 5103 1319 5174 Denique
1350 5103 1528 5157 anima
1558 5103 1612 5156 in
1639 5103 1974 5158 admittendo

406 5197 679 5256 contraria
709 5198 930 5268 partim,
962 5197 1196 5253 essentia
1226 5205 1310 5252 est
1354 5205 1411 5250 et
1457 5195 1794 5264 subjectum;
1849 5195 1975 5249 har-

409 5295 587 5347 monia
617 5300 792 5344 autem
817 5289 1051 5359 qualitas
1089 5297 1143 5345 et
1169 5291 1220 5345 in
1248 5287 1492 5358 subjecto
1519 5307 1532 5343 :
1561 5304 1665 5342 non
1693 5302 1824 5357 ergo
1841 5289 1971 5342 har-

407 5383 584 5437 monia
624 5381 825 5434 anima.

475 5473 714 5530 Galenus
749 5470 880 5525 nihil
911 5470 978 5524 de
1013 5470 1191 5523 anima
1253 5473 1600 5540 pronuntiat;
1653 5488 1718 5526 ex
1771 5471 1974 5542 Hippo-

401 5563 569 5621 cratis
608 5577 734 5617 vero
755 5561 1096 5616 sermonibus
1135 5560 1414 5615 misturam
1454 5561 1598 5617 illam
1625 5578 1746 5620 esse
1772 5564 1974 5620 consti-

469 5728 520 5763 “
537 5729 595 5782 αἱ
624 5729 687 5783 Α.
765 5729 810 5762 ⁵⁸
839 5728 917 5784 sic
961 5731 1082 5787 cod.
1157 5731 1204 5765 ⁸⁸
1223 5729 1374 5803 δηλοί
1420 5731 1536 5786 ἀλλ’
1559 5732 1662 5785 ὅτι.

2077 1907 2258 1976 σόφων
2286 1905 2447 1976 σῶμα
2479 1903 2578 1976 τὴν
2604 1905 2784 1976 ψυχὴν
2815 1905 3247 1974 ἀποφαίνονται,
3273 1907 3323 1956 οἱ
3346 1904 3408 1956 δὲ
3441 1902 3672 1970 ἀσώμα-

2073 2017 2186 2053 τον.
2217 1997 2388 2070 Κοινὴ
2415 1997 2515 2069 μὲν
2535 1994 2628 2052 οὖν
2657 1998 2795 2068 πρὸς
2818 1998 3029 2060 πάντας
3052 1995 3179 2058 τοὺς
3202 1995 3480 2062 λέγοντας
3514 1994 3672 2062 σῶμα

2074 2092 2174 2160 τὴν
2203 2089 2417 2161 ψυχὴν,
2453 2083 2566 2142 οἷον
2600 2088 2760 2155 νοῦν,
2809 2089 2841 2158 ἢ
2893 2088 3024 2159 πῦρ,
3058 2088 3091 2158 ἢ
3125 2086 3268 2156 ὕδωρ
3290 2127 3305 2149 ,
3339 2085 3376 2156 ἦ
3421 2080 3596 2154 αἷμα.
3639 2083 3669 2152 ᾖ

2075 2182 2234 2251 ἀέρα,
2279 2181 2312 2251 ἢ
2347 2180 2400 2232 εί
2435 2199 2487 2234 τι
2520 2179 2670 2245 ἄλλο,
2711 2179 2938 2251 ἀρκέσει
2985 2181 3055 2234 τὰ
3110 2179 3263 2250 παρὰ
3311 2178 3603 2248 Ἀμωνίου
3630 2177 3670 2207 ⁸³

2074 2275 2167 2330 τοῦ
2217 2273 2600 2347 Πυθαγορικοῦ
2663 2273 2967 2346 εἰρημένα·
3005 2274 3114 2327 εἰσὶ
3159 2272 3214 2326 δὲ
3273 2271 3492 2326 ταῦτα’
3535 2291 3555 2324 ι
3594 2272 3670 2324 Τὰ

2069 2367 2304 2440 σώματα
2357 2371 2423 2438 τῇ
2479 2367 2658 2439 οἰκείᾳ
2715 2366 2877 2436 φύσει
2942 2365 3154 2438 τρεπτὰ
3205 2365 3340 2419 ὄντα
3392 2364 3499 2418 καὶ
3547 2382 3670 2417 σκε·

2073 2459 2278 2527 δαστὰ,
2311 2458 2408 2513 καὶ
2443 2457 2620 2512 διόλου
2658 2460 2739 2522 είς
2787 2459 3018 2530 ἄπειρον
3056 2458 3274 2529 τμητὰ,
3313 2457 3567 2529 μηδενὸς
3617 2459 3670 2509 ὲν

2075 2552 2260 2615 αὐτοῖς
2329 2550 2709 2621 ἀμεταϐλήτου
2785 2550 3254 2620 ὑπολειπομένου,
3317 2549 3511 2603 δεῖται
3579 2549 3668 2601 τοῦ

2079 2642 2396 2711 συνέχοντος
2426 2642 2520 2695 καὶ
2545 2639 2891 2710 συνάγοντος,
2925 2641 3016 2694 καὶ⁵
3039 2641 3229 2712 ὥσπερ
3261 2658 3326 2693 συ
3338 2641 3670 2709 σφίγιοιιτος

2077 2735 2172 2787 καὶ
2206 2732 2640 2806 συγκρατοῦντος
2657 2733 2814 2786 αὑτάο
2841 2734 2977 2804 ὅπερ
3002 2733 3180 2804 ψυχὴν
3203 2733 3473 2804 λέγομεν.
3507 2734 3579 2786 Εἴ
3596 2750 3672 2785 τοι

2076 2825 2172 2878 νῦν
2205 2824 2365 2893 σῶμα
2393 2825 2540 2876 ἐστιν
2571 2825 2603 2892 ὴ
2634 2821 2781 2893 ψυχὴ
2801 2863 2816 2887 ,
2845 2821 2958 2876 οἷον
2989 2824 3212 2894 δήποτε,
3251 2827 3300 2876 εί
3336 2826 3440 2877 καί
3471 2824 3670 2877 λεπτο-

2081 2915 2416 2986 μερέστατόν
2436 2931 2510 2977 τι,
2527 2913 2690 2968 πάλιν
2711 2913 2829 2966 ἐστὶ
2853 2914 2914 2967 τὸ
2936 2914 3158 2985 συνέχον
3184 2915 3433 2987 ἐκείνηνο
3452 2914 3670 2985 ἐδείχθη

2077 3004 2184 3073 γὰρ
2215 3005 2322 3056 πᾶν
2347 3003 2507 3074 σῶμα
2525 3003 2733 3056 δεῖσθαι
2761 3002 2859 3056 τοῦ
2889 3004 3222 3074 συνέχοντος⁹
3251 3006 3350 3058 καὶ
3376 3006 3570 3069 οὕτως
3599 3011 3672 3068 εἰς

2079 3095 2325 3164 ἄπειρον.
2363 3095 2592 3164 Ἀλογον
2617 3095 2674 3148 δὲ
2703 3094 2985 3160 παντελῶς
3021 3096 3082 3149 τὸ
3115 3096 3302 3167 ζητεῖν
3328 3097 3524 3170 ἀρχὴν
3555 3097 3670 3149 κατ’

2079 3187 2251 3257 ἀρχήν
2272 3201 2286 3216 ·
2321 3184 2462 3238 ὥστε
2493 3186 2553 3239 οὐ
2588 3185 2744 3256 σῶμα
2773 3188 2804 3257 ἡ
2833 3187 3003 3259 ψυχή.
3047 3207 3065 3240 ι

2152 3277 2294 3347 Πρὸς
2319 3278 2375 3330 δὲ
2403 3277 2528 3341 τοὺς
2558 3278 2815 3346 λέγοντας
2839 3279 3010 3350 αὐτὴν
3035 3278 3350 3350 ἀσώματον,
3381 3281 3460 3351 μὴ
3494 3281 3672 3342 καλῶς

2080 3370 2519 3440 σκεπτομένους,
2589 3372 2618 3423 ὀ
2688 3370 2916 3423 Πλάτων
2977 3371 3400 3439 ἀπολογείσθω,
3467 3390 3493 3423 ι
3564 3375 3672 3430 Δεῖ,

2077 3460 2284 3529 λέγων,
2313 3459 2407 3514 τὸν
2467 3459 2728 3532 μέλλοντα
2784 3461 3137 3530 βουλεύεσθαι
3195 3461 3407 3527 καλῶς,
3471 3463 3672 3517 εἰδέναι

2077 3552 2261 3615 καλῶς
2305 3552 2437 3622 περὶ
2472 3552 2595 3606 ὅτου
2655 3553 2933 3624 ἠσκέψις,
2986 3553 3019 3626 ἢ
3069 3555 3163 3608 τοῦ
3217 3557 3428 3616 παντὸς
3491 3558 3669 3626 ἁμαρ-

2077 3644 2259 3698 τὰνειν
2292 3645 2525 3715 ἀνάγκη.
2566 3663 2585 3696 ι
2633 3645 2822 3716 Ὑμεῖς
2881 3646 2938 3698 δὲ
2975 3645 3458 3716 προσκρούοντες,
3495 3647 3555 3698 τί
3598 3647 3671 3699 δι-

2077 3735 2349 3807 οριεῖσθε;
2385 3730 2428 3804 ᾧ
2453 3736 2566 3807 γὰρ
2595 3737 2662 3790 τὰ
2695 3736 2816 3789 καθ’
2850 3736 3059 3789 ἕκαστα
3084 3739 3280 3807 ὁρᾶται
3320 3737 3487 3807 ἔχετε
3511 3755 3527 3768 ο
3553 3732 3598 3804 ᾧ
3622 3739 3669 3790 δὲ

2077 3827 2146 3879 τὰ
2180 3826 2412 3881 καθόλου
2445 3826 2588 3897 οὐχί.
2632 3825 2796 3880 Ἀλλὰ
2832 3828 2928 3879 καὶ
2959 3829 2988 3878 ό
3025 3827 3292 3894 Θεολόγος
3333 3828 3667 3897 Γρηγὸριος,

2079 3919 2216 3990 πρὸς
2246 3919 2435 3973 τοῦτόν
2470 3921 2604 3990 φησι
2633 3919 2725 3972 τὸν
2764 3918 2968 3971 σκοπόν
2989 3935 3004 3948 ο
3041 3937 3060 3969 ι
3101 3919 3349 3989 Οὐδεμία
3383 3919 3558 3988 φύσις
3595 3922 3668 3972 ὃτι

2082 4010 2157 4082 μὴ
2185 4011 2302 4064 τόδε
2338 4012 2508 4075 ἐστὶν,
2542 4010 2656 4064 ἁλλ’
2685 4011 2767 4064 ὅτι
2791 4011 2934 4076 τόδε,
2963 4011 2998 4081 ἡ
3026 4010 3121 4064 τοῦ
3160 4011 3315 4075 ὄντος
3355 4012 3543 4075 θέσις,
3578 4014 3670 4081 οὐχ

2077 4103 2110 4173 ἠ
2145 4100 2240 4155 τοῦ
2281 4101 2358 4174 μὴ
2384 4102 2536 4165 ὄντος
2579 4103 2884 4174 ἀναίρεσις·
2917 4102 2977 4155 τό
3007 4103 3116 4174 γὰρ
3147 4103 3334 4170 λέγειν
3371 4105 3669 4174 ἀσώματον

2077 4193 2176 4266 τὴν
2201 4193 2394 4266 ψυχὴν,
2416 4195 2515 4266 οὑχ
2543 4194 2622 4247 ὅτι
2648 4194 2763 4248 ἔστι
2791 4195 3007 4266 δηλοῖ...
3031 4195 3136 4248 εῐτι
3160 4196 3206 4229 ⁸⁸
3227 4196 3331 4250 οὐκ
3358 4195 3482 4250 ἔστι
3511 4198 3669 4267 τυχδν

2078 4285 2159 4343 ὅτι
2190 4285 2349 4356 σῶμα
2373 4286 2474 4339 οὐκ
2508 4285 2643 4339 ἔστι.
2679 4305 2698 4338 ι

2149 4461 2441 4533 Δείναρχος
2471 4461 2528 4515 δὲ
2560 4462 2824 4534 ἁρμονίαν
2857 4461 3098 4531 ὡρίσατο
3125 4461 3228 4530 τὴν
3269 4461 3463 4533 ψυχὴν
3510 4458 3664 4523 εἶναι,

2079 4554 2172 4607 καὶ
2213 4553 2383 4624 λύραν
2414 4555 2476 4607 τὸ
2511 4555 2692 4625 σῶμαο
2735 4553 2852 4606 ἀλλ’
2891 4555 2924 4622 ή
2966 4552 3202 4624 ἁρμονία
3237 4553 3573 4624 ἐπιδέχεται
3615 4555 3667 4606 τῆ

2082 4645 2284 4716 μᾶλλον
2335 4646 2432 4700 καὶ
2459 4641 2641 4717 ἦττον,
2681 4644 2759 4716 τῷ
2809 4645 3077 4715 χαλᾶσθαι
3107 4645 3205 4698 καὶ
3243 4647 3663 4700 ἐπιτείνεσθαι·

2076 4737 2221 4810 ψυχὴ
2245 4738 2300 4790 δὲ
2322 4738 2498 4810 ψυχῆς
2518 4739 2617 4792 οὐκ
2643 4737 2758 4792 ἐστι
2796 4739 2998 4808 μᾶλλον
3021 4737 3116 4791 καὶ
3151 4732 3318 4806 ἦττον
3347 4755 3364 4770 ο
3395 4739 3521 4792 ἁλλ’
3555 4740 3668 4793 οὐδὲ

2077 4831 2216 4903 αὑτὴ
2245 4831 2466 4898 ἑαυτῆςο
2495 4830 2596 4884 οὐκ
2627 4830 2736 4901 ἄρα
2770 4831 3005 4902 ἁρμονία
3031 4833 3064 4902 ἡ
3089 4830 3260 4902 ψυχή.
3299 4831 3428 4885 Ἔτι
3458 4835 3493 4902 ἡ
3527 4832 3666 4902 ψυχὴ

2075 4924 2278 4993 ἀρετὴν
2309 4923 2406 4976 καὶ
2442 4923 2646 4976 κακίαν
2685 4923 3032 4994 ἐπιδέχεται,
3075 4923 3168 4976 καὶ
3208 4924 3458 4994 ἁρμονία
3513 4927 3667 4995 εὐαρ-

2083 5014 2311 5085 μοστίαν
2339 5015 2434 5068 καὶ
2461 5015 2838 5086 ἀναρμοστίαν
2861 5016 2960 5069 οὐκ
2984 5015 3326 5085 ἐπιδέχεται,
3359 5017 3468 5070 οὐκ
3502 5018 3613 5087 ἄρα
3638 5019 3665 5084 ἡ

2079 5107 2225 5180 ψυχὴ
2259 5107 2516 5178 ἁρμονία.
2559 5109 2681 5161 Ἔτι
2701 5109 2734 5180 ὴ
2758 5107 2904 5178 ψυχὴ
2935 5107 3013 5178 τῷ
3035 5107 3387 5177 ἐπιδέχεσθαι
3417 5110 3487 5161 τὰ
3524 5112 3667 5161 ἐναν-

2080 5200 2174 5254 τία
2204 5200 2355 5270 παρὰ
2387 5200 2586 5272 μέρος,
2615 5201 2772 5254 οὐσία
2806 5201 2921 5253 ἐστὶ
2958 5199 3052 5253 καὶ
3095 5199 3508 5270 ὑποκείμενον*
3543 5205 3580 5270 ἡ
3619 5201 3664 5251 δὲ

2082 5292 2318 5362 ἁρμονία
2349 5293 2592 5364 ποιότης,
2624 5294 2717 5348 καὶ
2745 5295 2802 5346 ὲν
2828 5293 3193 5362 ὑποκειμένῳο
3218 5293 3320 5346 οὐκ
3351 5295 3470 5364 ἄρα
3493 5296 3663 5364 ἁρμο-

2084 5385 2170 5436 νία
2205 5385 2237 5455 ἡ
2264 5384 2408 5456 ψυχή

2154 5477 2391 5546 Γαληνὸς
2421 5476 2479 5530 δὲ
2507 5476 2866 5547 ἀποφαίνεται
2901 5478 3000 5548 μὲν
3027 5476 3181 5531 οὐδὲν
3214 5477 3346 5550 περὶ
3375 5477 3586 5548 ψυχῆς·
3615 5481 3666 5529 ἐι

2079 5567 2138 5621 δὲ
2176 5568 2286 5623 τῶν
2348 5570 2748 5641 Ἱπποκράτους
2791 5569 2968 5638 λόγων
3007 5569 3436 5636 κατασκευάζει
3480 5573 3667 5640 κρᾶσιν
