3792 6388
190 406 216 459 1
229 408 337 465 293

1436 410 1524 467 DE
1560 409 1849 468 NATURA
1892 410 2197 467 HOMINIS.

3316 419 3338 472 ί
3348 419 3452 478 294

187 521 338 580 εἶναι
365 525 536 597 αὐτήν
553 564 568 578 .
597 525 662 579 Ei
687 525 746 580 δὲ
771 525 951 592 τοῦτο,
978 525 1223 600 δηλονότι
1255 527 1352 583 καὶ
1376 527 1578 600 θνητὴν
1603 530 1776 584 οίεται

1907 530 2019 592 ιιῑι;
2048 529 2094 586 si
2123 544 2252 585 vero
2283 529 2356 583 ita
2380 537 2487 592 cst,
2523 544 2653 585 sane
2681 529 3030 585 etmortalcm
3052 528 3203 584 illam
3217 531 3454 586 arbitra-

187 615 388 688 αὑτήν·
423 617 506 670 ὅτι
539 616 598 670 δὲ
625 616 686 671 ού
720 616 944 673 δύναται
974 619 1070 672 τοῦ
1103 619 1361 692 σώματος
1391 623 1424 692 ἡ
1467 624 1664 694 κρᾶσις
1698 617 1776 676 εί-

189 724 286 761 ναι
314 707 484 780 ψυχὴ,
504 709 666 780 δῆλον
687 710 956 766 ἐντεῦθεν·
982 714 1093 767 πᾶν
1114 713 1296 783 σῶμα,
1325 713 1569 784 ἔμψυχόν
1591 732 1651 768 τε
1681 714 1777 770 καὶ

190 799 426 870 ἄψυχον,
479 803 543 854 ὲκ
587 801 698 854 τῶν
743 804 1029 876 τεσσάρων
1079 805 1361 874 στοιχείων
1399 807 1707 877 κέκραται·
1742 807 1776 877 ἠ

193 890 309 963 γάρ
337 892 544 946 τούτων
572 893 768 962 κρᾶσις
795 893 864 948 τά
891 893 1125 964 σώματα
1151 896 1543 967 ἀπεργάζεται.
1576 898 1638 950 El
1667 896 1779 950 τοί-

190 1001 295 1037 νυν
325 985 358 1054 ἡ
392 985 589 1055 κρᾶσις
615 984 708 1038 τοῦ
743 984 994 1056 σώματός
1019 986 1164 1040 ἐστιν
1193 988 1226 1057 ἡ
1253 986 1422 1060 ψυχὴ,
1462 988 1614 1042 οὐδὲν
1642 987 1779 1057 ἄψυ-

191 1092 293 1146 χον
315 1075 490 1142 ἔσται,
513 1078 607 1129 καὶ
635 1077 929 1145 συνάγεται
958 1078 987 1130 ὁ
1011 1076 1170 1146 λόγος
1191 1075 1388 1142 οὕτως.
1418 1079 1480 1131 El
1509 1079 1542 1147 ἡ
1576 1079 1777 1145 κρᾶσις

191 1166 294 1222 τοῦ
324 1166 576 1237 σώματος
612 1167 758 1240 ψυχή
786 1171 923 1233 ἐστι,
964 1170 1073 1224 πᾶν
1099 1169 1156 1222 δὲ
1195 1169 1356 1238 σῶμα
1401 1172 1600 1237 κρᾶσιν
1638 1169 1775 1240 ἔχει·

193 1261 298 1314 καὶ
329 1261 438 1314 πᾶν
474 1259 636 1331 σῶμα
663 1261 910 1329 δηλονότι
935 1260 1116 1333 ψυχὴν
1147 1263 1278 1334 ἔχει·
1309 1263 1358 1316 εί
1389 1262 1447 1315 δὲ
1477 1264 1586 1316 πᾶν
1617 1261 1780 1330 σῶμα

188 1351 381 1424 ψυχὴν
407 1352 542 1423 ἔχει,
580 1353 705 1408 οὐδὲ
730 1353 788 1406 ἓν
825 1353 990 1425 σῶμά
1021 1355 1169 1407 ἐστιν
1202 1353 1430 1423 ἄψυχον.
1463 1351 1590 1406 οὔτε
1633 1351 1780 1416 λίθος

194 1438 332 1510 ἄρα,
367 1438 491 1493 οὔτε
520 1441 697 1506 ξύλον,
731 1440 857 1495 οὔτε
891 1441 1130 1513 σίδηρος,
1169 1441 1292 1496 οὔτε
1319 1443 1449 1498 ἄλλο
1480 1460 1536 1496 τι
1575 1442 1780 1512 ἄψυχον

195 1533 378 1588 ἔσται.
412 1535 534 1588 Ἔτι
562 1537 612 1588 εί
648 1537 681 1606 ή
723 1536 870 1608 ψυχὴ
908 1537 1104 1608 κρᾶσίς
1132 1538 1315 1598 ἐστιν,
1353 1539 1409 1591 αί
1449 1537 1506 1590 δὲ
1551 1537 1782 1608 κράσεις

194 1627 648 1694 ὲναλλάσσονται,
689 1630 831 1684 κατά
865 1646 926 1682 τι
957 1630 1055 1693 τὰς
1087 1629 1326 1701 ἡλικίας,
1359 1629 1455 1683 καὶ
1485 1629 1585 1693 τὰς
1610 1628 1779 1700 ὥρας,

196 1721 300 1774 καὶ
323 1720 419 1782 τὰς
440 1719 672 1786 διαίτας,
689 1723 724 1792 ἡ
751 1721 898 1794 ψυχὴ
917 1721 1026 1792 ἄρα
1046 1721 1452 1777 ὲναλλάσσεται·
1475 1723 1524 1774 εί
1545 1721 1602 1774 δὲ
1623 1720 1782 1774 ὲναλο

195 1811 485 1880 λάσσεται,
505 1813 568 1867 ού
594 1814 694 1884 τὴν
718 1815 890 1886 αὐτὴν
917 1814 1113 1887 ἔχομεν
1141 1815 1339 1886 ψυχήν·
1365 1814 1501 1869 ἀλλὰ
1523 1813 1656 1867 ποτὲ
1683 1813 1782 1884 μὲν

1884 631 2001 688 ιιιι·;
2025 622 2170 691 quod
2195 637 2322 676 vero
2345 636 2448 676 non
2473 622 2646 692 possit
2663 622 2910 691 corporis
2929 623 3153 678 mistnra
3183 638 3306 679 esse
3338 624 3456 676 ani-

1880 727 1989 779 ma,
2021 714 2145 768 inde
2169 722 2350 782 patet:
2377 728 2538 768 omne
2555 728 2752 783 corpus
2777 722 2831 767 et
2859 714 3156 769 animatum
3177 727 3231 771 et
3272 717 3453 770 anima

1881 817 2072 857 carens
2107 816 2138 855 e
2181 811 2414 869 quatuor
2447 803 2729 857 elementis
2774 815 3221 874 coagmentatur;
3262 805 3452 859 horum

1879 894 2023 950 enim
2079 893 2324 948 misturae
2381 909 2609 959 corpora
2635 896 2873 950 coniicit.
2938 894 2996 950 Si
3041 912 3170 965 ergo
3209 897 3457 965 corporis

1882 988 2108 1041 inistura
2126 986 2429 1049 estanima,
2464 985 2598 1039 nihil
2627 987 2744 1040 sine
2773 987 2954 1040 anima
2980 988 3105 1050 erit,
3139 997 3192 1041 et
3222 988 3300 1042 sic
3323 1003 3455 1041 con-

1883 1079 2121 1134 cluditur
2154 1093 2378 1135 sermo:
2429 1081 2474 1133 si
2504 1080 2754 1149 corporis
2786 1081 3014 1134 mistura
3049 1089 3134 1136 est
3169 1083 3370 1145 anima,
3404 1091 3461 1136 et

1880 1185 2042 1227 omne
2054 1185 2251 1240 corpus
2273 1171 2555 1225 misturam
2579 1171 2760 1235 habet,
2779 1180 2835 1226 et
2855 1187 3018 1228 omne
3038 1189 3236 1242 corpus
3261 1174 3458 1227 eximie

1882 1265 2120 1318 animam
2145 1263 2336 1318 habet.
2369 1263 2426 1317 Si
2450 1279 2578 1317 vero
2609 1278 2770 1317 omne
2795 1278 2991 1331 corpus
3029 1264 3266 1319 animam
3295 1265 3460 1318 habet

1883 1371 1982 1412 nec
2023 1371 2188 1410 unum
2225 1371 2420 1423 corpus
2449 1365 2532 1410 est
2560 1356 2768 1425 absque
2793 1356 2995 1422 anima,
3016 1370 3116 1411 nec
3149 1372 3278 1426 ergo
3299 1357 3456 1425 lapis.

1883 1447 2220 1518 neclignnm,
2242 1463 2341 1503 nec
2358 1447 2584 1513 ferrum,
2611 1463 2707 1503 nec
2725 1449 2870 1503 aliud
2901 1448 3029 1517 quid
3049 1449 3254 1517 absque
3274 1447 3454 1502 anima

1881 1548 1994 1605 est;
2025 1553 2191 1608 porro
2217 1538 2262 1593 si
2284 1540 2464 1592 anima
2493 1540 2719 1595 mistnra
2742 1551 2848 1604 est,
2884 1550 2938 1595 et
2965 1540 3205 1595 misturaa
3237 1548 3456 1594 mutan-

1885 1639 1974 1684 tur
2009 1629 2309 1684 secundum
2337 1636 2550 1692 aetates.
2592 1639 2647 1682 et
2675 1630 2837 1684 horas
2865 1639 2917 1683 et
2948 1629 3123 1684 victus
3164 1629 3458 1692 rationem,

1882 1721 2064 1777 anima
2085 1737 2218 1790 ergo
2245 1721 2656 1787 immutabitnr;
2681 1722 2726 1775 si
2749 1732 2932 1776 autem
2968 1723 3311 1786 immutatur,
3348 1737 3454 1774 non

1883 1815 2131 1870 eamdem
2183 1813 2443 1869 habemus
2473 1815 2729 1878 animam,
2790 1815 2884 1868 sed
2916 1829 3061 1869 nunc
3089 1814 3284 1880 leonis,
3317 1829 3461 1868 nunc

192 1903 452 1968 λέοντος,
484 1904 615 1958 ποτὲ
647 1905 705 1959 δὲ
735 1905 1041 1976 προϐάτου,
1072 1906 1104 1978 ἢ
1137 1906 1300 1960 άλλου
1341 1908 1484 1970 τινὸς
1516 1906 1657 1971 ζώου
1701 1906 1781 1961 ἔτι

1904 1907 2023 1971 ινὶε,
2049 1921 2191 1962 nunc
2213 1906 2348 1961 alius
2370 1905 2648 1973 cujusdam
2685 1908 2872 1964 bestiae
2904 1927 2918 1964 :
2949 1919 3060 1960 tum
3095 1907 3318 1962 mistura
3352 1921 3459 1960 non

191 1990 234 2061 ἡ
273 1991 471 2061 κρᾶσις
492 1993 594 2046 ούκ
616 1993 955 2048 ἐναντιοῦται
975 1997 1093 2058 ταῖς
1117 1996 1434 2067 ἐπιθυμίαις
1462 1996 1559 2050 τοῦ
1591 1995 1782 2066 σώμα-

187 2100 316 2147 τος,
347 2083 486 2137 ἀλλὰ
512 2085 608 2140 καὶ
644 2088 917 2156 συνεργεῖ·
951 2085 1091 2157 αὕτη
1119 2085 1227 2159 γάρ
1263 2089 1412 2142 ἐστιν
1445 2090 1480 2159 η
1526 2086 1779 2142 κινοῦσα·

189 2175 231 2244 ἡ
273 2173 330 2228 δὲ
374 2173 520 2246 ψυχὴ
565 2177 689 2239 ταῖς
738 2176 1060 2246 ἐπιθυμίαις
1104 2177 1470 2232 ἐναντιοῦται.
1521 2178 1638 2232 Ούκ
1674 2177 1785 2249 ἄρα

191 2267 458 2337 κρᾶσιςή
492 2265 661 2338 ψυχή.
698 2268 820 2321 Ἔτι
856 2271 905 2322 εί
939 2270 1134 2341 κρᾶσίς
1176 2269 1389 2341 ὲστινή
1429 2271 1601 2341 ψυχὴ,
1647 2271 1681 2340 ἠ
1726 2269 1784 2323 δὲ

192 2359 404 2429 κρᾶσις
439 2359 695 2430 ποιότης·
745 2361 969 2432 ποιότης
1019 2362 1078 2415 δὲ
1110 2362 1206 2416 καὶ
1241 2361 1484 2430 γίνεται,
1515 2363 1609 2415 καὶ
1648 2362 1786 2415 ἁπο-

193 2455 439 2523 γινεται,
471 2455 642 2526 χωρὶς
671 2456 774 2524 τῆς
813 2455 909 2509 τοῦ
943 2456 1312 2527 ὑποκειμένου
1355 2455 1589 2526 φθορᾶς,
1626 2456 1721 2510 καὶ
1750 2459 1784 2527 ἡ

189 2547 350 2618 ψυχὴ
371 2547 480 2617 ἄρα
507 2549 931 2620 χωρισθήσεται,
952 2550 1120 2603 καὶού
1145 2549 1492 2621 φθαρήσεται
1511 2548 1576 2602 τδ
1598 2549 1782 2619 σῶμα·

190 2640 364 2695 τοῦτο
392 2641 449 2695 δὲ
482 2641 582 2694 οὐκ
613 2641 812 2711 ἀληθές
832 2658 846 2672 ·
874 2643 976 2696 οὐκ
1007 2642 1117 2714 ἄρα
1147 2643 1368 2713 κρᾶσις,
1404 2641 1529 2697 οὐδὲ
1561 2641 1787 2710 ποιότης

193 2732 235 2802 ἡ
267 2731 438 2802 ψυχή.
466 2733 589 2788 Ἔτι
615 2733 819 2798 παντὸς
845 2733 1098 2804 σώματος
1128 2737 1185 2789 al.
1218 2734 1505 2805 ποιότητες
1531 2733 1787 2802 αἰσθηταί

193 2827 364 2891 εἰσιν,
394 2827 427 2895 ή
457 2825 514 2879 δὲ
540 2826 687 2898 ψυχὴ
719 2828 822 2880 οὐκ
853 2827 1113 2897 αἰσθητὴ,
1145 2827 1282 2882 ἀλλὰ
1315 2827 1506 2898 νοητή·
1537 2827 1640 2881 οὐκ
1679 2826 1789 2898 ἄρα

198 2917 432 2988 ποιότης
460 2917 756 2990 ἀσώματος
787 2922 820 2990 ἠ
848 2919 1020 2992 ψυχή.

278 3029 423 3102 Πρὸς
451 3031 510 3087 δὲ
545 3033 675 3094 τοὺς
709 3032 996 3100 λέγοντας,
1028 3031 1295 3102 ἁρμονίαν
1326 3031 1425 3100 τῆς
1450 3030 1660 3100 ὑγείας,
1692 3031 1788 3085 καὶ

195 3125 309 3195 τῆς
331 3125 534 3196 ἰσχύος.
578 3127 674 3182 καὶ
710 3125 803 3179 τοῦ
835 3126 1069 3191 κάλλους
1105 3123 1244 3180 εἶναι
1277 3127 1377 3195 τὴν
1409 3125 1608 3195 ψυχὴν,
1646 3123 1789 3176 οὕτω

1887 1999 2171 2054 desideriis
2198 2000 2443 2069 corporis
2470 2002 2810 2060 adversatur,
2868 1998 2979 2053 imo
3024 1999 3320 2062 concurrit,
3373 2007 3462 2052 ut-

1887 2101 2011 2162 pote
2040 2107 2161 2162 qua:
2188 2107 2250 2146 ea
2288 2100 2665 2157 commoveat;
2708 2093 2801 2145 sed
2836 2091 3017 2145 anima
3049 2091 3338 2146 desideriis
3366 2091 3463 2145 ad-

1887 2194 2153 2240 versatur.
2195 2182 2307 2237 Non
2337 2199 2466 2254 ergo
2500 2183 2726 2236 mistura
2762 2183 2966 2237 anima.
2998 2183 3199 2236 Deinde
3228 2185 3273 2236 si
3313 2183 3462 2236 mis-

1887 2285 2005 2329 tura
2031 2285 2114 2328 est
2137 2277 2342 2336 anima.
2367 2283 2420 2327 et
2440 2274 2666 2328 mistura
2694 2273 2930 2342 qualitas
2955 2291 2968 2339 ;
2995 2273 3231 2342 qualitas
3263 2287 3388 2326 vero
3408 2281 3465 2326 ct

1887 2368 1946 2420 tit
1977 2376 2032 2420 et
2056 2365 2228 2430 abest,
2257 2366 2462 2434 absque
2485 2365 2714 2434 subjecti
2751 2364 3143 2428 destructione,
3174 2375 3227 2417 et
3283 2365 3462 2416 anima

1888 2473 2020 2528 ergo
2056 2458 2347 2521 dividetur,
2380 2468 2435 2512 et
2465 2472 2567 2510 non
2597 2465 2976 2526 corrumpetur
3000 2471 3218 2526 corpus,
3249 2459 3348 2511 hoc
3383 2467 3464 2509 ta-

1887 2565 2011 2604 men
2041 2565 2148 2604 non
2175 2559 2257 2604 est
2287 2565 2498 2604 verum.
2531 2546 2650 2602 Non
2686 2562 2816 2617 ergo
2849 2548 3099 2610 mistura,
3149 2563 3250 2602 nec
3280 2548 3462 2617 quali-

1891 2652 1971 2698 tas
1997 2644 2200 2696 anima.
2235 2642 2476 2711 Denique
2513 2640 2760 2708 corporis
2790 2655 2980 2693 omnes
3008 2638 3302 2708 qualitates
3335 2652 3465 2692 seu-

1887 2736 2014 2790 siles
2033 2745 2180 2799 sunt,
2207 2739 2387 2788 anima
2414 2744 2594 2787 autem
2635 2748 2740 2786 non
2759 2731 2982 2786 sensilis
3006 2733 3100 2785 sed
3131 2730 3466 2784 intellectua-

1888 2828 1985 2895 lis;
2019 2841 2125 2882 non
2151 2841 2284 2897 ergo
2312 2826 2558 2894 corporis
2588 2823 2825 2894 qualitas
2851 2824 3056 2878 anima.

1959 3028 2162 3084 Contra
2203 3027 2450 3083 dicentes
2502 3039 2631 3080 vero
2672 3025 2908 3078 animam
2964 3036 3087 3077 esse
3121 3020 3465 3076 harmoniam

1893 3123 2162 3188 sanitatis,
2192 3130 2248 3176 et
2283 3121 2479 3175 virium
2506 3129 2559 3172 et
2589 3115 3031 3188 pulchritudinis,
3058 3114 3138 3170 sic
3173 3129 3465 3184 argumen-

199 3215 663 3286 συλλογιζόμεθα·
700 3216 764 3270 Εί
803 3219 836 3287 ἡ
883 3217 1121 3287 ἁρμονία
1161 3217 1262 3287 τῆς
1301 3214 1505 3286 ἰσχύος,
1545 3214 1640 3268 καὶ
1687 3215 1788 3282 τῆς

1904 3213 2132 3268 Labimur
2170 3230 2183 3267 :
2213 3211 2269 3266 Si
2304 3211 2483 3264 anima
2517 3219 2603 3265 est
2657 3209 2880 3274 virium,
2919 3207 3196 3268 sanitatis.
3231 3205 3468 3276 pulchri-

198 3309 421 3377 ὑγείας,
463 3310 558 3362 καὶ
587 3307 682 3362 τοῦ
705 3309 940 3374 κάλλους
971 3309 1118 3380 ψυχή
1151 3310 1320 3372 ἐστιν,
1351 3307 1568 3376 ἀνάγκη
1599 3302 1667 3377 ἦν
1688 3305 1783 3358 τὸν
1820 3328 1829 3339 ·

197 3402 497 3473 ἄνθρωπον
522 3403 662 3472 μήτε
685 3403 883 3465 νοσεῖν,
919 3401 1057 3472 μήτε
1079 3399 1347 3463 ἀσθενεῖν,
1377 3401 1513 3471 μήτε
1538 3397 1786 3468 ἄμορφον

199 3489 382 3547 εἶναι·
425 3492 714 3562 συμϐαίνει
747 3493 804 3546 δὲ
841 3493 1136 3557 πολλάκις,
1163 3493 1225 3546 οὺ
1280 3491 1411 3562 μίαν
1449 3490 1635 3561 μόνην,
1670 3487 1786 3542 ἀλλ’

198 3585 344 3656 ὁμοῦ
376 3585 476 3649 τὰς
503 3587 656 3656 τρεῖς
687 3583 894 3648 ταύτας
939 3583 1241 3655 εὐκρασίας
1287 3580 1653 3644 ἀπόλλυσθαι,
1693 3580 1788 3634 καὶ

200 3678 311 3748 ζῇν
351 3676 445 3731 τὸν
475 3676 799 3747 ἄνθρωπον·
836 3676 1128 3746 συμϐαίνει
1169 3675 1280 3745 γάρ
1323 3675 1413 3728 τὸν
1455 3673 1617 3727 αὐτὸν
1649 3671 1786 3742 ὁμοῦ

201 3771 307 3824 καὶ
333 3769 580 3840 ἄμορφον
600 3763 762 3833 εἶναι,
786 3768 882 3822 καὶ
908 3767 1178 3830 ἀσθενεῖν,
1211 3769 1306 3820 καὶ
1327 3767 1522 3820 νοσεῖν·
1549 3765 1650 3817 οὐκ
1682 3764 1788 3835 ἄρα

202 3861 481 3932 εὐκρασία
508 3859 603 3914 τοῦ
638 3859 888 3931 σώματος
914 3859 1063 3913 ἔστιν
1092 3860 1126 3930 ἡ
1158 3858 1325 3930 ψυχή.

283 4053 409 4119 Πῶς
438 4053 560 4120 οῦν,
592 4055 746 4124 φασὶ,
785 4055 1015 4125 φυσικαί
1052 4073 1197 4120 τινες
1231 4055 1421 4111 κακίαι
1467 4054 1562 4110 καὶ
1597 4056 1790 4126 ἀρεταὶ

202 4149 325 4212 τοῖς
362 4148 670 4217 ἀνθρώποις
694 4149 949 4218 ἓπονται;
987 4149 1159 4204 Τοῦτο
1185 4151 1251 4205 ὲκ
1277 4150 1380 4222 τῆς
1407 4149 1502 4203 τοῦ
1539 4149 1790 4220 σώματος

205 4240 584 4312 ἀληθεστέρας
645 4241 896 4313 κράσεως
957 4243 1204 4311 γίνεται·
1252 4242 1328 4306 ὡς
1383 4242 1492 4312 γὰρ
1548 4241 1792 4311 φυσικῶς

207 4336 444 4402 ὑγιεινολ⁸
470 4337 564 4390 καὶ
594 4335 847 4401 νοσώδεις
872 4337 979 4390 είσί
1003 4353 1149 4400 τινες
1180 4338 1245 4389 ὲκ
1269 4335 1372 4406 τῆς
1401 4335 1674 4406 κράσεως,
1703 4333 1794 4386 οῦ-

204 4445 323 4492 τως
354 4428 502 4492 τινὲς
545 4428 791 4496 φυσικῶς
825 4427 1218 4500 πικρόχυλοιι⁵⁷
1265 4427 1420 4490 ὄντες
1459 4427 1669 4497 ὀργίλοι
1717 4428 1796 4478 εί-

214 4522 326 4587 σὶν,
360 4521 508 4576 ἄλλοι
553 4521 610 4574 δὲ
661 4521 850 4586 δειλοὶ,
902 4520 1051 4575 ἄλλοι
1096 4521 1445 4589 καταφερεῖς·
1501 4519 1615 4572 ἀλλ’
1663 4517 1793 4570 ἔνιοι

212 4615 481 4686 κρατοῦσι
505 4615 602 4667 καὶ
627 4613 1017 4685 περιγίνονται·
1046 4613 1203 4682 δῆλον
1221 4611 1276 4664 δὲ
1299 4613 1384 4664 ὅτι
1411 4615 1509 4681 τῇς
1543 4611 1794 4681 κράσεως

209 4707 537 4777 κρατοῦσιν·
579 4707 710 4760 ἄλλο
756 4706 812 4759 δέ
846 4708 960 4760 ἐστι
1013 4707 1072 4758 τὸ
1103 4705 1376 4775 κρατοῦν,
1419 4703 1512 4756 καὶ
1560 4702 1688 4756 ἄλλο
1733 4702 1793 4754 τὸ

209 4799 590 4869 κρατούμενον
609 4815 622 4828 ·
653 4797 780 4852 ἄλλο
805 4799 914 4868 ἄρα
937 4798 1154 4866 κρᾶσις,
1179 4796 1272 4848 καὶ
1300 4793 1428 4850 άλλο
1460 4793 1628 4864 ψυχή.
1661 4794 1792 4864 "Op-

211 4906 381 4958 γανον
409 4889 518 4958 γὰρ
545 4887 605 4941 ὃν
638 4887 700 4942 τὸ
735 4887 894 4956 σῶμα
933 4889 1032 4957 τῇς
1076 4886 1286 4956 ψυχῆς,
1316 4883 1414 4938 ὲάν
1457 4884 1556 4952 μὲν
1598 4883 1796 4951 ἐπιτη-

210 4979 374 5042 δείως
400 4976 864 5047 κατασκευασθῇ,
895 4977 1149 5046 συνεργεῖ
1172 4977 1239 5046 τῇ
1275 4974 1459 5045 ψυχῇ·
1489 4973 1554 5027 ἂν
1607 4972 1663 5024 δὲ
1698 4974 1793 5026 άν-

214 5071 560 5140 επιτηδείως,
578 5068 891 5140 ἐμποδίζει·
921 5069 1016 5121 κοιλ⁹
1043 5068 1164 5120 τότε
1192 5066 1352 5138 χρεία
1379 5068 1445 5136 τῇ
1476 5064 1620 5136 ψυχῇ
1654 5083 1795 5134 πρα-

213 5164 446 5235 γμάτων
474 5162 876 5234 ἀπομαχομένῃ
900 5161 1036 5232 πρὸς
1064 5161 1161 5233 τὴν
1186 5161 1672 5231 άνεπιτηδειότητα
1701 5160 1796 5212 τοῦ

213 5255 473 5324 ὀργάνου,
508 5256 604 5307 καὶ
632 5254 726 5307 ἐάν
773 5252 848 5323 μὴ
885 5251 1094 5323 σφόδρα
1128 5252 1276 5324 νὴφῃ
1317 5251 1413 5304 καὶ
1449 5249 1798 5322 συνδιαστρὲ-

212 5363 386 5417 φηται
417 5345 600 5416 αύτῷ,
637 5344 893 5416 καθάπερ
937 5343 1190 5415 μουσικὸς
1227 5342 1694 5414 συνεξαμαρτάνει
1732 5345 1796 5412 τῇ

214 5440 319 5510 τῇς
343 5437 514 5508 λύρας
543 5437 866 5508 διαστροφῇ.
896 5437 993 5490 ἐὰν
1029 5436 1104 5507 μὴ
1141 5436 1407 5508 πρότερον
1434 5437 1605 5507 αὐτὴν
1633 5452 1800 5490 κατα-

176 5533 185 5538 ’
221 5533 394 5602 στήσῃ
420 5530 633 5593 καλῶς.
653 5531 744 5583 Διὸ
772 5532 865 5584 καὶ
892 5530 1052 5601 χρεία
1081 5532 1146 5600 τῇ
1176 5528 1319 5599 ψυχῇ
1350 5529 1446 5597 τῆς
1477 5528 1799 5598 ἐπιμελείας

217 5621 318 5677 τοῦ
353 5622 638 5694 σώματος,
679 5623 768 5676 ἵνα
797 5621 1107 5695 καταρτίσῃ
1153 5620 1284 5675 αὐτὸ
1330 5619 1561 5691 ὄργανον
1608 5620 1800 5692 ἐπιτή-

295 5822 341 5856 ⁸⁷
370 5822 690 5894 πικρόχυλοι
713 5821 861 5880 ABG.

1891 3308 2094 3363 tudinis
2132 3305 2417 3360 harmonia
2443 3344 2456 3366 ,
2490 3317 2714 3358 necesse
2745 3310 2829 3355 est
2878 3300 3148 3354 hominem
3171 3315 3269 3354 nec.
3293 3314 3471 3366 πει-ο-

1891 3408 2028 3465 tare,
2063 3412 2162 3452 nec
2189 3397 2496 3459 debilitare,
2534 3410 2632 3449 nec
2667 3393 2840 3446 forma
2877 3391 3190 3458 immutari;
3219 3401 3276 3445 at
3329 3403 3472 3457 saepe

1889 3489 2090 3544 accidit
2120 3497 2180 3541 ut
2211 3502 2317 3540 non
2350 3501 2458 3538 una
2487 3492 2716 3545 tantum,
2753 3482 2845 3535 sed
2878 3491 2988 3534 tres
3025 3479 3130 3535 illa:
3181 3479 3472 3548 qualitates

1889 3579 2049 3636 simul
2076 3579 2396 3634 amittantur
2413 3587 2466 3629 et
2497 3576 2659 3629 homo
2677 3575 2826 3627 vivat
2851 3589 2865 3634 ;
2895 3587 3280 3640 nonnunquam
3325 3571 3471 3625 enim

1889 3671 2138 3728 eumdem
2162 3669 2323 3726 simul
2341 3668 2661 3731 deformem,
2691 3676 2745 3720 et
2768 3664 3019 3726 debilem,
3042 3673 3095 3718 et
3121 3671 3471 3732 aegrotantem

1890 3779 2010 3822 esse
2028 3764 2303 3829 videmus;
2327 3776 2431 3816 non
2457 3759 2619 3831 igitur
2637 3758 2883 3828 corporis
2900 3755 3150 3811 valetudo
3169 3755 3348 3808 anima
3369 3767 3473 3807 est.

1963 4057 2243 4128 Quomodo
2277 4070 2428 4126 ergo,
2454 4055 2629 4120 aiunt,
2659 4053 2934 4109 naturales
2981 4053 3226 4122 quaedam
3259 4045 3480 4103 malitia:

1893 4160 1948 4206 et
1974 4149 2201 4204 virtutes
2251 4147 2304 4201 in
2334 4145 2648 4200 hominibus
2703 4141 3100 4198 inveniuntur?
3139 4139 3273 4194 Illud
3302 4153 3333 4193 e
3377 4152 3475 4191 ve-

1897 4243 2023 4297 riori
2051 4239 2296 4310 corporis
2329 4237 2556 4292 mistura
2595 4236 2655 4289 lit
2699 4253 2713 4290 :
2747 4250 2938 4304 nempe
2969 4234 3108 4289 sicut
3158 4230 3477 4287 naturaliter

1895 4335 2013 4389 sani
2041 4341 2094 4387 et
2115 4332 2302 4401 (egroti
2332 4336 2459 4384 sunt
2481 4327 2700 4396 quidam
2734 4326 3031 4382 secundum
3067 4323 3374 4389 misturam,
3395 4324 3474 4376 sic

1897 4425 2118 4495 quidam
2169 4421 2347 4476 biliosi
2394 4421 2447 4475 in
2497 4421 2634 4474 iram
2698 4418 3005 4488 praecipites
3051 4423 3198 4478 sunt,
3225 4414 3314 4468 alii
3349 4429 3476 4469 vero

1901 4516 2113 4579 timidi,
2151 4513 2240 4568 alii
2277 4512 2548 4568 libidinosi
2579 4528 2594 4578 ;
2622 4524 2811 4564 rursus
2856 4508 2947 4562 alii
2993 4513 3249 4576 superant
3275 4514 3328 4559 et
3359 4505 3476 4558 vin-

1831 4576 1873 4631 υ
1901 4619 2053 4663 cunt.
2098 4576 2356 4661 Videlicet
2405 4576 2686 4657 tnisturam
2735 4603 2952 4654 vincunt
2985 4615 3000 4664 ;
3034 4597 3124 4652 sed
3171 4597 3313 4651 aliud
3391 4605 3477 4650 est

1901 4701 2042 4769 quod
2071 4698 2257 4762 vincit,
2282 4697 2427 4750 aliud
2449 4695 2590 4765 quod
2605 4693 2839 4747 vincitur
2866 4710 2880 4744 :
2910 4691 3052 4744 aliud
3071 4704 3201 4759 ergo
3223 4689 3472 4751 mistura,

1898 4803 1950 4847 et
1987 4792 2129 4845 aliud
2165 4790 2364 4843 anima.
2397 4787 2531 4843 Cum
2564 4786 2708 4841 enim
2739 4798 2937 4854 corpus
2969 4782 3040 4838 sit
3093 4781 3290 4834 anima:
3326 4793 3479 4850 orga-

1900 4901 2048 4948 num,
2075 4884 2120 4938 si
2166 4883 2302 4937 bene
2342 4881 2694 4937 constitutum
2730 4887 2833 4944 est,
2868 4877 3102 4931 animam
3131 4873 3392 4940 adiuvat;
3425 4871 3471 4927 si

1899 4979 2076 5032 minus
2114 4978 2270 5039 bene,
2306 4974 2549 5044 impedit,
2583 4981 2639 5027 et
2677 4982 2805 5025 tunc
2857 4969 3050 5023 anima:
3102 4981 3238 5036 Opus
3294 4974 3376 5020 est
3421 4966 3474 5018 in

1897 5067 2156 5137 operibus
2201 5065 2341 5120 bello
2399 5071 2587 5118 contra
2623 5060 2815 5131 organi
2871 5058 3254 5126 incongruum,
3281 5063 3336 5108 et
3369 5053 3474 5108 nisi

1900 5170 2156 5214 accurate
2186 5157 2392 5227 vigilet,
2424 5155 2532 5208 imo
2559 5169 2681 5208 cum
2711 5167 2772 5206 ea
2805 5157 3214 5216 corrumpatur,
3246 5146 3472 5201 errabit.

1901 5252 2055 5308 Sicut
2110 5251 2350 5303 musicus
2408 5261 2530 5300 cum
2578 5243 2708 5314 lyrae
2766 5239 3100 5295 dissonantia
3159 5233 3479 5297 errat,nisi

1901 5345 2048 5416 prius
2085 5343 2213 5413 lyrae
2261 5339 2395 5393 ﬁdes
2432 5345 2579 5390 recte
2614 5332 2926 5388 contendat.
2960 5328 3255 5398 Propterea
3295 5323 3478 5376 anima

1900 5437 2058 5491 debet
2105 5448 2302 5501 corpus
2344 5443 2542 5484 curare
2591 5434 2648 5480 ut
2692 5424 2793 5480 sibi
2832 5420 3163 5477 conveniens
3211 5427 3474 5484 organum

1902 5534 2140 5595 coaptet.
2186 5521 2342 5588 Quod
2388 5528 2442 5574 et
2498 5533 2592 5588 per
2629 5514 2794 5570 verba
2846 5522 2900 5567 et
2945 5526 3044 5582 per
3098 5520 3277 5562 mores
3315 5501 3477 5595 ellicit

1903 5594 2043 5677 sicut
2078 5618 2130 5674 in
2151 5611 2478 5671 harmonia:
2513 5624 2658 5666 nunc
2677 5608 2950 5668 relaxans.
2983 5617 3123 5658 nunc
3146 5594 3478 5656 contendens
3551 5679 3556 5682 Ι
