3792 6422
374 391 400 448 1
408 394 515 453 295

1688 396 1970 452 MELETII
2011 397 2327 455 MONAClll

3562 389 3685 444 126

372 521 428 565 at
461 511 713 567 idoneum
745 511 848 581 ipsi
887 510 1018 568 illud
1055 510 1305 587 perﬁciat
1336 512 1797 582 convenientique
1837 524 1956 569 uta-

2015 517 2203 576 ιδειον
2235 518 2408 586 ἑαυτῇ
2431 531 2442 544 ·
2480 513 2639 568 τοῦτο
2711 514 2768 568 δὲ
2793 515 2940 566 ποιεῖ
2969 511 3062 566 διά
3102 529 3164 564 τε
3214 509 3340 563 τῶν
3382 505 3578 571 λόγων
3606 513 3686 560 καὶ

372 611 465 657 tur
495 618 720 674 organo.

450 870 775 927 Ari5l0teles
809 886 935 926 vero
958 871 1331 927 emlelechiam
1364 870 1643 940 appellans
1691 871 1953 936 animam,

381 980 490 1020 non
524 965 702 1020 minus
727 981 851 1020 cum
875 965 954 1019 eis
983 965 1072 1035 qui
1098 979 1218 1020 eam
1246 964 1454 1030 dicunt,
1476 964 1790 1034 qualitatem
1830 977 1960 1017 con-

376 1059 544 1113 venit.
595 1055 954 1128 Pythagoras,
1009 1073 1294 1112 numerum
1328 1057 1566 1126 seipsum
1603 1064 1954 1123 moventem;

374 1149 734 1216 Xenocrates,
769 1159 824 1205 et
864 1165 1150 1206 numerum
1175 1150 1492 1206 continuum
1517 1159 1573 1204 et
1598 1146 1838 1203 universi
1867 1163 1960 1203 ex-

374 1243 730 1298 halationem.
777 1242 1059 1299 Manichati
1088 1244 1448 1297 immortalem
1489 1239 1631 1294 illam
1663 1249 1719 1295 et
1768 1241 1952 1295 incor-

375 1351 596 1405 poream
639 1338 849 1402 dicunt,
887 1351 1048 1390 unam
1100 1344 1281 1389 autem
1317 1334 1488 1389 solam
1522 1347 1644 1387 esse
1708 1331 1950 1387 universi

375 1429 636 1493 animam,
681 1428 986 1482 minutatim
1017 1427 1294 1481 red-actam
1317 1435 1374 1479 et
1403 1424 1634 1479 divisam
1660 1423 1712 1477 in
1738 1423 1951 1493 singula

293 1509 317 1521 ’
374 1537 604 1590 corpora
651 1521 887 1575 ani-mata
922 1530 980 1576 et
1021 1536 1124 1576 non
1187 1521 1451 1574 animata.
1499 1517 1653 1572 Plato
1689 1529 1745 1572 et
1791 1532 1953 1571 unam

374 1628 495 1667 esse
531 1622 581 1666 et
617 1613 814 1668 inultas
841 1613 1052 1668 animas
1093 1612 1394 1677 contendit,
1427 1610 1700 1666 Chronius
1742 1619 1795 1663 et
1824 1608 1957 1664 Por-

374 1706 600 1776 phyrius
632 1720 821 1760 omnes
872 1707 1075 1760 formas
1133 1705 1292 1760 unius
1335 1705 1528 1758 animae
1576 1717 1698 1758 esse
1745 1703 1953 1757 dicunt.

373 1797 708 1852 Jamblichus
746 1798 962 1852 tandem
1001 1797 1067 1850 ad
1095 1795 1398 1865 oppositam
1428 1793 1752 1849 sententiam
1798 1793 1955 1848 incli-

2059 611 2168 664 τῶν
2189 610 2357 680 ἠθῶν,
2391 607 2467 672 ὡς
2497 610 2554 663 ἐν
2576 606 2834 678 ἁρμονίαο
2860 607 2928 658 τὰ
2956 607 3053 676 μὲν
3091 604 3356 676 χαλῶσα,
3393 599 3473 652 τὲ
3493 599 3551 652 ἃ
3585 601 3684 651 ἐπι·

2062 703 2330 764 τείνουσα,
2353 703 2440 756 ἵνα
2462 701 2726 772 ἁρμόδιον
2753 701 2884 752 αὐτὸ
2915 701 3081 769 ἑαυτῇ
3111 696 3574 764 κατασκευάσῃ,
3602 694 3682 744 καὶ

2062 793 2333 863 χρήσηται
2365 790 2655 862 ἐπιτηδείῳ
2687 789 2908 860 ὀργάνῳ
2936 789 3001 844 ια.

2143 882 2524 954 Ἀριστοτέλης
2551 883 2610 935 δὲ
2639 881 2974 950 ἐνδελέχειαν
2996 881 3174 949 λέγων
3195 881 3306 950 τὴν
3331 877 3560 948 ψυχὴν,
3595 875 3680 926 οὓς

2057 973 2148 1028 δὲν
2169 969 2331 1045 ἦττον
2361 973 2706 1044 συμφέρεται
2733 975 2847 1036 τοῖς
2880 972 3141 1043 ποιότητα
3167 973 3452 1039 λέγουσιν
3484 968 3675 1035 αὑτήν

2059 1064 2390 1135 Πυθαγόρας
2410 1065 2492 1131 δὲ,
2515 1063 2749 1136 ἀριθμὸν
2772 1064 2966 1117 ἑαυτὸν
2993 1062 3280 1117 κινοῦντα·
3314 1061 3678 1131 Ξενοκράτης

2056 1157 2150 1224 δὲ,
2181 1158 2276 1210 καὶ
2307 1157 2541 1227 ἀριθμὸν
2571 1159 2806 1228 συνεχῆ,
2839 1157 2934 1210 καὶ
2966 1156 3353 1227 ἀναθυμίασιν
3389 1154 3508 1208 τοῦ
3543 1174 3674 1210 παν-

2057 1249 2178 1312 τός·
2212 1250 2264 1302 οἱ
2286 1249 2345 1301 δὲ
2384 1247 2675 1319 Μανιχαῖοι
2724 1249 2994 1305 ἀθάνατον
3027 1249 3202 1319 αὐτὴν
3233 1249 3342 1302 καὶ
3372 1248 3672 1317 ἀσώματον

2059 1339 2300 1407 λέγουσι’
2328 1339 2458 1411 μίαν
2485 1340 2543 1393 δὲ
2569 1339 2740 1410 μόνην
2765 1333 2908 1392 εἶναι
2943 1337 3043 1409 τὴν
3075 1338 3186 1392 τῶν
3217 1338 3464 1391 πάντων
3496 1338 3672 1408 ψυχὴν

2059 1431 2683 1503 κατακερματιζομένην
2706 1434 2801 1486 καὶ
2819 1433 3318 1502 κατατεμνομένην
3342 1432 3434 1494 εἰς
3459 1433 3533 1484 τά
3555 1433 3675 1484 καθ’

2057 1521 2266 1576 ἕκαστα
2297 1521 2531 1592 σώματα
2558 1521 2782 1592 ἔμψυχα
2806 1524 2902 1575 καὶ
2929 1521 3132 1592 ἄψυχαο
3161 1522 3193 1574 ὁ
3220 1521 3282 1574 δὲ
3309 1521 3564 1573 Πλάτων
3585 1522 3676 1572 καὶ

2061 1614 2193 1684 μίαν
2228 1611 2370 1668 εἶναι
2396 1615 2490 1666 καὶ
2526 1614 2733 1677 πολλὰς
2771 1613 2952 1683 ψυχὰς
2985 1613 3359 1682 ἀποφαίνεται
3381 1629 3397 1642 ’
3439 1613 3676 1682 Κρόνιος

2057 1706 2115 1760 δὲ
2151 1708 2244 1760 καὶ
2278 1706 2592 1778 Πορφύριος
2613 1709 2793 1760 πάντα
2818 1706 2883 1759 τὰ
2918 1706 3032 1776 εῐδη
3059 1705 3285 1772 λέγουσι
3315 1705 3462 1774 μιᾶς
3490 1703 3675 1772 ψυχῆς

2060 1799 2267 1854 πέλεινο
2305 1798 2614 1870 Ἰάμόλιχος
2645 1799 2704 1852 δὲ
2735 1799 2838 1869 τὴν
2863 1797 3114 1850 ἐναντίαν
3142 1797 3368 1860 τούτοις
3412 1795 3672 1866 δραμὼν,

375 1905 516 1946 nans
544 1890 776 1961 singulis
815 1890 1176 1944 animantium
1229 1888 1515 1960 speciebus
1558 1889 1755 1943 animae
1824 1901 1949 1956 spe.

2015 1908 2034 1961 ι
2058 1893 2182 1948 καθ’
2200 1892 2258 1946 ἓν
2281 1888 2420 1957 εἶδος
2445 1891 2587 1956 ζώου
2615 1891 2794 1963 ψυχῆς
2822 1885 2961 1953 εἶδκ
2990 1884 3134 1943 εἶναι
3159 1887 3342 1957 λέγει.

372 1980 512 2034 ciem
540 1981 719 2035 inesse
745 1981 902 2035 dicit.

447 2064 553 2122 Sed
584 2067 738 2122 nobis
775 2069 909 2124 istos
947 2071 1038 2138 qui
1081 2071 1292 2140 seipsos
1341 2070 1596 2125 refellunt
1622 2070 1959 2141 praetermit-

376 2158 634 2224 tentibus,
655 2159 1123 2217 immortalitatem
1149 2162 1267 2232 ejus
1299 2177 1330 2217 e
1363 2161 1646 2231 Scriptura
1676 2177 1835 2217 sacra
1857 2163 1958 2216 de-

373 2262 681 2306 monstrare
711 2251 967 2317 sufﬁciat,
999 2269 1119 2323 quae
1137 2263 1343 2308 certam
1382 2270 1448 2310 ex
1480 2268 1538 2309 se
1572 2254 1730 2308 (idem
1765 2253 1951 2317 habet,

371 2344 630 2414 quoniam
670 2344 875 2401 Christi
909 2347 1136 2416 ejusque
1173 2346 1569 2416 discipulorum
1596 2343 1756 2400 effata
1777 2347 1952 2401 conti-

373 2446 490 2492 net.
523 2435 578 2491 Si
599 2437 741 2491 enim
774 2453 880 2491 non
905 2447 1040 2492 este
1067 2438 1229 2492 rebus
1255 2453 1373 2504 qua:
1417 2447 1667 2505 pereunt,
1709 2436 1956 2491 incorru-

370 2527 578 2599 ptibilis
605 2537 660 2583 et
703 2527 1028 2582 immortalis
1055 2537 1162 2582 est.
1190 2528 1391 2582 Dicunt
1419 2536 1597 2581 autem
1634 2525 1851 2595 quidam
1887 2527 1955 2579 de

371 2619 489 2688 ejus
515 2623 712 2676 unione
730 2621 910 2675 omnia
941 2622 1087 2676 unita
1130 2621 1182 2675 in
1227 2621 1386 2675 unius
1442 2620 1761 2674 substantiae
1810 2618 1956 2674 exsi-

372 2714 626 2769 stentiam
646 2714 860 2783 penitus
887 2714 1028 2767 uniri
1058 2720 1288 2768 :cuncta
1319 2727 1448 2767 vero
1469 2712 1618 2766 unita
1652 2710 1953 2777 immutari,

371 2821 473 2862 nec
498 2820 720 2861 manere
741 2821 862 2877 quae
891 2806 1041 2873 prius
1067 2804 1296 2870 fuerint,
1327 2806 1471 2860 sicut
1495 2806 1546 2858 in
1580 2819 1719 2874 aqua
1749 2813 1804 2858 et
1827 2805 1955 2858 vino

372 2899 452 2952 lit.
486 2895 604 2952 Jam
638 2898 914 2968 quomodo
949 2897 1064 2952 sive
1101 2911 1298 2967 corpus
1327 2897 1521 2950 animae
1564 2895 1801 2960 unitum,
1833 2911 1955 2949 cor-

369 3006 474 3060 pus
501 2991 679 3044 adhuc
729 2996 932 3051 manet,
982 2990 1098 3044 sive
1141 2990 1321 3042 anima
1358 3004 1476 3057 quae
1506 2988 1826 3058 incorporea
1871 2994 1955 3040 est

371 3092 430 3135 et
472 3082 524 3135 in
577 3097 636 3136 se
682 3081 797 3150 ipsa
855 3079 1532 3149 substantiata,quomodo
1561 3079 1778 3149 corpori
1825 3078 1949 3132 uni-

375 3183 466 3228 tur
506 3182 562 3228 et
607 3173 902 3228 animantis
941 3172 1002 3227 ﬁt
1033 3187 1176 3243 pars,
1233 3171 1380 3227 salva
1446 3171 1660 3241 propria
1716 3170 1952 3226 essentia

2140 2076 2282 2131 Ἀλλ’
2314 2079 2478 2148 ἡμεῖς
2520 2074 2746 2138 τούτους
2794 2073 3056 2136 ἐάσαντες
3099 2071 3192 2126 ὑπ’
3242 2069 3516 2141 ἀλλήλων
3543 2070 3673 2121 ἁνα-

2056 2168 2380 2240 τρέπεσθαι,
2422 2168 2787 2238 ἀρκεσθῶμεν
2819 2166 2958 2237 πρὸς
2989 2162 3264 2229 ἀπόδειξιν
3300 2163 3412 2232 τῆς
3460 2161 3670 2214 ἀθανα-

2057 2259 2181 2323 σίας
2207 2260 2380 2329 αὐτῆς
2411 2262 2477 2312 ὲκ
2504 2261 2604 2329 τῆς
2650 2257 3018 2314 θεοπνεύστου
3066 2256 3298 2326 Γραφῆς
3327 2270 3343 2284 ο
3371 2254 3440 2305 τὸ
3477 2253 3670 2306 motos

2057 2353 2150 2406 καὶ
2175 2351 2394 2422 βέϐαιον
2413 2351 2472 2415 ἐξ
2492 2350 2692 2420 ἑαυτῆς
2720 2348 2974 2420 ἐχούσης,
3002 2347 3092 2402 διὰ
3113 2349 3176 2400 τὸ
3207 2346 3483 2416 εἰρῆσθαι
3519 2347 3666 2414 παρὰ

2056 2442 2295 2516 Χριστοῦ
2353 2444 2450 2497 καὶ
2496 2443 2607 2496 τῶν
2661 2439 2830 2495 αὐτοῦ
2894 2439 3176 2510 μαθητῶν.
3232 2439 3298 2491 Εἰ
3341 2438 3462 2507 γάρ
3497 2436 3663 2506 μηδὲν

2057 2540 2177 2591 ἐστι
2205 2537 2317 2592 τῶν
2347 2535 2748 2606 φθειρομένων,
2809 2533 2926 2586 ἔστι
2960 2532 3019 2585 δὲ
3053 2531 3365 2603 ἄφθαρτος,
3417 2529 3549 2582 ἐστι
3577 2529 3665 2581 καὶ

2055 2629 2345 2692 ἀθάνατος.
2381 2628 2616 2696 Λέγουσι
2635 2627 2692 2680 δέ
2707 2643 2852 2690 τινες
2883 2627 3013 2696 περ)¹
3042 2625 3142 2696 τῆς
3169 2623 3436 2686 ένὼσεως
3463 2623 3662 2691 αὐτῆς,

2055 2724 2138 2777 ὅτι
2171 2723 2346 2777 πάντα
2375 2719 2446 2774 τὰ
2500 2720 2753 2774 συνιόντα
2783 2721 2864 2780 εἰς
2904 2721 3034 2789 μιᾶς
3087 2718 3279 2781 οὐσίας
3325 2716 3662 2782 ὑπόστασιν,

2054 2814 2350 2877 διαπαντὸς
2379 2812 2596 2867 ἑνοῦται
2627 2827 2641 2842 ·
2676 2812 2857 2866 πάντα
2884 2811 2940 2864 δὲ
2981 2796 3055 2863 τὰ
3097 2807 3378 2878 ἑνούμενα
3408 2808 3663 2862 ducto:-

2055 2925 2170 2973 ται,
2203 2907 2299 2960 καὶ
2327 2907 2388 2960 οὐ
2424 2904 2640 2976 μένειᾶ
2685 2902 2960 2975 πρότερον
2979 2897 3068 2974 ἦν,
3105 2901 3182 2964 ὡς
3215 2901 3309 2953 ἐπὶ
3367 2900 3531 2953 οἴνου
3571 2901 3662 2952 καὶ

2057 2997 2274 3062 ὓδατος.
2300 2996 2425 3060 Πῶς
2450 2995 2484 3066 ἢ
2509 2995 2579 3048 τὸ.
2594 2993 2752 3065 σῶμα
2784 2992 3066 3063 ἡνωμένον
3093 2994 3159 3062 τῇ
3185 2990 3368 3060 ψυχῇ,
3392 2990 3483 3042 ἔτι
3514 2991 3660 3058 μένει

2057 3089 2284 3162 σῶμα,ἢ
2305 3089 2508 3160 πάλινή
2531 3088 2678 3159 ψυχὴ
2701 3086 2993 3156 ἀσώματος
3015 3079 3150 3138 οὖσα
3176 3083 3274 3135 καὶ
3307 3080 3598 3151 οὓσιώὸης
3618 3082 3658 3112 ³⁹

2057 3183 2182 3236 καθ’
2215 3182 2436 3254 ἑαυτὴν,
2467 3181 2585 3244 πῶς
2618 3179 2834 3234 ἑνοῦται
2868 3177 3108 3247 σώματι,
3151 3177 3249 3228 καὶ
3282 3174 3468 3244 μέρος
3517 3173 3658 3240 γίνε-

380 3265 652 3322 mistionis
678 3274 901 3334 experte
929 3264 1406 3336 etcorruptionis?
1434 3263 1670 3320 Necesse
1693 3273 1776 3319 est
1803 3264 1947 3318 enim

2015 3271 2026 3326 ι
2056 3294 2147 3329 ται
2176 3275 2341 3340 ζώου,
2400 3273 2651 3340 σώζουσα
2678 3272 2778 3342 τὴν
2812 3269 2952 3327 ἰδίαν
2988 3267 3179 3322 οὐσίαν
3209 3264 3547 3334 ἀσύγχυτον
3571 3266 3659 3316 καὶ

380 3370 475 3415 aut
501 3359 650 3416 uniri
696 3359 934 3414 animam
987 3368 1043 3413 et
1092 3367 1386 3427 corpus,et
1413 3357 1572 3412 simul
1603 3356 1952 3421 commutari,

375 3463 469 3508 aut
497 3467 705 3517 coesse,
737 3451 877 3507 sicut
917 3452 970 3506 in
989 3450 1279 3506 saltatione
1313 3449 1618 3516 saltatores,
1643 3448 1726 3505 vel
1766 3449 1820 3503 in
1851 3447 1959 3504 suf-

375 3544 565 3616 fragiis
594 3542 936 3614 suﬂ'ragium.
965 3542 1072 3596 Ant
1117 3544 1160 3598 si
1193 3542 1510 3610 incorporea
1543 3551 1652 3606 est,
1685 3540 1957 3610 quomodo

376 3651 671 3706 acorpore
725 3634 1045 3704 separatur?
1081 3633 1227 3688 Nihil
1280 3633 1426 3688 enim
1473 3631 1854 3702 incorporeum
1925 3647 1955 3686 a

376 3741 603 3799 corpore
635 3735 921 3798 separatur
958 3744 972 3781 :
1006 3741 1112 3781 non
1140 3727 1380 3782 cohaeret
1417 3724 1563 3780 enim
1610 3724 1832 3794 corpori
1871 3725 1958 3780 in-

377 3835 698 3890 corporeum
731 3838 744 3872 :
780 3819 960 3873 anima
991 3829 1172 3873 autem
1220 3819 1460 3874 cohaeret
1483 3817 1696 3888 corpori
1720 3827 1774 3873 et
1797 3817 1866 3872 ab
1892 3833 1955 3874 eo

376 3923 680 3984 separatur.

449 4006 690 4061 Dicimus
721 3994 851 4074 ergo
872 4005 1013 4076 quod
1054 4020 1082 4059 a
1119 4018 1345 4072 corpore
1367 4003 1422 4058 in
1475 4011 1652 4058 morte
1677 4011 1953 4072 separetur

377 4103 580 4167 anima,
607 4098 841 4167 illudque
868 4113 1054 4152 verum
1096 4097 1169 4152 sit
1192 4115 1207 4164 ;
1227 4096 1368 4166 quod
1399 4111 1527 4152 vero
1555 4111 1664 4150 non
1688 4095 1961 4150 adhaereat

378 4193 757 4261 incorporeum
786 4191 1024 4261 corpori,
1061 4189 1252 4244 falsum
1276 4189 1494 4258 quidem
1525 4198 1610 4244 est
1633 4187 1962 4257 generaliter

380 4285 605 4349 dictum,
635 4284 700 4338 de
731 4281 911 4336 anima
946 4291 1127 4335 autem
1161 4295 1346 4336 verum
1382 4297 1396 4334 :
1428 4294 1534 4334 non
1561 4279 1707 4334 enim
1742 4278 1959 4348 corpori

381 4378 666 4448 colligatur
701 4375 902 4431 anima.
929 4373 1149 4430 Falsum
1184 4373 1452 4444 siquidem
1510 4372 1654 4427 linea
1702 4385 1823 4441 qua:
1877 4377 1960 4424 est

381 4471 698 4538 incorporea
733 4465 944 4535 corpori
974 4465 1214 4520 adhaeret
1241 4472 1296 4518 et
1334 4463 1676 4528 secernitur;
1709 4459 1963 4515 similiter

379 4570 433 4614 et
453 4558 715 4616 albitudo.
747 4557 822 4613 De
867 4558 1048 4610 anima
1075 4566 1252 4610 autem
1294 4569 1481 4609 verum
1526 4563 1650 4621 est;
1680 4567 1786 4607 non
1813 4552 1966 4606 enim

2063 3369 2431 3440 ἀδιάφθορονς
2481 3367 2722 3436 Ἀνάγκη
2781 3365 2912 3434 γὰρ,
2953 3362 2987 3431 ἢ
3035 3358 3278 3432 ἡνῶσθαι
3333 3359 3443 3428 τὴν
3485 3357 3657 3427 ψυχὴν

2060 3462 2156 3517 καὶ
2197 3462 2257 3516 τὸ
2289 3462 2470 3532 σῶμα,
2503 3461 2597 3514 καὶ⁵
2642 3455 3078 3530 συνηλλοιῶσθαι
3109 3455 3434 3526 ἀμφότερα,
3487 3454 3524 3522 ἢ
3564 3470 3658 3506 πα-

2063 3550 2378 3624 ρακεῖσθαι,
2414 3551 2490 3614 ὡς
2513 3550 2782 3622 χορευτὰς
2817 3551 2875 3603 ἐν
2898 3546 3066 3618 χορῷ,
3090 3545 3127 3616 ἦ
3155 3545 3344 3616 ψῆφον
3373 3546 3435 3597 ὲν
3458 3545 3657 3615 ψήφῳ·

2061 3641 2095 3711 ἢ
2125 3643 2174 3694 εἰ
2207 3640 2500 3710 ἀσώματος
2528 3642 2668 3706 ἐστι,
2705 3639 2823 3702 πῶς
2858 3637 3159 3708 χωρίζεται
3192 3637 3302 3690 ἀπὸ
3333 3636 3441 3690 τοῦ
3479 3637 3661 3705 σώμαι

2061 3747 2188 3794 τος;
2218 3729 2384 3783 Οὐδὲν
2412 3729 2523 3798 γὰρ
2553 3728 2851 3799 ἀσώματον
2885 3727 2995 3782 ἀπὸ
3031 3726 3287 3794 σώματος
3310 3728 3659 3799 χωρίζεται·

2060 3821 2182 3874 οὐδὲ
2217 3822 2325 3892 γὰρ
2351 3821 2657 3890 ἐφάπτεται
2691 3819 2944 3891 σώματος
2984 3818 3281 3890 ἀσώματον
3309 3836 3327 3849 ·
3364 3821 3402 3890 ἡ
3433 3818 3498 3872 δὲ
3523 3817 3658 3887 ψυχὴ

2060 3915 2158 3968 καὶ
2188 3914 2492 3983 ἐφάπτεται
2531 3913 2624 3968 καὶ
2651 3911 2948 3984 χωρίζεται
2968 3910 3060 3965 τοῦ
3087 3910 3370 3981 σώματος.

2132 4005 2382 4074 Δέγομεν
2417 4005 2532 4072 οὖν,
2585 4006 2668 4059 ὅτι
2719 4004 2780 4058 τὸ
2831 4003 2931 4073 μὲν
2977 4002 3322 4074 χωρίζεσθαι
3343 4003 3454 4073 τὴν
3484 4002 3658 4072 ψυχὴ-δ

2061 4097 2174 4150 ἀπὸ
2207 4097 2302 4150 τοῦ
2329 4097 2582 4168 σώματος
2607 4099 2668 4150 ὲν
2699 4096 2777 4167 τῷ
2811 4095 3052 4166 θανάτῳ,
3079 4095 3284 4165 ἀληθές
3314 4098 3443 4148 ἐστι
3480 4112 3497 4126 ·
3522 4097 3582 4148 τὸ

2066 4189 2142 4258 μὴ
2178 4190 2522 4258 ἐφάπτεσθαι
2548 4189 2840 4260 ἀσώματον
2872 4189 3142 4260 σώματος,
3175 4187 3382 4257 ψεῦδος
3413 4189 3520 4258 μέν
3550 4191 3656 4240 ἐπ

2064 4282 2647 4354 καθόλουλεγόμενον,
2682 4283 2776 4335 ἐπὶ
2807 4282 2865 4336 δὲ
2896 4281 2997 4351 τῆς
3020 4280 3201 4351 ψυχῆς
3252 4281 3467 4348 ἀληθές
3495 4299 3510 4312 ·
3545 4283 3656 4334 οϋιὲ

2063 4374 2171 4446 γὰρ
2199 4375 2501 4442 ἐφάπτεται
2553 4375 2654 4429 τοῦ
2701 4374 3014 4446 σώματοςὴ
3062 4373 3231 4443 ψυχή.
3267 4371 3494 4436 ιιἐὖδος
3544 4374 3655 4442 μὲν,

2066 4466 2256 4536 ἐπειδὴ
2312 4465 2408 4519 καὶ
2464 4465 2763 4536 ὴγραμμὴ
2818 4462 3109 4533 ἀσώματος
3161 4457 3299 4514 οὖσα
3351 4461 3656 4527 ἐφάπτεται

2067 4557 2161 4610 τοῦ
2197 4555 2450 4624 σώματος
2483 4556 2576 4607 καὶ
2601 4553 2920 4624 χωρίζεται,
2949 4551 3152 4620 ὁμοίως
3184 4552 3282 4604 καὶ
3311 4552 3345 4620 ἡ
3365 4551 3653 4618 λευκότης.

379 4651 594 4722 corpori
626 4649 916 4719 colligatur
944 4648 1122 4703 anima
1156 4665 1169 4702 :
1214 4649 1260 4702 si
1291 4647 1436 4701 enim
1499 4645 1810 4715 colligatur,
1845 4659 1956 4699 ma-

2015 4623 2044 4675 )
2079 4651 2200 4702 Ἐπὶ
2226 4650 2283 4702 δὲ
2313 4649 2410 4718 τῆς
2434 4648 2612 4718 ψυχῆς
2643 4646 2839 4716 ἀληθές
2863 4663 2874 4676 ·
2909 4645 3029 4698 οὐδὲ
3070 4643 3180 4714 γὰρ
3219 4633 3545 4710 ἐφάπτεται
3572 4642 3654 4696 τοῦ

382 4743 577 4799 nifesle
600 4743 649 4798 ei
675 4744 952 4807 adhaeret;
986 4740 1320 4810 impossibile
1343 4747 1522 4794 autem
1579 4739 1957 4808 incorporeum

382 4835 595 4907 corpori
646 4835 868 4889 omnino
923 4834 1222 4888 adhaerere.
1284 4832 1441 4888 Unde
1505 4845 1607 4897 nec
1657 4831 1955 4884 animatum

347 4912 351 4915 ’
387 4929 493 4984 erit
549 4936 718 4982 totum
771 4924 1006 4991 animal;
1042 4924 1086 4980 si
1118 4938 1248 4978 vero
1276 4932 1364 4978 est
1425 4930 1596 4976 totum
1636 4921 1960 4986 animatum,

327 5078 335 5100 τ
392 5033 494 5074 nec
526 5016 840 5082 adhwrebit,
879 5029 978 5069 nec
1017 5022 1353 5078 secernetur,
1391 5011 1655 5082 siquidem
1714 5010 1963 5079 incorpo-

389 5123 542 5165 reum
568 5118 673 5161 CSI.

454 5201 510 5255 Si
542 5214 673 5254 vero
701 5215 806 5253 non
838 5200 1130 5261 adimatur,
1169 5196 1444 5267 inquiunt,
1466 5208 1567 5249 nec
1595 5194 1833 5264 adjacet,
1867 5208 1965 5250 nec

322 5323 336 5369 ί
385 5293 667 5356 miscetur,
693 5307 790 5345 cur
823 5291 1020 5345 animal
1049 5291 1245 5345 dicitur
1281 5305 1446 5344 unum
1474 5304 1594 5344 cum
1627 5287 1680 5342 in
1719 5288 1966 5356 corpori-

385 5388 486 5442 bns
543 5384 804 5439 adnnatio
881 5384 1247 5438 adunatornm
1307 5384 1547 5439 omnium
1603 5383 1960 5437 mutationem

384 5489 662 5547 operetur,
689 5477 889 5546 quippe
916 5491 1034 5543 quae
1065 5475 1117 5528 in
1161 5475 1262 5529 alia
1297 5489 1525 5544 corpora
1578 5473 1959 5538 immutantur,
2028 5536 2035 5542 I

386 5561 840 5638 quemadmodum
875 5567 1142 5621 elementa
1202 5565 1255 5621 in
1314 5564 1719 5635 permistiones,
1762 5571 1816 5619 et
1859 5562 1960 5618 ali-

2070 4744 2322 4814 σώματος
2354 4744 2386 4813 ἡ
2411 4742 2557 4811 ψυχή
2578 4757 2591 4769 ·
2622 4740 2670 4792 εί
2710 4739 2818 4808 γὰρ
2851 4739 3178 4807 ἐφάπτεται,
3199 4736 3458 4806 δηλονότι
3483 4737 3654 4806 παρὰ·

2068 4853 2248 4888 κειται
2275 4834 2457 4904 αὐτῷ·
2499 4831 2760 4886 ἀδύνατον
2809 4831 2867 4884 δὲ
2911 4828 3204 4900 ἀσώματον
3262 4827 3512 4898 σώματι,
3548 4831 3652 4881 ὅλον

2069 4926 2176 4995 ὅλῳ
2216 4921 2611 4994 παρακεῖσθαι’
2645 4920 2785 4974 ὥστε
2810 4919 2932 4974 οὐδὲ
2971 4919 3219 4991 ἔμψυχον
3260 4919 3427 4973 ἔσται
3461 4921 3583 4973 ὅλον
3604 4921 3653 4970 τε)

2070 5016 2247 5082 ζῶον·
2281 5017 2329 5068 εί
2384 5014 2442 5066 δέ
2487 5015 2637 5067 ἐστιν
2679 5012 2801 5065 ὅλον
2860 5010 3127 5080 ἔμψυχον,
3170 5009 3304 5063 οὔτε
3354 5011 3652 5080 ἐφάπτεται

2073 5110 2167 5161 καὶ
2195 5106 2512 5177 χωρίζεται,
2549 5103 2841 5174 ἀσώματος
2879 5099 3033 5157 οὖσα.

2147 5200 2206 5251 Εἰ
2239 5198 2292 5251 δὲ
2333 5197 2408 5268 μὴ
2446 5197 2675 5268 ἥνωται,
2723 5196 2882 5266 φησὶ,
2931 5195 3067 5265 μήτε
3121 5194 3494 5264 παράκειται,
3533 5199 3651 5267 μήτε

2073 5291 2362 5362 κέκραται,
2394 5289 2480 5352 τίς
2507 5290 2536 5340 ὁ
2567 5287 2725 5355 λόγος
2754 5285 2850 5340 τοῦ
2882 5285 3023 5350 ζώου
3055 5285 3113 5338 ἒν
3141 5285 3432 5354 λέγεσθαι,
3468 5291 3552 5342 ὅτι

2077 5382 2176 5452 μὲν
2228 5380 2336 5433 τῶν
2373 5381 2666 5449 σωμάτων,
2699 5379 2734 5448 ἡ
2767 5376 2963 5440 ἕνωσις
2987 5377 3284 5430 ἀλλοίωσιν
3305 5379 3422 5430 τῶν
3456 5384 3652 5434 συνιόν-

2071 5490 2179 5526 των
2220 5473 2438 5525 πάντων
2465 5467 2781 5540 ἐργάζεται,
2812 5466 3112 5537 ἐπειδήπερ
3133 5468 3180 5498 ⁶⁰
3213 5470 3298 5531 εἰς
3317 5468 3459 5522 ἄλλα
3486 5472 3651 5541 σώμα-

2071 5582 2139 5618 τα
2189 5561 2589 5635 μεταϐάλλεται
2615 5577 2627 5591 °
2666 5561 2740 5624 ὡς
2779 5560 2850 5614 τὰ
2901 5560 3140 5630 στοιχεῖα
3195 5558 3280 5622 είς
3317 5559 3394 5612 τὰ
3438 5560 3650 5632 συγκρί-

455 5746 501 5816 '_’
524 5745 617 5798 ἐὰν
655 5742 851 5816 μὴάκαὶ
882 5744 1018 5816 αὑτὴ
1051 5742 1457 5815 συνδιαστραφῆ
1477 5741 1654 5816 αὐτῷ·
1694 5741 1956 5816 συμϐαίνε

2016 5742 2123 5812 γὰρ
2152 5741 2244 5816 καὶ
2276 5739 2433 5816 τοῦτο
2463 5738 2593 5816 addL
2615 5736 2822 5816 ﬂayed
2855 5734 3272 5816 schglmidelnt'.
3359 5736 3405 5770 ⁵³
3447 5736 3539 5792 καὶ
3566 5736 3639 5789 οὗ·

389 5813 667 5888 σιώδτ,ς...ή
696 5813 828 5873 οὖσα
858 5813 1022 5889 (uilla
1052 5818 1092 5874 Ο
1123 5815 1207 5889 Η)
1233 5813 1340 5872 om.
1381 5817 1438 5871 ι’.

1515 5815 1558 5847 ⁸ο
1592 5804 1964 5885 ἓπειδῆπερ...
1996 5804 2118 5877 νοῦς
2148 5812 2261 5867 αλλ.
2297 5810 2419 5884 (col.
2465 5808 2598 5865 1500
2632 5808 2672 5860 Β
2703 5806 2758 5878 2)
2794 5821 2902 5864 om.
2942 5804 3006 5859 Ρ.
