3792 6386
3249 378 3389 435 i398

112 423 275 479 τευ-ι
1270 372 1277 383 ’
1380 411 1468 466 ne
1506 406 1747 465 NATUR

1893 401 2146 462 OMINIS.

117 555 308 610 ματα,
336 537 430 593 καὶ
462 537 518 592 αί
548 535 749 608 τροφαὶ
782 537 863 601 είς
893 531 1055 608 αἷμα,
1080 534 1142 588 τὸ
1165 533 1225 587 δὲ
1257 527 1400 603 αἷμα
1431 532 1510 593 είς
1536 530 1716 599 σάρκα
1746 568 1752 591 ι

1893 533 1999 582 tnta
2029 524 2082 578 in
2114 519 2453 592 sanguinem,
2481 524 2539 571 et
2564 508 2787 581 sanguis
2816 508 2868 565 i‘n
2903 519 3123 564 carnem
3169 512 3226 560 et
3257 501 3387 556 reii—

116 598 233 682 ξιαὶ
266 598 340 682 τνά
379 625 545 680 λοιπά
586 598 772 698 ’μόρια
820 598 921 680 τοῦ
959 598 1281 697 ’σώματοςς
1323 598 1460 677 Ἓπὶ
1516 620 1575 673 δὲ
1605 598 1716 673 τῶν

1894 633 1923 671 a
1985 613 2225 670 membra
2276 607 2558 679 corporis?
2603 605 2659 659 In
2710 598 3161 657 intellectualibus
3209 602 3390 649 autem

117 717 348 790 νοητῶν
418 686 617 781 ἕνωσις
678 686 783 788 μὲν
839 686 1081 785 γίνεται,
1153 686 1440 776 ἀλλοίωσις
1513 712 1572 766 δὲ
1652 711 1715 766 οὐ

1893 707 2077 763 unatio
2109 701 2444 776 quidem-iit,
2478 694 2788 754 immutatio
2823 701 3008 748 autem
3050 704 3159 744 non
3211 686 3363 755 sequi

121 808 573 881 παρακολουθεῖ·
627 808 690 864 οὐ
739 808 850 881 7&9
879 808 1095 879 πέφυκε
1143 806 1492 879 νοητδνσκατ’
1529 804 1719 861 οὐσίαν

124 903 511 958 ἀλλοιοῦσθαι.
542 903 656 958 Καὶ
679 901 877 974 ἡψυχὴ
899 901 1016 972 ζωὴ
1034 896 1191 967 οὖσα,
1219 901 1269 955 εί
1287 901 1346 954 ὲν
1368 901 1436 971 τῇ
1459 897 1657 970 κράσει
1684 897 1719 969 ἢ

131 994 334 1048 ἑνώσει
358 993 741 1065 μετεϐάλλετο,
776 992 1049 1065 ἠλλοιώθη
1083 993 1152 1049 ἂν
1189 993 1287 1047 καὶ
1335 991 1437 1045 οὐκ
1472 987 1543 1062 ἦν
1566 989 1680 1060 ζωή
1703 1003 1718 1018 ο

132 1085 194 1138 τί
225 1085 286 1140 δὲ
323 1083 685 1140 συνεϐάλλετο
707 1083 787 1157 τῷ
820 1083 1058 1155 σώματι,
1089 1084 1140 1136 εί
1169 1083 1246 1154 μὴ
1275 1084 1545 1154 παρεῖχεν
1573 1078 1724 1151 αὐτῷ

135 1177 247 1248 τὴν
273 1175 454 1246 ζωήνς
485 1176 598 1231 Καὶ
630 1176 840 1247 ᾗνωται
871 1176 1111 1248 τοίνυνή
1147 1174 1297 1245 ψυχὴ
1334 1174 1395 1226 ἐν
1418 1172 1505 1243 τῷ
1539 1169 1727 1242 σώμα-

140 1280 224 1329 τι,
251 1264 349 1318 καὶ
368 1263 697 1334 ἀσυγχύτως
726 1264 953 1336 ἥνωται.

222 1355 346 1409 Ὀτι
370 1354 473 1424 μὲν
513 1353 626 1426 7&9
651 1355 857 1426 ἥνωται
887 1355 1163 1410 δείκνυσιν
1192 1356 1227 1428 ἡ
1251 1354 1600 1428 συμπάθεια*
1642 1355 1727 1409 ὃτι

145 1446 208 1501 δδ
240 1446 336 1502 καὶ
365 1446 677 1518 ἀσύγχυτος
731 1446 906 1517 μένει,
938 1447 1041 1501 οὐκ
1077 1448 1376 1515 ἀγνοεῖται.
1415 1447 1585 1501 Ὅταν
1619 1446 1729 1517 γάρ

148 1556 212 1596 τι
236 1538 358 1593 καθῗ
391 1538 564 1593 ἑαυτὰ
584 1538 694 1591 τῶν
719 1536 892 1592 ὄντων
922 1538 1316 1594 ἑπισκέπτεται
1335 1537 1430 1593 τοῦ
1453 1538 1728 1608 σώματος,

150 1628 232 1699 ᾡς
252 1623 362 1682 οἷόν
380 1644 441 1681 τε
465 1627 668 1698 ἑαυτὴν
692 1628 1004 1699 χωρίζουσα
1026 1628 1189 1685 τοῦτο
1226 1631 1373 1683 ποιεί
1392 1646 1421 1691 σν
1440 1627 1732 1699 ἀσώματος

154 1719 268 1791 7&9
289 1714 447 1786 οὖσα,
472 1719 540 1774 δι’
561 1720 683 1774 ὅλου
709 1719 1034 1792 κεχώρηκεν
1063 1722 1144 1782 εἰς
1176 1719 1246 1775 τὰ
1269 1718 1691 1791 συνεφθαρμένα
1713 1733 1729 1750 ο

156 1808 257 1865 καὶ
287 1809 488 1877 ἀφεῖσα
516 1808 690 1863 ταῦτα
727 1808 878 1879 μένει
909 1808 1238 1880 ἀδιάφθορος
1261 1810 1355 1863 κα).
1384 1809 1694 1881 ἀσύγχυτος
1714 1825 1729 1841 ο

157 1902 257 1955 καὶ
279 1902 339 1955 τὸ
376 1899 499 1955 καθ’
540 1901 742 1971 ἑαυτὴν
788 1899 1032 1973 καθαρὸν
1071 1899 1498 1965 ἐνδιασώζουσα,
1547 1899 1645 1954 καὶ
1674 1901 1733 1954 ἐν

158 1987 246 2056 οἷς
277 1992 503 2064 γένηται
554 1993 832 2060 τρέπουσα
860 1992 1004 2047 κατὰ
1047 1992 1147 2064 τὴν
1176 1992 1383 2063 ἑαυτῆς
1430 1993 1599 2063 ζωὴν,
1639 1993 1735 2046 καὶ

160 2084 259 2137 ὑπ’
285 2084 509 2139 ἐκείνων
542 2085 618 2156 μὴ
647 2084 983 2156 τρεπομένης
1034 2084 1123 2148 Ὠς
1152 2084 1262 2156 γὰρ
1292 2087 1322 2139 ὁ
1345 2085 1497 2156 ἥλιος
1519 2086 1586 2156 τῇ
1628 2101 1733 2138 πα-

163 2174 360 2247 ρουσίᾳ
385 2175 479 2229 τὸν
507 2176 648 2246 ἀέρα
686 2176 768 2239 είς
801 2175 918 2245 φῶς
966 2175 1318 2246 μεταϐάλλει.
1369 2176 1540 2230 ποιῶν
1573 2175 1739 2229 αὐτὸν

163 2267 457 2337 φωτοειδῆ,
488 2266 585 2321 καὶ
636 2266 855 2321 ἑνοῦται
877 2265 958 2337 τῷ
985 2266 1111 2338 ἀέρι
1147 2267 1210 2320 τὸ
1243 2267 1382 2337 φῶς,
1415 2264 1740 2336 ἀσυγχύτως

163 2356 285 2429 ἅμα
311 2356 462 2429 αὑτῷ
492 2357 591 2411 καὶ
618 2357 936 2428 κεχυμένως
961 2373 976 2390 ·
1005 2356 1099 2412 τὸν
1132 2358 1296 2412 αὐτὸν
1324 2358 1527 2429 τρόπον
1580 2359 1676 2412 καὶ
1703 2360 1737 2429 ἡ

163 2449 317 2521 ψυχὴ
374 2452 667 2523 ἑνουμένη
702 2450 938 2522 σώματι,
992 2451 1147 2522 μένει
1203 2449 1368 2505 πάλιν
1400 2449 1740 2521 ἀσύγχυτοςο

167 2541 311 2597 κατά
339 2542 499 2597 τοῦτο
559 2543 733 2614 μόνονε
772 2543 1190 2606 διαλλάττουσα,
1251 2543 1335 2596 ὅτι
1379 2544 1408 2596 ό
1443 2541 1555 2613 μὲν.
1591 2542 1744 2612 ἥλιος

170 2634 334 2706 σῶμα
361 2634 457 2700 ὢν,
489 2636 584 2691 καὶ
618 2636 770 2706 τόπῳ
795 2636 1290 2708 περιγραφόμενος,
1319 2637 1421 2689 οὐκ
1450 2635 1565 2689 ἔστι
1603 2652 1745 2697 παν-

168 2729 351 2802 ταχοῦ.
365 2728 496 2783 ενθα
521 2729 626 2783 καὶΔ
645 2729 707 2783 τὸ
731 2730 850 2798 φῶς
868 2728 1055 2792 αὑτοῦ,
1087 2728 1163 2791 ὥς
1189 2729 1311 2782 οὐδὲ
1339 2729 1399 2781 τὸ
1413 2727 1527 2799 πῦρ
1548 2745 1564 2761 ·
1594 2728 1748 2799 μένει

172 2824 281 2895 7&9
307 2823 402 2879 καὶ
420 2822 554 2877 αὐτὸ
584 2824 642 2876 ὲν
680 2824 795 2885 τοῖς
824 2820 1023 2887 ξύλοις,
1056 2821 1089 2892 ἢ
1126 2822 1185 2875 ὲν
1211 2823 1281 2893 τῇ
1314 2819 1564 2891 θρυαλίδι
1600 2820 1749 2876 δεδε-

177 2914 360 2986 μένον,
390 2914 469 2979 ὡς
506 2917 565 2968 ὲν
594 2913 772 2985 τόπῳ·
799 2915 833 2985 ἡ
861 2912 1012 2984 ψυχὴ
1039 2913 1097 2966 δὲ
1129 2912 1426 2983 ἀσώματος
1454 2907 1613 2976 οὖσα,
1656 2911 1753 2966 καὶ

179 3005 258 3077 μὴ
287 3006 736 3079 περιγραφομένη
766 3007 825 3059 ὲν
852 3005 1026 3073 τόπῳ,
1052 3005 1151 3076 ὅλη
1169 3004 1237 3058 δι’
1261 3004 1385 3059 ὅλου
1421 3006 1591 3077 χωρεῖ
1604 3005 1757 3079 ,μετά

173 3075 274 3156 τοῦ
324 3075 503 3171 φωτὸς
534 3101 726 3173 αὐτῆς,
784 3101 883 3155 καὶ
926 3100 1202 3174 γράφεται
1250 3099 1354 3162 τάς
1412 3075 1609 3162 οὐσίας’
1658 3096 1755 3150 τοῦ

178 3192 463 3265 σώματος’
519 3193 616 3248 καὶ
669 3194 771 3247 ούκ
828 3193 943 3246 ἔστι
999 3194 1166 3264 μέρος
1217 3190 1597 3262 φωτιζόμενον
1656 3189 1753 3244 ὑπ’
1781 3202 1825 3263 ο

178 3287 375 3358 αὐτῆς,
411 3289 471 3342 ὲν
499 3280 543 3356 ᾧ
576 3287 651 3358 μὴ
705 3287 803 3357 ὅλη
861 3286 1126 3356 πάρεστιν
1155 3299 1170 3315 ο
1197 3283 1261 3338 οὐ
1305 3283 1416 3353 γὰρ
1471 3282 1757 3352 κρατεῖται

181 3378 290 3433 ὑπὸ
312 3377 409 3433 τοῦ
448 3377 721 3450 σώματος,
763 3378 880 3433 ἀλλ’
911 3377 1052 3448 αὐτὴ
1084 3378 1279 3450 κρατεῖ
1316 3375 1379 3429 τὸ
1409 3374 1572 3444 σῶμα
1593 3389 1605 3403 υ
1632 3372 1757 3427 ἐπεὶ

178 3470 303 3527 οὐδὲ
329 3475 388 3526 ὲν
439 3471 518 3542 τῷ
552 3470 769 3542 σώματί
816 3472 988 3533 ἐστιν,
1042 3471 1120 3533 ὡς
1174 3470 1234 3522 ὲν
1262 3466 1476 3538 ἀγγείῳ
1501 3466 1535 3535 ἢ
1576 3463 1756 3537 ἀσκῷ.

183 3564 333 3619 ἀλλά⁸
352 3564 553 3636 μᾶλλον
576 3564 638 3619 τὸ
665 3564 826 3635 σῶμα
856 3566 913 3618 ὲν
940 3564 1101 3635 αὐτῇ.
1141 3563 1203 3616 Ei
1224 3563 1334 3632 7&9
1363 3561 1459 3615 xui.
1486 3561 1516 3614 ό
1545 3558 1762 3630 προφή-

179 3672 284 3725 της
335 3656 626 3725 ὲξαγαγεῐν
681 3656 853 3728 αὐτὴν
911 3656 976 3709 ὲκ
1040 3653 1292 3725 φυλακῆς
1346 3652 1441 3707 τὸν
1475 3650 1612 3705 Θεὸν
1667 3647 1763 3702 εὖ·

182 3765 365 3819 χεται,
395 3748 511 3801 ἀλλ’
541 3748 639 3818 οὐχ
668 3748 746 3811 ώς
785 3748 846 3801 τὸ
890 3747 1051 3816 σῶμα
1093 3745 1250 3808 εἰδὼς
1291 3742 1563 3815 φυλακὴν,
1600 3742 1677 3806 ὡς
1705 3741 1764 3794 ὲν

181 3839 376 3912 ἀξορίᾳ
396 3840 438 3872 ⁸³
466 3840 525 3894 δὲ
556 3840 649 3893 καὶ
694 3839 912 3911 φυλακῇ
959 3841 1018 3893 ἐν
1061 3840 1140 3910 τῷ
1176 3837 1277 3908 βίῳ
1341 3836 1603 3908 ὑπάρχων
1636 3849 1650 3864 ⁸
1687 3832 1764 3906 μὴ

184 3931 521 4001 κωλυόμενα,
544 3930 657 4003 7&9.
684 3931 791 3985 ὑπὸ
832 3931 942 3986 τῶν
980 3930 1253 4001 σωμάτων
1286 3929 1355 3983 τὰ
1381 3929 1570 3996 νοητά,
1627 3926 1765 3980 ἀλλά

184 4026 289 4080 καὶ
320 4024 411 4078 διά
448 4024 651 4090 παντὸς
686 4026 782 4079 τοῦ
816 4025 1067 4096 σώματος
1092 4023 1410 4098 χωροῦντα,
1436 4023 1532 4078 καὶ
1557 4022 1768 4091 διαφοι-

185 4118 396 4180 τῶντα,
423 4118 519 4172 καὶ
545 4116 832 4185 διεξιόντα,
884 4119 984 4189 οὐχ
1010 4114 1101 4173 οἷά
1123 4119 1183 4172 τέ
1214 4119 1362 4172 ἐστιν
1407 4116 1514 4171 ἀπὸ
1547 4114 1643 4168 τοῦ
1676 4111 1771 4166 τό-

186 4227 297 4264 που
331 4210 657 4280 σωματικῶς
699 4210 1050 4282 κατέχεσθαι.
1092 4208 1330 4281 Τοιαύτη
1362 4209 1473 4282 7&9
1496 4207 1604 4262 τῶν
1638 4223 1766 4277 νοη-

186 4300 302 4357 τῶν
335 4299 495 4369 φύσις
535 4298 827 4369 ἀσώματος
859 4299 953 4353 καλ⁵
1008 4298 1327 4369 ἀμέριστος,
1369 4295 1465 4350 καὶ
1492 4292 1769 4364 ἀλλήλοις,

188 4391 291 4445 καὶ
320 4390 537 4460 σώματι
568 4388 879 4461 μίγνυσθαι.
920 4390 1012 4442 Ἐκ
1036 4390 1231 4442 τούτου
1248 4388 1358 4458 γάρ
1373 4381 1531 4455 οἶμαι
1552 4383 1645 4437 καὶ
1672 4381 1773 4450 τὴν

1821 804 1910 851 tur
1930 764 2329 863 ;.inteliectoale
2347 764 2492 844 enim
2523 786 2700 857 quoad
2727 781 3022 839 essentiam
3055 793 3163 834 non
3219 764 3396 832 muta-

1824 896 1931 944 tur.
1956 886 2023 941 Et
2067 884 2248 939 anima
2275 879 2535 953 quaesita
2565 887 2669 940 est.
2699 875 2745 933 si
2787 875 2840 929 in
2894 869 3279 942 coagulatione
3303 874 3397 919 aut

1824 975 2148 1048 adunatione
2171 972 2427 1032 variaret,
2455 975 2762 1024 mutaretur
2802 972 2859 1022 et
2910 978 3017 1018 non
3062 966 3209 1017 esset
3260 958 3393 1011 vita.

1823 1068 1934 1125 Cur
1966 1077 2146 1123 tamen
2180 1060 2396 1133 corpori
2429 1059 2872 1130 coniungeretur,
2899 1053 2997 1109 cui
3033 1066 3139 1109 non
3177 1048 3399 1105 aﬂ‘errct

1825 1161 1992 1215 vitam
2015 1158 2247 1227 illaque
2273 1153 2471 1210 uniturz
2501 1150 2679 1207 anima
2698 1147 2918 1217 corpori
2955 1154 3013 1201 et
3066 1144 3271 1212 absque
3318 1137 3400 1192 [υς

1827 1254 1979 1308 sione
2016 1249 2224 1303 unitnr.
3200 1242 3207 1249 ‘
3460 1238 3464 1242 '

1898 1338 2052 1408 Quod
2077 1337 2221 1393 enim
2254 1335 2494 1397 uniatur,
2530 1332 2691 1389 docet
2719 1325 3061 1399 sympathia;
3099 1321 3243 1408 quod
3270 1333 3400 1373 vero

1828 1404 2035 1501 absque
2074 1429 2300 1484 mistura
2331 1431 2570 1487 maneat,
2630 1419 2977 1476 notissimum
3020 1422 3126 1468 est.
3159 1404 3402 1477 Namque

1830 1522 1922 1577 ubi
1950 1500 2153 1590 aliquid
2173 1516 2317 1588 quod
2346 1529 2443 1587 per
2462 1529 2524 1570 se
2544 1513 2610 1569 ad
2631 1523 2830 1580 corpus
2862 1504 3120 1577 pertinet,
3153 1500 3405 1558 conside-

1832 1623 1938 1679 rat,
1967 1620 2221 1682 quantum
2257 1608 2686 1680 potestseipsam
2708 1615 2991 1657 removens
3013 1599 3118 1653 hoc
3136 1595 3265 1649 facit
3303 1611 3317 1647 :
3351 1600 3408 1644 at

1833 1707 2152 1775 incorporea
2179 1702 2325 1756 enim
2358 1699 2576 1770 penitus
2614 1696 2756 1750 intra
2787 1701 3045 1760 corrupta
3078 1683 3408 1759 penetravit,

1834 1812 1956 1867 quae
2008 1793 2429 1866 praetermittens
2477 1791 2791 1854 incorrupta
2855 1789 3039 1837 manet
3093 1788 3149 1832 et
3185 1776 3412 1831 mistura

1762 1865 1812 1928 Β
1836 1865 2045 1953 libera;
2073 1893 2130 1941 et
2148 1883 2320 1954 ipsius
2340 1882 2630 1951 puritatem
2670 1886 2917 1937 servans,
2943 1878 3000 1925 et
3031 1883 3093 1922 ea
3134 1867 3185 1922 in
3218 1865 3414 1934 quibus

1834 1988 1917 2034 est
1942 1979 2010 2033 ad
2027 1991 2180 2033 suam
2206 1975 2373 2030 vitam
2390 1978 2735 2033 convertens,
2757 1965 2827 2021 ab
2862 1963 2969 2018 illis
2994 1976 3102 2017 non
3127 1970 3409 2015 conversa.

1837 2069 2300 2139 Quemadmodum
2327 2063 2473 2121 enim
2523 2060 2605 2118 sol
2637 2071 2904 2129 apparens
2936 2068 3118 2113 aerem
3157 2052 3212 2105 in
3238 2048 3414 2104 lucem

1839 2165 2184 2222 transmutat,
2210 2164 2267 2210 et
2302 2153 2539 2208 lucidum
2577 2149 2731 2213 facit,
2757 2157 2812 2202 et
2850 2146 2961 2201 acri
2993 2143 3090 2198 lux
3127 2140 3417 2200 adunatur,

1839 2251 1960 2309 sine
1991 2248 2219 2303 mistura
2251 2259 2374 2301 cum
2415 2243 2536 2314 ipso
2557 2238 2721 2295 simul
2750 2246 2806 2293 et
2834 2249 2955 2290 cum
2989 2231 3225 2296 fusione,
3254 2226 3418 2283 simili

1840 2343 2001 2399 modo
2027 2349 2085 2396 et
2104 2338 2282 2394 anima
2308 2334 2524 2405 corpori
2547 2335 2805 2395 adunata,
2824 2328 2944 2383 sine
2960 2323 3213 2380 mistione
3241 2332 3421 2405 roma:

1842 2395 1990 2501 ἦειῖ
2013 2395 2069 2486 in
2093 2431 2197 2487 hoc
2221 2395 2427 2483 tantum
2459 2423 2737 2486 dilierunt,
2771 2418 2914 2490 quod
2945 2415 3026 2473 sol
3075 2411 3291 2485 quidem
3327 2395 3421 2479 qui

1845 2499 2043 2597 corpus
2055 2534 2140 2580 est
2154 2521 2344 2578 etloco
2364 2513 2811 2584 circumscriptus
2828 2524 2934 2566 non
2955 2505 3156 2576 ubique
3169 2512 3253 2559 est
3265 2499 3354 2555 ubi
3370 2506 3426 2554 et

1845 2591 2180 2687 ejuslux,uti
2207 2625 2305 2667 nec
2320 2609 2482 2666 etiam
2501 2605 2679 2677 ignis;
2705 2609 2886 2656 manet
2911 2597 3055 2654 enim
3075 2595 3130 2650 in
3148 2591 3314 2663 lignis
3332 2598 3426 2644 aut

1848 2712 1905 2767 in
1925 2705 2193 2779 ellycbnio
2214 2704 2426 2759 haerens
2447 2699 2588 2755 sicut
2610 2694 2804 2750 inloco
2826 2709 2840 2746 :
2860 2690 3042 2745 anima
3062 2699 3212 2752 vero,
3240 2690 3428 2753 utpote

1851 2773 2192 2871 incorporea,
2211 2809 2314 2852 nec
2337 2793 2391 2849 in
2416 2793 2534 2847 loco
2556 2782 2991 2852 circumscripta,
3012 2787 3125 2836 tota
3143 2789 3365 2848 prorsus
3387 2773 3430 2828 it

1834 2910 1977 2953 'cum
2007 2867 2137 2948 iuco
2166 2902 2265 2946 sua
2302 2894 2359 2943 et
2397 2885 2540 2940 bona
2571 2877 2817 2951 corporis
2863 2867 3302 2932 circumscribit;
3326 2877 3431 2920 nec

1834 3002 1985 3060 ‘pars
2013 2992 2099 3042 est
2117 2981 2187 3038 ab
2206 2994 2272 3036 ea
2294 2976 2620 3038 iliuminata,
2646 2972 2702 3027 in
2728 2966 2835 3040 qua
2869 2972 2981 3022 tota
3005 2976 3115 3018 non
3142 2959 3303 3024 adsit,
3322 2969 3429 3011 non

1857 3051 2002 3139 enim
2031 3072 2277 3145 corporis
2319 3065 2744 3126 dominationem
2776 3058 3008 3131 patitur,
3044 3052 3145 3111 sed
3165 3051 3282 3122 ipsa
3307 3059 3433 3103 cor-

1857 3187 1960 3244 pus
1990 3138 2325 3228 dominatur,
2348 3158 2613 3230 siquidem
2651 3155 2705 3208 in
2740 3162 2969 3221 corpore
3003 3146 3179 3208 adest,
3204 3156 3310 3198 non
3326 3138 3436 3195 sic-

1858 3232 1921 3324 ut
1970 3263 2025 3320 in
2064 3273 2192 3316 vase
2224 3265 2316 3312 aut
2342 3254 2397 3309 in
2441 3259 2582 3317 utre,
2618 3245 2713 3304 sed
2749 3242 2930 3314 potius
2965 3250 3166 3308 corpus
3194 3234 3245 3288 in
3294 3232 3430 3300 ipsa.

1859 3321 2011 3415 iicet
2045 3352 2190 3411 enim
2248 3346 2518 3416 Propheta
2571 3347 2631 3395 ut
2669 3338 2866 3393 educat
2912 3332 3060 3386 illam
3093 3328 3159 3382 de
3188 3321 3438 3381 cuStodia

1862 3452 2027 3514 Deus,
2048 3453 2318 3517 precetur,
2348 3451 2457 3493 non
2482 3443 2662 3490 tamen
2683 3429 2739 3485 id
2770 3425 2902 3482 dicit
2919 3420 3072 3494 quasi
3116 3430 3312 3487 corpus
3338 3426 3439 3484 pro

1862 3503 2351 3607 custodia,liabens,
2379 3527 2474 3587 sed
2490 3533 2549 3581 ut
2564 3524 2620 3579 in
2639 3517 2835 3577 exsilio
2856 3515 2976 3571 etin
2990 3508 3236 3568 custodia
3261 3503 3441 3560 invita

1865 3598 2158 3692 exsislens.
2199 3625 2447 3694 Namque
2496 3609 2884 3674 intellectualis
2925 3620 3034 3660 non
3073 3598 3444 3694 impediuntur

1865 3684 2234 3800 ῥξῖἐὸίνῇοη,
2259 3684 2428 3772 sed-et
2447 3724 2542 3780 per
2564 3714 2737 3762 totum
2762 3712 2957 3768 corpus
2982 3692 3153 3750 divisa
3176 3699 3229 3745 et
3251 3684 3444 3800 digusa

1866 3777 1921 3876 et
1934 3777 2192 3880 errantia,
2205 3777 2702 3880 corporaliterJoco
2714 3789 2963 3852 concludi
2982 3790 3278 3857 nequeunt.
3297 3777 3446 3833 Talis

1870 3870 2126 3970 estvenim
2155 3870 2604 3960 intellectualium
2641 3897 2833 3947 natura
2866 3885 3188 3952 incorporea
3228 3881 3284 3931 et
3313 3870 3450 3928 indi-

1874 4003 2015 4065 visa,
2069 4004 2131 4053 ut
2180 3993 2282 4050 sibi
2334 3989 2571 4045 invicem
2617 3989 2673 4039 et
2728 3973 3050 4047 corporibus
3091 3968 3446 4024 misceantur.

1875 4054 2086 4150 Exinde
2112 4086 2255 4143 enim
2282 4081 2475 4152 opinor
2494 4084 2551 4131 et
2570 4071 2805 4128 animam
2830 4082 2861 4122 a
2886 4054 3218 4121 daemonibus
3239 4054 3448 4116 vexari,

1878 4202 1908 4242 a
1942 4178 2241 4241 ratiociniis
2276 4172 2432 4230 malis
2473 4162 2937 4237 blasphemiisque
2964 4165 3020 4213 et
3048 4156 3116 4210 ab
3164 4152 3282 4207 istis
3330 4158 3452 4218 quin

1879 4279 2031 4337 nefas
2066 4282 2149 4330 est
2180 4270 2363 4326 dicere
2409 4271 2505 4319 aut
2535 4260 2797 4330 cogitare,
2818 4248 3118 4324 praesertim
3148 4260 3271 4301 cum
3330 4243 3452 4311 quis

1876 4367 2223 4428 Christianus
2242 4366 2359 4414 "est.

190 4412 291 4445 και
320 4412 537 4460 σωματι
568 4412 879 4461 μιγνυσυαι.
937 4412 1012 4442 mc
1036 4412 1231 4442 τουτου
1248 4412 1358 4458 γαρ
1373 4412 1531 4455 υιμαι
1554 4412 1645 4437 και
1673 4412 1773 4450 tu,
1879 4412 2222 4428 unum“---
2264 4412 2329 4414 --ν
2666 4412 2671 4416 _

190 4480 376 4552 ψυχὴν
406 4481 513 4536 ὑπὸ
532 4481 645 4536 τῶν
675 4481 947 4550 δαιμόνων
979 4479 1337 4552 πλήττεσθαι,
1369 4477 1475 4533 ὑπὸ
1493 4473 1772 4545 λογισμῶν
1809 4463 2066 4539 πονηρῶν
2097 4459 2194 4514 καὶ
2254 4444 2635 4525 βλασφημιῶν,
2669 4441 2765 4497 καὶ
2823 4430 2898 4493 ὧν
2923 4433 3045 4490 οὗδὲ
3071 4429 3231 4501 θέμις
3254 4424 3450 4485 εἰπεῖν,

190 4575 232 4646 ἢ
260 4576 542 4644 ὲκνοῆσαι,
571 4572 666 4627 καὶ
711 4572 947 4644 μάλιστα
1000 4571 1329 4643 Χριστιανὸν
1362 4570 1517 4623 ὄντα.

268 4663 381 4736 Τὴν
415 4663 598 4736 μέντοι
636 4663 938 4719 ἀθανασίαν
968 4663 1139 4735 αὐτῆς
1166 4662 1263 4716 καὶ
1291 4661 1519 4717 Πλάτων
1571 4663 1635 4715 ὲκ
1678 4656 1774 4712 τοῦ
1810 4653 1855 4712 D

192 4757 517 4836 ἀεικινήτου
569 4755 740 4827 αὐτῆς
785 4755 1165 4824 συλλογίζεται
1193 4752 1365 4817 οὕτως
1391 4768 1404 4782 ·
1448 4770 1467 4804 ι
1512 4751 1577 4804 Ἦ
1605 4748 1775 4820 ψυχὴν

197 4848 371 4916 φησὶν
400 4884 416 4910 ,
472 4846 784 4917 ἁεικίνητός
813 4848 931 4902 ὲστι
960 4860 976 4875 θ
1019 4845 1080 4899 τὸ
1113 4844 1425 4913 ἀεικίνητον
1468 4840 1736 4915 ἀθάνατον
1760 4855 1777 4874 ο

1952 4644 2122 4701 Porro
2178 4630 2638 4693 immortalitatem
2685 4621 2838 4677 Plato
2886 4632 2954 4672 ex
2988 4613 3103 4684 ejus
3156 4608 3456 4665 mobilitate

1877 4735 2135 4793 continua
2154 4724 2371 4784 deducit
2393 4720 2507 4775 sic:
2537 4735 2557 4769 ι
2586 4714 2804 4775 Anima,
2831 4706 3033 4778 inquit,
3063 4701 3317 4759 continue
3341 4712 3456 4752 ino-

1877 4828 2002 4886 bilis
2033 4788 2193 4889 Vest;
2244 4815 2387 4887 quod
2432 4808 2690 4867 continue
2733 4800 2949 4863 mobile,
2988 4806 3074 4851 est
3107 4788 3455 4852 immortale;

200 4881 370 4915 ..μνη
400 4884 416 4910 ,
472 4881 672 4901 eam...
703 4881 753 4899 νυ
813 4881 931 4902 ευ..
1030 4881 1079 4899 ..υ
1113 4881 1311 4899 sum...
1342 4881 1423 4896 η.
1468 4881 1733 4895 ..ηηηη

200 4942 241 5011 ἡ
268 4881 419 5010 duxi;
450 4939 559 5009 ἀρα
596 4881 888 5002 ἀθάνάτος.
936 4936 1048 4990 Καὶ
1092 4934 1279 5006 ἐπειδὴ
1314 4881 1582 4995 ἀθάνατός
1632 4934 1749 4985 ἐστι

1893 4933 2010 4989 πεο
2026 4915 2207 4972 anima
2246 4902 2590 4965 immortalis.
2614 4897 2682 4953 Et
2706 4895 2755 4951 si
2784 4886 3115 4947 immortalis
3140 4892 3227 4940 est
3249 4881 3457 4944 anima,

2145 5004 2177 5011 -·
2262 5004 2276 5011 -
2514 5004 2727 5011 Α-κ--ηρ-
2762 4995 2808 5011 ιι-
2849 4984 3114 5011 inn-mnuum
3145 4976 3418 5011 ..ριςηηιηη
3439 4989 3453 5001 .

203 4976 667 5105 ἑλιξὴῖείσὶν
722 4976 951 5101 άμοῖϐαὶ
995 5028 1105 5081 τῶν
1156 4976 1375 5097 φαύλων
1423 5025 1519 5080 καὶ
1555 4976 1752 5093 ἀγαθῶ

1893 4976 2009 5069 sunt
2029 5004 2415 5065 retributiones
2439 5004 2730 5067 pravarum
2759 4995 2814 5041 et
2849 4984 3115 5039 bonarum
3144 4976 3455 5035 actionum;

1916 5104 1924 5105 ί
2222 5095 2255 5105 ·-
2320 5091 2352 5105 -ο
2468 5101 2488 5105 -
2553 5092 2627 5105 --ι
2661 5077 2958 5105 ε...η....ι..ηα
2986 5080 3037 5105 αι
3097 5068 3378 5105 imlinnncv
3411 5064 3455 5105 εἰ

200 5124 463 5198 πράξεων
490 5139 503 5153 '
533 5126 584 5177 εί
627 5122 686 5177 δὲ
731 5122 870 5176 εἰσὶν
898 5118 1149 5191 ἀμοιϐαὶ,
1184 5117 1302 5172 ἐστι
1336 5118 1397 5172 τὸ
1423 5117 1780 5187 δικαζόμενον

200 5217 305 5273 ειιαλ⁵
333 5216 572 5280 δικάζον·
604 5216 654 5268 εί
680 5213 738 5268 δὲ
784 5213 900 5267 ἔστι
922 5211 983 5281 τὸ
1006 5208 1369 5281 δικαζόμενον
1407 5212 1501 5265 καὶ
1534 5208 1777 5273 δικάζον,

203 5307 326 5360 ἐστι
373 5306 676 5379 προνοητὸν
702 5304 800 5359 καὶ
836 5303 1061 5376 πρόνοια
1081 5318 1094 5334 ·
1119 5301 1167 5353 εί
1197 5300 1256 5354 δὲ
1285 5300 1480 5367 ταῦτα,
1512 5301 1783 5363 ἀθάνατος

202 5400 320 5470 ἄρα
347 5402 381 5471 ἢ
412 5400 584 5471 ψυχήο
622 5417 642 5451 ι

293 5494 355 5548 ’0
383 5493 443 5548 δὲ
468 5493 642 5565 μέγας
662 5491 942 5554 Βασίλειος
967 5490 1134 5560 φησίν
1151 5502 1164 5519 ⁶
1195 5507 1213 5541 ι
1238 5483 1661 5559 ’Δόρατονέῐναι
1687 5486 1778 5541 τὸν

206 5585 348 5640 Θεὸν
377 5585 625 5646 πίστευε,
653 5582 776 5637 ἐπεὶ
799 5582 898 5636 καὶ
983 5580 1133 5653 ψυχὴ
1167 5579 1397 5653 ἀόρατός
1430 5581 1582 5634 ἐστιν
1615 5596 1631 5611 ·
1657 5578 1784 5633 οὔτε

207 5680 323 5749 7&9
344 5677 680 5748 κέχρωσται,
714 5672 838 5728 οὔτε
855 5674 1280 5745 ἐσχημάτισται,
1311 5670 1436 5726 οὔτε
1467 5672 1579 5726 τινὶ
1608 5686 1785 5744 χαρα-

211 5770 381 5841 κτῆρι
432 5765 733 5837 σωματικῷ
785 5764 1167 5837 περιείληπται
1197 5780 1211 5797 ο
1244 5763 1361 5819 ἀλλ’
1401 5766 1465 5819 ἐκ
1494 5762 1603 5819 τῶν
1632 5764 1785 5835 ἐνερ-

290 5879 333 5913 ⁸¹
358 5878 549 5952 όξορία
578 5876 711 5935 Cod.
748 5876 813 5931 Α.

1883 5104 1930 5161 si
1955 5107 2084 5159 sunt
2106 5064 2512 5155 retributiones,
2549 5092 2632 5139 est
2658 5077 2960 5151 iudicatum
2985 5080 3041 5126 et
3093 5068 3379 5140 judicans;
3411 5064 3464 5120 si

2005 5190 2303 5263 iudicatum
2326 5191 2383 5238 et
2422 5178 2694 5249 judicans.
2727 5178 2811 5225 est
2840 5164 3115 5237 provisum
3171 5169 3225 5216 et
3277 5156 3427 5231 provi

1889 5254 2057 5348 deus;
2095 5293 2216 5352 qua:
2244 5276 2290 5332 si
2325 5279 2472 5338 sunt,
2503 5261 2822 5323 immortalis
2841 5271 2973 5329 ergo
2996 5254 3198 5311 anima.
3234 5270 3253 5303 ι

1963 5480 2188 5551 Magnus
2243 5485 2374 5528 vero
2428 5465 2659 5524 Basilius
2713 5462 2890 5530 inquit
2952 5476 2967 5514 :
3036 5473 3055 5507 ι
3133 5449 3465 5509 Iuvisibilem

1892 5542 2263 5632 credevDeum,
2291 5577 2413 5619 cum
2448 5570 2503 5615 et
2525 5556 2703 5612 anima
2731 5549 3016 5608 invisibilis
3042 5547 3142 5602 sit:
3176 5559 3274 5599 nec
3320 5542 3467 5597 enini

1894 5663 2074 5721 colore
2103 5674 2205 5715 nec
2243 5651 2578 5728 paramentis
2598 5655 2847 5710 ornatur,
2882 5656 2980 5697 nec
3021 5637 3210 5708 quovis
3267 5635 3464 5689 chara-

1890 5767 2041 5815 ctere
2061 5724 2324 5826 corporeo
2347 5743 2660 5808 includitur,
2690 5736 2784 5795 sed
2808 5749 2875 5793 ex
2899 5729 3117 5802 energia
3147 5736 3352 5785 tantum
3384 5724 3465 5785 di-
