3792 6454
375 403 514 463 1299
1678 404 1872 462 MELE‘

2178 404 2314 462 tCHl
3542 397 3675 455 πω

367 521 648 592 gnoscitur
681 535 840 591 quam
873 521 1138 591 duplicem
1163 521 1324 575 habet
1354 520 1505 590 juxta
1538 519 1864 575 similitudini

2176 521 2220 573 iv
2250 519 2578 589 γνωρίζεται
2620 517 2781 588 μόνον
2808 535 2822 550 ο
2869 518 2984 588 ἔχει
3032 517 3089 571 δὲ
3119 515 3337 576 διπλᾶς
3375 517 3673 583 ὲνεργειας

369 613 463 668 Dei
505 612 658 681 cujus
693 613 872 683 imago
901 622 1015 668 est:
1040 612 1309 682 duplicem
1333 612 1475 666 enim
1505 613 1645 669 Deus
1667 612 1866 682 energi:

2176 618 2192 665 ι
2228 611 2460 680 μίμησιν
2494 609 2761 681 Θεοῦ,ὡς
2787 608 2952 662 εἰκὼν
2983 602 3123 661 οὖσα
3157 605 3368 660 αὑτοῦ,
3413 604 3539 656 Καὶ
3573 607 3673 675 γὰρ

367 703 870 773 habetintelligendi
890 714 1085 759 cuncta
1109 717 1229 773 quae
1253 711 1402 769 sunt,
1425 712 1481 756 et
1511 702 1708 771 quibus
1731 717 1829 757 nos
1860 702 1864 756 i

2177 701 2240 762 ,ὸς
2263 700 2457 763 διπλᾶς
2491 700 2605 770 ἔχει
2651 699 2750 762 τὰς
2781 698 3082 769 ἐνεργείας.
3118 698 3238 759 Τὰς
3281 695 3398 766 μὲν
3435 710 3674 761 γνωστι-

304 795 310 804 ’
366 795 610 864 digenms
629 793 964 864 providendi.
990 793 1080 848 Sic
1107 808 1237 864 ergo
1261 795 1530 850 etanimae.
1549 801 1677 849 sunt
1701 793 1801 861 dup

2185 796 2409 848 πάντων
2423 793 2535 846 τῶν
2562 793 2754 856 ὄντων,
2776 791 2877 853 τὰς
2898 790 2957 843 δὲ
2982 787 3386 860 «patientiori;
3425 785 3549 838 τῶν
3579 803 3675 838 uo

364 887 618 955 energim,
644 887 762 942 aliae
787 885 1204 951 intellectuales,
1224 885 1431 941 scilicet
1461 901 1630 948 tuens,
1651 885 1852 953 opinio.

2179 887 2419 956 εστέρων
2447 886 2636 956 ήμῶνυ
2671 883 2844 947 οὕτως
2865 882 2959 936 οὖν
2987 883 3081 936 καὶ
3105 881 3212 951 τῆς
3242 880 3457 950 ψυχῆς
3486 877 3675 945 ,διτταὲ

369 978 685 1048 telligentia,
703 980 1040 1049 imaginatio;
1057 979 1178 1035 alia:
1193 977 1388 1034 vitales
1401 988 1454 1032 et
1471 976 1866 1045 concupiscibil:

2172 998 2188 1034 ιι
2223 981 2529 1051 ἐνέργειαι·
2559 981 2620 1033 αῖ
2657 978 2760 1050 μὲν
2787 978 3109 1046 γνωστικαὶ,
3144 971 3270 1029 οἷον
3305 973 3482 1036 νοῦς,
3521 972 3669 1037 δόξα,

366 1071 574 1126 scilicet
604 1072 875 1136 voluntas,
898 1073 1114 1140 cupido,
1139 1070 1490 1126 desiderium.
1513 1069 1619 1142 Sed
1645 1069 1863 1123 secundi

2170 1087 2279 1134 οια,
2309 1071 2585 1138 φαντασία
2609 1085 2626 1101 ·
2679 1071 2734 1122 αἱ
2769 1069 2828 1122 δὲ
2870 1068 3102 1132 ζωτικαὶ
3143 1065 3244 1120 καὶ
3297 1064 3624 1134 ὀρεκτικαξ
3656 1081 3667 1091 ·

365 1163 585 1219 vitalem
609 1164 715 1218 vim
747 1165 960 1235 corpori
985 1163 1369 1218 commiscetur
1398 1162 1577 1216 anima
1596 1161 1822 1231 physice
1851 1176 1862 1230 ι

2170 1203 2184 1226 ,
2212 1161 2490 1233 βούλησις,
2533 1160 2706 1232 θυμὸς
2750 1162 2845 1214 καὶ
2876 1159 3167 1230 ἐπιθυμία.
3205 1157 3392 1212 ’Δλλὰ
3430 1155 3543 1225 τήν
3577 1156 3667 1222 μὲν

367 1255 844 1324 compositionem,
878 1264 933 1308 et
965 1269 1068 1309 non
1107 1270 1172 1308 ex
1196 1253 1475 1323 proposito
1506 1253 1712 1322 dirigit.
1747 1251 1860 1318 Que

2170 1255 2293 1322 ικὴν
2322 1253 2555 1322 δύναμιν
2581 1249 3054 1320 ὲπισυγκέκραται
3076 1248 3159 1319 τῷ
3179 1247 3424 1316 σώματι
3462 1244 3502 1313 ἠ
3525 1243 3667 1312 φιδιὴ

369 1345 659 1400 admodum
721 1347 866 1400 enim
905 1345 1074 1401 solem
1128 1344 1464 1414 impossibile
1509 1353 1598 1399 est
1645 1342 1866 1414 fulgenti

2168 1345 2302 1408 ικῶς
2325 1345 2415 1398 διὰ
2430 1343 2527 1413 τὴν
2554 1341 2887 1413 σύγκρασιν,
2917 1343 3011 1394 καὶ
3037 1341 3144 1393 οὐκ
3164 1341 3233 1392 ἐκ
3260 1336 3665 1408 προαιρέσεως

371 1450 477 1490 non
507 1433 561 1490 id
585 1434 892 1490 illuminare
935 1449 1096 1503 super
1127 1435 1272 1504 quod
1317 1434 1554 1504 fulgores
1594 1435 1841 1500 irradiat,

2170 1439 2300 1507 πγεῖ.
2337 1438 2552 1506 Ὠσπερ
2577 1435 2687 1505 γὰρ
2716 1434 2869 1503 ἥλιον
2892 1434 2992 1503 οὐχ
3011 1427 3124 1486 οἷόν
3148 1448 3211 1484 τε
3244 1428 3667 1497 exacuens-.3

371 1527 606 1580 animam
640 1527 971 1596 impossibile
986 1535 1066 1582 est
1103 1542 1209 1580 non
1224 1527 1466 1581 animare
1488 1537 1542 1581 et
1563 1526 1744 1580 vivum
1771 1526 1868 1580 fac:

2170 1530 2401 1600 φωτίσαι
2439 1528 2601 1582 τοῦτο
2632 1527 2755 1584 καθ’
2787 1521 2849 1580 οῦ
2880 1527 2980 1589 τὰς
3021 1525 3200 1592 αὐγὰς
3223 1525 3516 1594 ἡνεγκεν,
3545 1518 3667 1571 οὔτε

372 1634 569 1689 corpus
591 1620 680 1673 cui
709 1620 868 1674 inest.
901 1618 1331 1688 Coutemplativa
1355 1627 1532 1674 autem
1569 1619 1652 1672 vis
1681 1620 1732 1672 iu
1757 1632 1869 1687 prol

2171 1624 2234 1691 ὴν
2291 1621 2576 1692 ἀμήχανον
2633 1618 2708 1690 μὴ
2758 1618 3052 1686 ζωογονεῖν
3091 1617 3188 1669 καὶ
3235 1613 3558 1678 ζωοποιεῖν
3615 1611 3668 1663 τὸ

372 1712 480 1766 sito
530 1721 738 1769 motum
783 1711 970 1766 habet.
1016 1711 1227 1765 Etenim
1260 1711 1504 1780 corporis
1536 1709 1752 1779 quidem
1804 1711 1869 1764 νίε

2170 1731 2236 1777 ια,
2265 1705 2310 1779 ᾧ
2367 1711 2434 1765 ἂν
2479 1710 2792 1780 ἐγγένηται.
2827 1710 2894 1762 Ἡ
2945 1709 3005 1762 δὲ
3043 1705 3376 1777 θεωρητικὴ
3425 1703 3667 1770 δύναμις

371 1799 584 1865 oculus,
620 1800 816 1855 anima:
862 1815 989 1855 vero
1037 1801 1184 1856 visus
1242 1800 1342 1869 ipsi
1388 1801 1570 1854 innata
1618 1814 1809 1866 mens;
1853 1815 1868 1854 ε

2170 1801 2470 1874 προαιρέσει
2532 1800 2646 1873 εχει
2682 1799 2782 1870 τὴν
2844 1798 3084 1868 κίνησιν.
3119 1796 3330 1866 Βλέψις
3391 1793 3513 1864 μὲν
3555 1794 3667 1862 γὰρ

374 1907 479 1945 non
511 1892 649 1946 sicut
682 1891 826 1946 aliud
868 1893 921 1946 in
968 1891 1095 1956 alio,
1135 1891 1228 1946 sed
1277 1906 1441 1946 unum
1495 1890 1747 1960 idemque
1769 1890 1871 1944 anii

2174 1860 2425 1965 σώματος
2443 1860 2750 1965 ὀφθέλλμὸςξ
2759 1860 3021 1962 ὅρασιεδὲ
3037 1889 3137 1960 τῆς
3148 1860 3341 1959 φυγῆς
3354 1860 3669 1955 ὁσυμφλυῆς

372 1993 458 2038 est
499 1991 554 2038 et
588 1998 742 2040 mens
790 2002 804 2038 :
864 1985 946 2039 vis
1005 1986 1249 2054 quaedam
1307 1984 1550 2055 physica,
1597 2000 1694 2038 nec
1751 1984 1869 2038 ratu

2168 1987 2198 2055 ᾗ
2228 1984 2354 2049 νοῦς
2375 2002 2388 2016 ο
2424 1984 2540 2038 ἀλλ’
2568 1984 2667 2053 οὑχ
2699 1983 2776 2046 ὡς
2803 1983 3072 2053 ἓτερονγὲν
3101 1980 3304 2050 ἑτέρῳ,
3341 1977 3507 2030 ἁ).λά
3535 1978 3665 2029 ταὺ-

372 2077 568 2133 ιιηὶωω
594 2086 872 2142 extranea.
910 2096 927 2128 ι

2174 2077 2321 2148 ψυχή
2350 2094 2408 2130 τε
2435 2077 2531 2130 καὶ
2566 2074 2692 2138 νοῦς
2711 2092 2735 2128 ἰ
2756 2074 2988 2144 δύναμις
3025 2073 3298 2142 ὑπάρχων
3330 2071 3560 2140 φυσική
3592 2086 3666 2130 τις

2057 2169 2155 2238 καὶ
2179 2169 2281 2221 οὐκ
2309 2168 2640 2230 ἐπείσακτος
2668 2165 2746 2237 τῷ
2775 2164 3074 2235 λογιστικῷ
3099 2165 3202 2233 τῆς
3233 2161 3462 2232 ψυχῆς.
3503 2179 3525 2212 ι

444 2255 806 2313 Aristoteles:
850 2274 869 2308 ι
923 2256 1092 2324 Meus,
1139 2264 1407 2324 quatenus
1453 2262 1532 2310 est
1565 2253 1819 2319 facultas,
1845 2269 1941 2308 una

2167 2262 2202 2313 Ο
2249 2259 2307 2312 δὲ
2377 2259 2779 2330 Ἀριστοτέλης,
2843 2275 2862 2309 ι
2909 2257 3014 2310 Τὸν
3073 2257 3174 2326 μὲν
3230 2255 3488 2324 δυνάμει
3545 2253 3664 2304 νοῦ-ι

376 2362 498 2404 cum
528 2347 747 2404 homine
781 2347 1025 2402 nascitur
1050 2347 1256 2413 ;activa
1285 2355 1468 2400 autem
1499 2345 1570 2399 ab
1599 2354 1750 2400 extra
1776 2347 1828 2398 in
1857 2363 1869 2398 ι

2169 2352 2613 2406 κατεσκευάσθαι
2670 2351 2748 2422 τῷ
2779 2349 3053 2422 ἀνθρώπῳ
3074 2365 3088 2379 '
3116 2349 3213 2402 τὸν
3259 2347 3326 2401 δὲ
3384 2345 3600 2415 ἑνεργῆ
3623 2345 3663 2372 ⁸³

375 2439 477 2494 sub
504 2439 668 2504 intra,
700 2449 756 2497 et
777 2448 981 2493 natura:
1013 2438 1295 2494 scientiam
1329 2447 1383 2492 et
1413 2436 1774 2508 cognitionem
1827 2453 1872 2505 pi

2167 2446 2295 2501 αθεν
2319 2448 2454 2516 ἡμῖν
2488 2445 2818 2505 ὑπεισιέναι.
2847 2444 2962 2498 ἀλλ’
2989 2445 3070 2506 εἱς
3092 2440 3391 2512 προκοπὴν
3415 2439 3529 2510 τῆς
3557 2437 3664 2489 τῶν

376 2531 544 2588 vehit.
582 2529 726 2602 Ergo
786 2546 942 2586 mens
993 2539 1180 2586 nostra
1219 2530 1517 2599 perfectum
1571 2529 1700 2598 quid
1759 2538 1844 2583 est

2163 2539 2311 2594 πικῶν
2333 2535 2591 2608 γνώσεως
2619 2539 2716 2592 καὶ⁵
2753 2536 2988 2608 Θεωρίας
3027 2533 3504 2605 συμϐαλλόμενον
3530 2547 3546 2561 ·
3573 2531 3660 2582 τέ-

377 2620 706 2692 principale;
738 2620 831 2675 sed
884 2621 1074 2676 animae
1103 2631 1160 2674 et
1187 2621 1429 2690 corporis
1482 2634 1578 2690 per
1628 2619 1869 2675 scientia:

2164 2649 2206 2684 iv
2246 2627 2342 2684 οὖν
2371 2631 2400 2683 6
2428 2629 2701 2700 ἡμέτερος
2743 2625 2870 2687 νοῦς
2895 2625 2990 2679 καὶ
3039 2621 3384 2695 ἡγεμονικόν
3407 2620 3461 2652 ⁸³
3486 2634 3504 2648 ο
3527 2619 3661 2672 ἀλλὰ

374 2712 832 2771 considerationis
867 2726 1233 2782 progressum.
1272 2731 1292 2763 ι

2166 2724 2237 2793 ἧς
2267 2722 2363 2775 καὶ
2393 2721 2645 2791 σώματος
2675 2717 2766 2772 διὰ
2793 2720 2894 2786 τὴν
2925 2714 3214 2786 προκοπὴν
3253 2712 3365 2782 τῆς
3396 2708 3663 2780 γνώσεως

2061 2817 2158 2885 καὶ
2189 2813 2448 2882 θεωρίας.
2492 2831 2515 2875 »-

433 2891 610 2952 ‘Plato
642 2901 824 2958 autem
873 2892 1054 2947 dicere
1101 2906 1206 2946 non
1249 2891 1483 2955 videtur,
1508 2889 1784 2944 hominem
1831 2904 1930 2954 θεεε

2162 2904 2362 2958 ιλάτων
2393 2903 2449 2956 δὲ
2476 2903 2537 2955 οὐ
2560 2902 2713 2954 δ’)κεῖ
2735 2899 2942 2968 λέγειν,
2972 2897 3064 2951 τὸν
3088 2896 3396 2966 ἄνθρωπον
3427 2889 3582 2946 εἶναι
3601 2890 3659 2943 τὸ

377 2991 672 3053 utrumque
724 2982 962 3037 animam
990 2990 1047 3038 et
1077 2996 1296 3051 corpus,
1321 2982 1418 3036 sed
1445 2982 1682 3035 animam
1711 2980 1800 3034 tali
1832 2995 1874 3035 Ct

2160 2993 2476 3064 ιαμφότερον
2499 2989 2679 3062 ψυχὴν
2728 2990 2824 3042 καὶ
2853 2989 3036 3058 σῶμα,
3069 2986 3206 3040 ἀλλὰ
3226 2984 3420 3056 ψυχὴν
3444 2983 3657 3052 σώματι

376 3087 511 3144 pore
554 3081 820 3137 utentem,
855 3073 1268 3128 convenientius
1317 3072 1700 3143 philosophans
1757 3073 1872 3128 del

2162 3081 2251 3154 ᾖδε
2275 3082 2590 3152 χρωμένην,
2619 3080 3114 3152 ἀξιοπρεπέστερον
3138 3076 3576 3146 φανταζόμενος
3597 3075 3659 3126 τὰ

381 3165 550 3231 mine,
575 3176 630 3224 et
657 3179 756 3220 nos
786 3179 1045 3218 revocans
1086 3164 1152 3218 ad
1193 3163 1362 3219 solam
1397 3165 1589 3218 animm
1617 3163 1878 3218 divinitati

2158 3177 2208 3230 τὰ
2236 3175 2327 3228 τὸν
2384 3172 2709 3243 ἄνθρωπον·
2763 3172 2859 3226 καὶ
2908 3170 3072 3233 αὐτὸς
3109 3171 3262 3239 ἡμᾶς
3297 3165 3655 3236 ἐπιστρέφων

382 3265 439 3312 et
472 3270 682 3319 curam,
719 3265 776 3310 ut
814 3256 906 3326 qui
938 3255 1094 3310 nobis
1134 3254 1269 3324 ipsis
1308 3257 1548 3310 animam
1602 3269 1726 3318 esse
1775 3269 1879 3310 cret

2155 3264 2281 3336 ,‘rhv
2330 3263 2429 3332 τῆς
2466 3262 2647 3334 ψυχῆς
2681 3261 2852 3333 μόνην
2884 3259 3141 3330 θειότητα
3169 3258 3268 3311 καὶ
3293 3256 3652 3327 ἐπιμέλειαν.

383 3362 527 3415 mus,
561 3348 758 3403 anima:
807 3348 948 3405 bona
1002 3348 1374 3417 insequamur,
1407 3349 1638 3404 virtutes
1683 3357 1737 3401 et
1793 3347 1878 3417 pie

2199 3353 2296 3423 τὴν
2329 3351 2511 3422 ψυχὴν
2564 3352 2783 3414 ἑαυτοῖς
2826 3345 2966 3402 εἶναι
3022 3347 3407 3410 πιστεύοντες,
3441 3345 3522 3398 τὰ
3563 3344 3653 3412 τῆς

387 3450 522 3505 tem,
553 3453 652 3494 nec
684 3441 936 3510 corporis~
989 3440 1465 3509 concupiscentias
1507 3440 1798 3508 diligamus
1845 3457 1879 3510 q

2156 3442 2248 3513 [ἧς
2293 3438 2478 3509 ἀγαθὰ
2518 3439 2971 3512 μεταδιώκωμεν,
3009 3439 3111 3502 τὰς
3139 3439 3350 3510 ἀρετὰς
3407 3436 3516 3490 καὶ
3566 3436 3653 3507 τὴ,

386 3546 497 3590 non
548 3533 786 3589 hominis
837 3542 968 3587 sunt.
1009 3533 1104 3591 sed
1150 3532 1400 3590 animalis
1446 3533 1882 3610 principalitevq

2152 3536 2386 3589 ςέὸειανο
2423 3533 2517 3589 καὶ
2549 3533 2626 3606 μὴ
2648 3533 2748 3598 τὰς
2777 3532 2870 3588 τοῦ
2897 3531 3156 3602 σώματος
3176 3529 3499 3600 ἐπιθυμίας
3528 3531 3649 3596 ἁγα-

387 3626 534 3693 tlem,
563 3627 886 3684 secundario
925 3639 1052 3681 vero
1075 3625 1340 3698 hominis.

2156 3643 2362 3696 σωμεν,
2396 3625 2472 3688 ὡς
2501 3626 2605 3679 οὐκ
2632 3624 2803 3695 οὔσας,
2842 3621 3167 3694 ἀνθρώπου,
3196 3619 3344 3674 ἀλλὰ
3376 3620 3531 3683 {da-ou
3565 3619 3653 3691 μὲν

2070 3720 2521 3791 προηγουμένως,
2556 3718 2846 3790 ἀνθρώπου
2882 3718 2936 3772 δὲ
2969 3717 3276 3787 ἑπομένως.

463 3800 821 3859 Hunclocum
851 3803 1084 3872 quodam
1139 3804 1226 3859 die
1283 3803 1657 3874 philosophice
1684 3805 1778 3863 sed
1823 3805 1960 3871 male

2156 3812 2342 3864 Γοῦτον
2401 3811 2491 3864 τὸν
2540 3811 2700 3879 λόγον
2756 3809 3128 3880 φιλοσοφήσας
3190 3807 3328 3862 ποτὲ
3396 3806 3653 3868 κακῶςὸ

393 3904 639 3950 tractans
663 3895 1062 3960 Ambraciotes,
1113 3911 1276 3965 quam
1316 3897 1581 3966 optimum
1612 3899 1809 3953 animai
1859 3917 1885 3954 s

2158 3901 2624 3974 μὸρακιώτης,ὼς
2655 3901 2880 3973 ἄμεινόν
2897 3903 3017 3953 ἐστι
3040 3903 3106 3971 τῇ
3129 3899 3278 3970 ψυχῇ
3309 3900 3340 3952 6
3373 3899 3655 3969 χωρισμὸς

393 4001 628 4057 corpore
670 3989 963 4056 separatio,
1020 3988 1160 4044 saltu
1211 3989 1264 4046 in
1295 4005 1446 4044 mare
1511 4004 1570 4044 se
1609 3990 1840 4060 proiecit
1884 4009 1890 4043 ι

2157 3995 2165 4046 i
2201 3995 2476 4064 σώματος,
2508 3994 2738 4065 πήδημα
2776 3994 3098 4058 ἀπετέλεσε,
3135 3993 3302 4061 φόνου
3329 3992 3526 4062 ἑαυτῷ
3571 4009 3654 4059 γε·

394 4079 570 4150 ipsius
619 4079 890 4135 homicida
921 4081 1124 4147 factus,
1159 4081 1300 4136 sicut
1326 4079 1633 4150 Theologus
1670 4081 1891 4152 Gregori

2152 4105 2298 4151 ιενος
2323 4087 2520 4152 αἴτιος.
2556 4084 2744 4149 καθὼς
2784 4087 2813 4138 6
2845 4085 3110 4154 Θεολόγος
3127 4084 3444 4155 Γρηγόριός
3477 4101 3616 4154 φησι
3637 4102 3649 4114 ·

392 4171 472 4228 ait
501 4191 516 4228 :
545 4191 565 4225 ι
601 4172 929 4236 Cleombroﬁ
955 4174 1320 4231 Ambraciotis
1342 4176 1513 4230 saltus
1539 4175 1592 4229 in
1625 4191 1878 4231 sermone

2152 4182 2204 4234 [‘6
2225 4179 2613 4250 Κλεομϐρότου
2644 4178 2874 4248 πήδημα
2900 4177 2994 4230 τοῦ
3045 4176 3475 4247 Ἀμδρακιὼτου
3516 4177 3579 4230 τὸ
3600 4178 3649 4228 ὲν

394 4266 574 4323 anima
599 4267 978 4339 philosophice
1016 4276 1276 4324 tractatus
1307 4287 1326 4322 ι
1365 4269 1506 4324 sicut
1535 4277 1591 4323 et
1621 4269 1749 4323 alibi
1789 4270 1891 4328 dici

2180 4271 2310 4341 περὶ
2339 4269 2519 4339 ψυχῆς
2549 4269 2695 4338 λόγῳ
2726 4268 3088 4338 φιλοσοφηθὲν
3125 4285 3174 4332 ι,
3195 4266 3274 4330 ὡς
3301 4268 3401 4320 καὶ
3422 4266 3647 4336 ἀλλαχοῦ

401 4377 421 4411 ι
466 4357 711 4430 Namque
741 4362 920 4414 anima
956 4361 1172 4429 quidem
1210 4359 1694 4421 femineonomine
1721 4371 1898 4416 voeatt

2157 4379 2248 4416 σι’
2299 4381 2316 4414 ι
2353 4361 2514 4431 Ψυχὴ
2551 4361 2649 4430 μὲν
2705 4359 2814 4429 γὰρ
2859 4360 3085 4429 ὀνόματι
3108 4357 3352 4429 ,θηλυκῷ
3385 4375 3649 4429 προσαγο-

395 4452 464 4508 ab
496 4453 644 4508 omni
680 4467 810 4508 vero
864 4451 1097 4506 fctniueo
1127 4467 1279 4508 more
1321 4462 1377 4508 et
1407 4459 1601 4506 natura
1632 4452 1892 4522 discrepat

2151 4459 2318 4520 ὕεται,
2347 4454 2528 4523 πάσης
2559 4454 2614 4508 δὲ
2640 4451 3038 4523 θηλυδριὼδους
3066 4451 3287 4520 φύσεως
3311 4451 3648 4521 ἀφέστηκεν⁹

397 4559 499 4600 nec
520 4546 898 4609 masculinum,
921 4559 1019 4599 nec
1037 4543 1326 4600 femineum
1353 4545 1480 4614 quid
1505 4545 1740 4599 essentia
1766 4545 1894 4600 habe

2150 4565 2202 4602 τε
2233 4547 2426 4619 ειρρεν,
2453 4544 2580 4598 οὔτε
2602 4545 2738 4615 Θῆλυ
2765 4544 2886 4598 κατ’
2909 4544 3104 4597 οὐσίαν
3129 4543 3487 4613 ὑπάρχουσα.
3522 4543 3647 4595 Ἀλλ’

399 4636 541 4693 Deus
571 4638 788 4707 quidem
833 4639 883 4692 ei
939 4637 1120 4696 lumen
1150 4652 1306 4692 suum
1340 4638 1607 4700 immittit,
1634 4637 1750 4706 ipsa
1787 4648 1896 4693 autt

2148 4641 2238 4710 μὲν
2279 4637 2415 4702 Θεὸς
2461 4637 2765 4708 ἐπιλάμπει
2813 4636 2952 4706 αὐτῇ
3009 4635 3102 4688 τὸν
3151 4633 3470 4703 φωτισμὸν,
3513 4636 3548 4704 ἡ
3596 4635 3645 4687 δὲ

398 4724 734 4781 illuminatur
767 4727 948 4795 :quod
975 4726 1120 4782 enim
1147 4727 1496 4783 sensibilibus
1528 4725 1631 4793 sol,
1674 4729 1777 4783 hoc
1803 4729 1895 4798 spi

2151 4732 2449 4802 ιλάμπεται
2473 4747 2484 4759 ·
2519 4731 2660 4800 ὅπερ
2705 4729 2814 4800 γάρ
2848 4729 2965 4781 ἐστι
2997 4729 3112 4791 τοῖς
3156 4725 3449 4796 αἰσθητοῖς
3481 4726 3644 4795 ἥλιος,

400 4817 633 4872 tualibus
661 4827 744 4873 est
776 4819 919 4872 Deus
944 4831 959 4870 :
988 4817 1257 4874 visibilem
1285 4817 1373 4874 ille
1401 4818 1660 4874 mundum
1682 4817 1897 4874 illumin

2148 4823 2236 4877 ῦτο
2263 4826 2378 4886 τοῖς
2401 4823 2613 4892 νοητοῖς
2645 4821 2780 4883 Θεός
2808 4838 2823 4850 ·
2854 4821 2884 4872 6
2923 4819 3023 4889 μὲν
3072 4817 3183 4887 γὰρ
3227 4817 3325 4870 τὸν
3376 4815 3645 4887 ὁρώμενον

402 4908 493 4963 hic
522 4908 868 4964 iuvisibilem.
902 4907 1201 4964 Invisibilis
1220 4925 1350 4979 ergo
1398 4911 1603 4966 anima.
1629 4909 1748 4966 Non
1785 4911 1898 4966 Deo

2147 4933 2282 4984 σμον
2321 4914 2566 4983 φωτίζει,
2595 4915 2624 4966 6
2653 4913 2716 4983 6h
2739 4912 2830 4966 τὸν
2877 4911 3111 4982 ἀόρατον
3139 4926 3154 4940 ο
3189 4909 3433 4980 ἀόρατος
3466 4910 3573 4980 ἄρα
3619 4911 3644 4978 ἠ

400 4999 629 5070 angelis,
661 4998 756 5054 sed
788 4998 944 5055 nobis
971 5000 1224 5057 omnibus
1250 5001 1362 5054 luto
1389 5000 1691 5070 plasmatis,
1718 5004 1810 5072 qui
1839 5017 1897 5072 pa

2148 5009 2246 5080 ιχὴ,
2281 5008 2404 5078 οὐχὶ⁵
2453 5006 2529 5077 τῷ
2561 5005 2682 5076 Θεῷ
2715 5005 2813 5060 καὶ
2843 5003 3123 5072 ἀγγέλοις,
3152 5003 3267 5056 ἀλλ’
3299 5004 3438 5072 ἡμῖν
3459 5005 3568 5064 τοῖς
3594 5002 3645 5053 ἐκ

399 5105 502 5144 vus
553 5091 922 5160 unusquisque
973 5092 1202 5145 mundus
1248 5094 1424 5147 vocati
1448 5108 1637 5148 sumus
1685 5110 1698 5148 :
1738 5095 1896 5148 mund

2145 5098 2260 5170 ιλοῦ
2296 5099 2432 5150 πᾶσι
2459 5095 2894 5168 διηρτισμένοις·
2926 5095 2975 5146 οἱ
3004 5092 3064 5148 δὲ
3109 5091 3309 5162 μικρὸν
3341 5093 3370 5143 6
3411 5090 3532 5143 καθ’
3560 5089 3642 5142 ἕνα

402 5188 581 5238 autem
625 5191 820 5237 cuncta
858 5183 910 5236 iu
950 5197 1011 5238 se
1061 5183 1317 5253 disposita
1375 5193 1431 5240 et
1467 5185 1716 5239 ordinata
1770 5185 1899 5240 habe

2144 5190 2486 5262 ιομάσθημεν
2512 5188 2745 5258 κόσμοςο
2798 5185 3004 5256 κόσμος
3051 5184 3129 5248 δὲ,
3172 5186 3200 5237 6
3228 5183 3415 5237 πάντα
3447 5185 3502 5236 ὲν
3531 5183 3641 5236 ἐαυ-

404 5272 664 5328 mundum
698 5288 828 5330 vero
856 5289 1084 5345 parvum
1111 5277 1386 5333 hominem
1415 5277 1622 5344 dicunt,
1648 5277 1872 5334 relative

2140 5283 2584 5354 ρδιατεταγμένα
2607 5280 2747 5351 ἔχων
2770 5279 2864 5332 καὶ
2908 5275 3304 5347 κεκοσμημένα
3329 5294 3341 5306 ο
3374 5275 3576 5344 κόσμον
3593 5275 3637 5326 δὲ

405 5365 721 5420 sensibilem
751 5376 807 5420 et
839 5382 1091 5438 magnum
1124 5369 1405 5425 mundum.
1453 5370 1706 5424 Attamen
1750 5385 1902 5441 magn

2141 5374 2288 5442 ικρὸν
2314 5373 2407 5426 τὸν
2425 5371 2714 5442 ἄνθρωπον
2738 5370 3007 5438 λέγουσιν,
3025 5367 3103 5430 ὼς
3129 5365 3377 5438 πρὸςσδν
3397 5365 3638 5432 αἰσθητὸν

407 5457 509 5512 iste
545 5456 673 5512 licet
734 5457 806 5512 sit
831 5467 885 5513 et
937 5458 1222 5515 laudabilis
1270 5469 1327 5515 et
1385 5460 1478 5515 Dei
1519 5461 1742 5531 gloriam
1791 5474 1904 5532 pote

2141 5463 2271 5517 ιῦτον
2293 5464 2388 5517 καὶ
2417 5463 2612 5533 μέγαν.
2643 5462 2792 5532 Πλὴν
2819 5459 2935 5514 ἀλλ’
2963 5461 3012 5512 εἰ
3039 5459 3134 5512 καὶ
3159 5457 3333 5529 μέγας
3358 5451 3514 5519 οὗτός
3538 5457 3638 5508 ἐστι

407 5550 646 5620 tiamqne
673 5565 941 5606 cnarrans
971 5562 1026 5607 et
1053 5553 1255 5610 docens
1282 5553 1542 5624 quotidie,
1580 5563 1833 5623 tanquam
1861 5555 1904 5610 la

2141 5557 2177 5610 ιι
2204 5554 2510 5618 ἐπαινετὸς,
2536 5553 2628 5607 καὶ
2650 5555 2752 5622 τῆς
2773 5552 2867 5605 τοῦ
2897 5549 3035 5606 Θεοῦ
3065 5548 3225 5620 δόξης
3252 5550 3351 5602 καὶ
3377 5547 3638 5617 δυνάμεως

412 5818 443 5880 λ
477 5746 522 5826 ξ’
550 5745 921 5876 τὸνάξξὲνερὶ)
953 5751 1018 5808 Α.
1046 5751 1298 5826 ἐνεργεία
1325 5750 1386 5813 Ρ.
1466 5753 1508 5786 ⁶³
1535 5753 1841 5808 ὑπεισιέναι
1866 5751 2081 5823 δοξάζει
2104 5755 2204 5808 οὐκ
2242 5755 2321 5818 εἰς
2347 5753 2405 5808 τὸ
2440 5748 2580 5807 εἶναι
2614 5751 2716 5823 τὴν
2749 5748 2986 5822 ὓπαρξιν
3008 5749 3100 5803 τοῦ
3143 5745 3438 5818 ἀνθρώπου
3471 5760 3635 5798 συντε-

445 5831 603 5876 ουντα
775 5835 851 5880 εις
927 5863 939 5876 .

445 5831 603 5876 ουντα
632 5831 747 5872 αλλ·
775 5831 851 5882 εις
882 5831 939 5876 t'.
