3812 6386
20 415 148 468 ’τοι

1278 409 1365 464 DE
1403 410 1689 467 NATURA
1731 415 2042 474 llOMlNiS.

3166 410 3308 466 1502

19 524 332 596 ιφηγητὴς
363 523 460 577 καὶ
506 520 827 584 διδάσκαλος
873 519 994 572 καθ’
1025 519 1266 590 ἑκάστην
1304 520 1380 584 ὡς
1401 521 1621 575 ὲπαινέ-
1657 531 1698 587 Α
1731 529 1812 580 dat

1769 536 1887 581 ator
1920 529 2084 582 silens
2117 539 2435 596 magnorum
2467 537 2692 594 operum
2725 531 2780 576 et
2809 534 3000 592 magna
3042 535 3173 576 voce
3195 521 3309 574 cla-

19 639 114 692 της
141 619 330 690 σιγῶν
358 619 460 682 τὰς
485 615 896 687 μεγαλουργίας
927 615 1022 670 καὶ
1047 613 1378 684 διαπρύσιος
1406 615 1584 685 κῆρυξ
1608 631 1621 644 °

17 713 167 768 ma
229 711 561 782 ἀτιμότερος
615 708 711 762 τοῦ
747 707 946 777 μικροῦ
1007 707 1102 759 καὶ
1161 705 1434 774 αἰσθητοῦ
1485 707 1626 761 κατά

17 807 167 860 πολὺ
198 805 479 876 ὑπάρχει⁸
507 801 584 864 ὡς
604 803 633 855 6
660 801 761 871 μὲν
790 797 1129 868 αἰσθητικὸς,
1175 800 1204 851 6
1239 797 1296 850 δὲ
1326 798 1584 868 αἰσθητός
1609 815 1624 830 ο

17 897 116 952 καὶ
155 899 190 950 6
227 896 331 965 μὲν
360 893 549 958 ἀκτὸς,
575 893 604 945 6
625 892 683 944 δὲ
713 889 1093 956 αύτεξούσιος⁹
1153 890 1247 942 καὶ
1271 891 1300 943 6
1351 890 1450 958 μὲν
1479 889 1630 954 ξένος

17 987 197 1053 Θεοῦ,
239 988 319 1050 ὡς
338 986 445 1040 ὑπὸ
478 984 576 1056 τὴν
625 983 904 1052 αἴσθησιν,
938 984 967 1035 6
998 981 1058 1034 δὲ
1106 981 1312 1044 οἰκεῖος
1357 981 1477 1051 Θεῷ
1533 982 1630 1034 καὶ

17 1083 244 1152 νοερᾶς
268 1078 486 1150 φύσεως
510 1094 525 1108 ·
567 1077 664 1131 καὶ
703 1076 778 1138 ὡς
814 1077 1007 1146 κρᾶμα
1037 1073 1097 1138 ἐξ
1137 1074 1474 1144 ἀμφοτέρου,
1525 1075 1626 1126 καὶ

17 1174 245 1245 σοφίας
283 1171 532 1244 μείζονος
559 1167 876 1238 γνώρισμα,
903 1168 1000 1220 καὶ
1026 1168 1126 1236 τῆς
1157 1167 1286 1235 περὶ
1303 1165 1404 1228 τὰς
1438 1167 1632 1234 φύσεις

17 1264 426 1326 πολυτελείας.
457 1262 572 1328 Καὶ
590 1261 666 1323 ὼς
685 1261 714 1313 6
747 1259 847 1330 μὲν
878 1258 1082 1328 κόσμος
1112 1258 1277 1311 ἕνεκα
1301 1256 1396 1310 τοῦ
1415 1255 1634 1327 ἀνθρώ-

20 1376 140 1412 που
168 1373 185 1387 ⁶
228 1359 262 1411 6
287 1356 574 1426 ἄνθρωπος
605 1353 686 1418 δὲ,
728 1353 816 1405 ἴνα
843 1351 980 1422 μένῃ
999 1351 1095 1404 καὶ
1125 1347 1328 1422 δοξάζῃ
1351 1349 1444 1402 τὸν
1472 1350 1631 1420 εύερ-

19 1451 236 1520 γέτην.
273 1449 334 1502 Ei
361 1448 419 1501 δὲ
445 1444 556 1514 ἐγὼ
598 1445 698 1514 μὲν
747 1446 828 1506 εἰς
867 1443 1029 1508 δόξαν
1063 1443 1222 1505 Θεοῦ,
1265 1445 1294 1496 6
1332 1443 1538 1512 κόσμος
1575 1441 1633 1494 δὲ

21 1539 96 1592 δι’
129 1538 272 1608 ἐμὲ,
292 1536 368 1601 ὠς
395 1537 429 1607 ἡ
461 1534 779 1606 πυράτραυδ
801 1533 890 1586 διὰ
918 1533 1015 1603 τὴν
1051 1531 1294 1602 ἅμαξαν,
1343 1532 1374 1602 ἢ
1408 1534 1436 1586 6
1462 1530 1639 1602 πρίων

24 1627 124 1682 διὰ
161 1627 277 1695 τὴν
315 1624 510 1695 θύραν,
565 1625 594 1676 6
633 1622 897 1691 Θεολόγος
941 1623 1101 1690 φησι,
1140 1621 1279 1674 νικῶ
1331 1623 1398 1691 τῇ
1451 1620 1637 1690 αἰτίᾳο

24 1717 170 1769 ὅσον
201 1714 320 1785 γὰρ
357 1712 679 1783 κτισμάτων
711 1712 845 1773 Θεὸς
866 1709 1223 1780 ὑψηλότερος,
1253 1709 1511 1762 τοσοῦτον
1543 1707 1640 1761 τοῦ

28 1806 128 1859 διὰ
157 1805 307 1858 Θεὸν
362 1803 701 1863 ὑποστάντος
755 1800 920 1870 ἐμοῦ,
953 1802 1012 1852 τὸ
1049 1799 1117 1852 δι’
1172 1800 1274 1870 ἐμὲ
1341 1799 1640 1867 γενόμενον

1729 634 1882 672 mans
1939 635 2146 688 prteco,
2212 618 2380 672 multo
2431 616 2602 683 magis
2669 615 2933 684 inglorius
2981 622 3068 667 est
3142 626 3306 680 quam

1729 726 1927 780 parvus
1967 722 2020 765 et
2053 711 2298 765 sentiens
2333 709 2563 763 mundus
2601 725 2614 761 :
2652 707 2742 762 ille
2779 706 3001 775 quidem
3031 706 3134 758 sub
3178 718 3306 758 sen-

1731 818 1825 859 sus
1872 803 2038 866 cadit,
2092 802 2180 856 hic
2233 801 2500 857 sentiendi
2544 814 2749 870 capax;
2809 797 2898 851 ille
2953 797 3306 866 gnbernatus,

1733 897 1821 950 hic
1846 895 2075 950 liberum
2106 893 2388 947 arbitrium
2435 892 2675 954 habens;
2705 889 2910 942 alienus
2941 887 3028 941 ille
3059 902 3087 940 a
3118 887 3226 940 Deo
3253 895 3312 941 ut

1733 991 1834 1044 sub
1871 1002 2065 1042 sensus
2089 989 2309 1048 cadens,
2344 984 2430 1039 bic
2458 982 2568 1036 Deo
2600 991 2860 1052 cognatus
2885 987 2939 1034 et
2966 978 3313 1034 intellectua-

1734 1081 1803 1136 lis
1829 1090 2069 1146 natura);
2099 1088 2153 1134 et
2184 1077 2338 1146 quasi
2396 1076 2679 1141 utriusque
2713 1081 3201 1142 temperamentum
3257 1080 3315 1124 et

1737 1172 2018 1242 sapientia:
2054 1169 2326 1224 .melloris
2385 1182 2450 1224 ac
2499 1180 2821 1220 naznrarum
2898 1160 3316 1230 magniﬁcentia:

1739 1273 2140 1335 argumentum.
2177 1263 2244 1316 Et
2269 1263 2347 1316 sic
2375 1260 2610 1314 mundus
2638 1256 2874 1311 hominis
2924 1269 3110 1318 causa,
3153 1254 3317 1307 homo

1739 1371 1869 1411 vero
1918 1365 1976 1409 ut
2028 1354 2304 1409 adltmreat
2353 1351 2687 1408 benel‘aetori
2730 1361 2964 1418 eumque
3025 1345 3316 1416 gloriﬁcet.

1741 1449 1798 1505 Si
1827 1457 2003 1502 antem
2035 1463 2136 1516 ego
2158 1449 2223 1500 ad
2251 1446 2343 1500 Dei
2373 1446 2599 1514 gloriam
2625 1451 2678 1498 et
2703 1442 2935 1498 mundus
2963 1447 3182 1508 propter
3209 1451 3315 1500 me,

1742 1543 1881 1596 sicut
1939 1540 2156 1609 forceps
2204 1549 2426 1608 propter
2461 1549 2705 1598 currum,
2762 1542 2851 1588 ant
2892 1548 3042 1588 serra
3093 1539 3319 1600 propter

1745 1642 1977 1702 portam,
2003 1631 2077 1687 ait
2104 1629 2444 1700 'l‘lteologus;
2473 1642 2570 1697 ego
2594 1641 2815 1681 causam
2841 1623 3092 1688 obtineo;
3117 1627 3321 1690 quanto

1744 1725 1889 1778 enim
1909 1721 2174 1778 creaturis
2204 1720 2546 1787 praestantior
2569 1727 2654 1773 est
2682 1714 2842 1780 Deus,
2890 1723 3043 1768 tanto
3083 1711 3171 1765 illa
3203 1724 3323 1781 qua)

1748 1824 1970 1886 prepter
1999 1828 2083 1866 me
2124 1812 2261 1865 facta
2302 1820 2447 1876 sunt,
2482 1809 2673 1864 viliora
2711 1815 2838 1861 sunt
2885 1819 3048 1874 qnam
3094 1817 3195 1872 ego
3227 1800 3322 1871 qui

31 1898 411 1968 ἀτιμότερον·
446 1895 509 1948 τὸ
551 1894 663 1964 γὰρ
717 1886 782 1946 οὗ
824 1891 991 1946 ἕνεκα
1035 1891 1130 1946 τοῦ
1190 1891 1358 1944 ἓνεκα
1395 1891 1512 1956 τοῦ,
1549 1890 1644 1942 καὶ
1679 1889 1719 1944 ιι
1749 1922 1810 1976 ιη.

1766 1916 1966 1974 πυριει·
1994 1905 2157 1958 Deum
2183 1904 2390 1958 exsisto
2419 1921 2432 1956 :
2467 1915 2696 1970 namque
2729 1898 2919 1952 melius
2943 1905 3026 1951 est
3057 1904 3112 1950 et
3147 1895 3323 1948 bono-

39 1988 250 2058 μεῖξον
276 1987 372 2042 καὶ
396 1985 751 2055 τιμιώτερον.
797 2002 816 2034 ι
1750 2014 1805 2050 η,

1766 1998 1920 2050 alius
1951 1996 2001 2049 id
2044 2005 2260 2064 propter
2296 1994 2435 2062 quod
2472 1991 2678 2060 aliquid
2707 1988 2944 2055 exsistit,
2983 1999 3147 2057 quam
3194 1982 3324 2040 illud

1176 2160 1200 2172 ,
1276 2160 1329 2172 Μ
1447 2160 1460 2172 ι
1749 2088 1889 2156 quod
1915 2094 2131 2155 propter
2149 2084 2290 2137 aliud
2319 2082 2554 2137 exsistit.
2590 2100 2609 2133 ι

115 2166 474 2239 Σημαντικὸς
498 2164 555 2218 δέ
587 2165 739 2217 ἐστιν
759 2164 787 2216 6
814 2161 1102 2232 ἄνθρωπος
1132 2160 1242 2213 τῶν
1273 2160 1367 2213 δύο
1399 2160 1644 2230 κόσμων,

1821 2177 1994 2232 llomo
2023 2194 2087 2233 eo
2105 2175 2247 2248 quod
2284 2175 2522 2245 cogitare
2549 2181 2746 2243 potest,
2769 2171 2834 2225 ad
2859 2169 3115 2225 mttndum
3141 2165 3328 2221 visibi-

37 2262 144 2318 τοῦ
185 2259 395 2334 ὁρατοῦ
428 2259 523 2314 καὶ
552 2257 647 2311 τοῦ
676 2256 936 2328 ἁοράτου,
977 2258 1088 2319 τοῖς
1109 2257 1254 2308 νοεῖν
1279 2255 1606 2324 δυναμένοις
1629 2271 1644 2286 ο
1753 2270 1812 2324 ιε,

1771 2285 1855 2324 em
1888 2284 1952 2324 ac
1983 2267 2308 2324 invisibilem
2350 2271 2560 2334 spectat
2588 2285 2600 2319 :
2627 2264 2886 2317 eduabns
2941 2261 3084 2316 enim
3121 2257 3331 2312 naturis

43 2359 114 2410 ὲκ
136 2354 242 2410 δύο
271 2354 382 2425 γὰρ
420 2352 705 2420 σύγκειται
730 2349 969 2418 φύσεων.
1009 2348 1154 2400 Ἀλλ’
1183 2347 1234 2400 εἰ
1266 2348 1362 2401 καὶ
1383 2347 1568 2410 διττὰς
1593 2349 1652 2399 ὲν
1753 2379 1812 2418 ρο

1766 2361 2125 2418 :onstituitur.
2156 2359 2262 2414 Sed
2293 2358 2420 2411 licet
2458 2357 2593 2409 duas
2630 2356 2682 2408 in
2711 2369 2768 2408 se
2797 2352 3052 2406 ostendat
3080 2358 3331 2412 naturas,

47 2447 246 2518 ἑαυτῷ
271 2445 512 2502 δεικνύει
539 2443 757 2514 φύσεις,
785 2443 848 2496 ού
873 2441 968 2496 δύο
992 2441 1185 2509 φύσεις
1231 2441 1400 2504 ἔστιν,
1438 2441 1554 2493 ἀλλ’
1588 2442 1654 2494 ὲκ
1757 2467 1812 2506 ιι(

1766 2467 1862 2506 non
1897 2459 1984 2507 est
2009 2460 2188 2505 tamen
2218 2458 2424 2502 natura:
2443 2448 2582 2510 duae,
2618 2445 2709 2498 sed
2741 2460 2770 2499 e
2801 2442 3044 2506 duabus;
3076 2455 3200 2493 natn
3229 2439 3335 2493 sic-

52 2541 173 2595 τῶν
199 2539 300 2594 δύο
325 2555 341 2570 ⁶
380 2538 457 2600 ὼς
503 2538 613 2606 γὰρ
648 2535 710 2588 τὸ
761 2535 924 2602 σῶμα
955 2533 1017 2587 τὸ
1069 2527 1183 2587 οἷον
1227 2527 1320 2586 οὗν
1362 2533 1654 2601 σύγκειται
1759 2553 1812 2600 ιιι

1766 2553 1818 2600 ut
1847 2557 2044 2612 corpus
2067 2540 2445 2609 qualecunque
2497 2536 2848 2593 constituitur
2867 2548 2933 2587 ex
2967 2532 3089 2600 igne
3111 2537 3164 2584 et
3186 2541 3336 2591 aere,

60 2632 168 2700 μὶν
196 2631 267 2684 ἐκ
296 2628 472 2697 πυρὸς
495 2626 587 2681 καὶ
611 2625 794 2696 ἀέρος,
831 2624 1024 2687 ὓδατος
1056 2625 1151 2676 καὶ
1181 2623 1288 2692 γῆς
1313 2639 1328 2654 ο
1357 2625 1458 2676 οὐκ
1493 2623 1575 2676 ἐτι
1599 2621 1658 2674 δὲ
1759 2651 1812 2705 π

1766 2651 1898 2705 aqua
1932 2646 1986 2688 et
2026 2643 2209 2696 terra;
2262 2646 2360 2685 nec
2396 2639 2576 2684 tamen
2620 2629 2761 2682 idem
2789 2639 2987 2693 corpus
3031 2623 3180 2676 dices
3215 2635 3338 2674 esse

55 2723 120 2775 τὸ
149 2719 296 2776 αὐτὸ
329 2719 490 2787 σῶμα
520 2714 636 2786 πῦρ
691 2713 855 2785 εἴπῃς
905 2711 1068 2779 εἶναι,
1103 2714 1213 2766 οὐδ’
1249 2711 1316 2766 αὖ
1342 2714 1501 2784 ἀέρα,
1533 2712 1658 2766 οὔτε
1762 2728 1812 2797 ig

1766 2728 1962 2797 ignem,
1997 2741 2092 2779 nec
2124 2739 2269 2788 aera,
2298 2738 2397 2776 nec
2426 2722 2554 2790 quid
2580 2719 2750 2783 aliud,
2776 2719 2869 2772 sed
2905 2717 3010 2770 tale
3043 2713 3337 2782 quoddam,

55 2833 114 2868 τι
136 2814 256 2868 τῶν
287 2812 464 2866 ἄλλων
499 2825 515 2842 ο
547 2808 687 2863 ἀλλά
715 2807 921 2860 τοιόνδε
974 2824 1050 2872 τι,
1101 2807 1254 2860 λίθον
1284 2806 1448 2876 τυχὸν
1499 2807 1532 2876 ἢ
1566 2805 1659 2871 ξύ·
1763 2817 1810 2871 ιι,

1766 2817 1994 2886 lapidem
2027 2815 2178 2869 verbi
2225 2827 2390 2868 causa
2423 2820 2517 2865 aut
2553 2809 2758 2879 lignum
2793 2825 2808 2862 :
2850 2807 3104 2860 similiter
3127 2811 3191 2857 et
3217 2816 3342 2855 cor-

60 2907 158 2969 λον
192 2923 212 2940 ο
255 2905 462 2976 ὁμοίως
495 2903 592 2957 καὶ
619 2901 682 2954 τὸ
723 2900 883 2970 σῶμα
913 2899 976 2951 τὸ
1010 2899 1280 2969 ἔμψυχον,
1321 2899 1382 2952 τὸ
1442 2898 1663 2965 λογικὸν
1765 2924 1812 2979 ρ,

1766 2924 1864 2979 pus
1885 2908 2202 2969 animatum,
2234 2902 2499 2959 rationale
2523 2910 2614 2955 aut
2643 2896 2978 2962 irrationale,
3007 2909 3106 2950 nec
3129 2891 3346 2962 sangui-

65 3000 101 3070 ἦ
141 2997 368 3066 ἄλογον,
400 2995 498 3066 οὐχ
527 2989 748 3063 αἷμα,ῆ
781 2993 1024 3062 φλέγμα,
1051 2991 1084 3062 ἢ
1111 2992 1242 3061 μίαν
1274 2989 1528 3052 καλέσεις
1556 2988 1664 3042 τῶν
1768 3018 1812 3056 η.

1768 3017 1914 3068 nem,
1945 3016 2045 3055 nec
2079 2999 2351 3068 pblegma,
2387 3009 2487 3051 nec
2519 2994 2678 3049 bilem
2719 2989 2944 3046 vocabis
2978 3010 2990 3044 :
3046 3003 3151 3041 non
3195 2985 3343 3039 enim

67 3090 254 3161 χολῶν
279 3105 294 3121 °
334 3090 396 3142 ού
434 3087 544 3157 γάρ
576 3104 628 3138 τι
664 3085 860 3138 ταύτὸν
913 3087 1027 3147 τοῖς
1077 3082 1138 3147 eg
1173 3076 1248 3135 ὧν
1289 3084 1460 3135 ἐστιν.
1511 3081 1666 3133 Ἐπεὶ

1769 3093 1911 3149 idem
1943 3101 2027 3148 est
2061 3106 2126 3146 ac
2154 3105 2216 3145 ea
2247 3103 2310 3145 ex
2347 3087 2546 3159 quibus
2599 3091 2832 3140 constat.
2880 3077 3345 3148 Quemadmodum

70 3186 131 3249 δὲ
161 3184 424 3254 διάφορος
451 3182 481 3235 6
526 3180 686 3248 λόγος
740 3177 836 3232 τοῦ
879 3195 939 3231 τε
983 3177 1376 3246 συγκειμένου,
1441 3175 1549 3228 τῶν
1605 3191 1666 3227 τε
1710 3249 1738 3254 _
1772 3199 1812 3238 3.

1772 3193 1953 3239 autem
1990 3181 2346 3252 compositum
2385 3195 2414 3233 a
2442 3179 2608 3232 rebus
2639 3173 3090 3244 componentibus
3140 3165 3346 3231 diﬂert,

74 3249 451 3331 συντεθέντων
475 3288 490 3304 ο
514 3271 688 3335 οὕτως
721 3272 817 3326 καὶ
845 3273 874 3325 6
906 3269 1214 3338 ἄνθρωπος,
1238 3271 1288 3322 εί
1329 3269 1425 3321 καὶ
1456 3268 1521 3320 ὲκ
1565 3267 1668 3336 ψυ-
1695 3249 1742 3310 C
1773 3279 1812 3333 si

1773 3279 1851 3333 sic
1876 3287 1932 3331 et
1969 3277 2153 3339 homo,
2187 3273 2314 3328 licet
2361 3286 2427 3326 ex
2467 3283 2646 3322 anima
2707 3275 2762 3320 et
2827 3277 3056 3333 corpore
3105 3265 3345 3324 constat,

75 3351 186 3436 χῆς
212 3366 312 3418 καὶ
344 3361 599 3433 σώματός
632 3363 807 3422 ἐστιν,
849 3360 966 3414 ἀλλ’
999 3359 1188 3427 ἕτερόν
1212 3361 1330 3412 ἐστι
1386 3357 1540 3427 παρά
1595 3357 1666 3410 τὰ

77 3457 138 3522 ἐξ
167 3448 250 3511 ὧν
278 3457 400 3508 ἐστι
423 3470 440 3485 ο
473 3454 570 3506 καὶ
599 3454 720 3506 κατ’
748 3451 878 3506 ἄλλο
905 3451 1003 3521 μὲν
1033 3450 1334 3518 λογίζεται,
1384 3451 1507 3502 κατ’
1540 3448 1669 3502 ἀλλο

76 3550 135 3602 δὲ
171 3548 238 3603 τὸ
270 3545 524 3616 λογισθὲν
565 3547 814 3616 ὲνεργεί’
845 3543 992 3613 ψυχῇ
1027 3543 1126 3612 μὲν
1173 3542 1282 3609 γὰρ
1330 3543 1494 3612 νοερᾷ
1523 3541 1672 3608 λογι-

79 3641 346 3713 σάμενος,
371 3641 422 3692 εί
445 3639 622 3709 τύχοι,
648 3637 745 3691 τοῦ
777 3636 931 3690 οἴκου
959 3637 1061 3706 τὴν
1096 3635 1372 3700 σύνθεσιν,
1422 3635 1584 3704 χερσὶ⁸
1609 3633 1671 3686 τὸ

78 3733 283 3805 νοηθὲν
305 3734 428 3801 ἄγει
458 3733 538 3794 είς
566 3730 764 3800 πέρας.

152 3826 284 3880 Ὅτι
312 3826 370 3880 δὲ
394 3825 522 3880 ἀλλο
546 3825 662 3878 ἐστὶ
690 3822 846 3895 παρά
867 3821 938 3874 τὰ
970 3820 1029 3888 ἐξ
1057 3813 1131 3874 ὧν
1155 3822 1296 3882 ἐστι,
1314 3813 1416 3873 ὦδε
1435 3820 1630 3872 σκόπει
1653 3833 1668 3850 '

81 3920 147 3972 ἐκ
176 3919 456 3987 διαφόρων
482 3915 624 3969 ύλῶν
661 3915 754 3969 τὸν
779 3910 930 3968 οἷκον
957 3913 1377 3983 οἰκοδομοῦμεν,
1400 3911 1518 3966 ἀλλ’
1571 3911 1674 3964 οὐκ

79 4010 150 4078 ἄν
176 4026 267 4073 τις
299 4007 450 4078 εἴπῃ,
484 4005 682 4060 ταύτὸν
698 4007 744 4039 ⁸⁸
796 4006 1066 4076 ὑπάρχειν
1101 4007 1225 4068 ταῖς
1259 4003 1414 4068 ὕλαις
1465 4003 1674 4070 ταῖςὲξ

81 4095 158 4154 ὧν
192 4103 368 4154 ἔστιν.
404 4099 480 4152 Οὐ
511 4099 622 4169 γὰρ
663 4097 854 4162 ἀπλῶς
901 4097 1060 4160 λίθοι,
1097 4099 1193 4151 καὶ
1241 4096 1394 4162 ξύλα,
1450 4097 1545 4150 καὶ
1603 4096 1676 4150 τὰ

82 4192 254 4257 λοιπά
284 4187 478 4254 ὁοῐκός
507 4192 680 4244 ἐστιν⁹
704 4191 754 4242 εί
785 4189 894 4261 γὰρ
912 4188 1092 4256 τοῦτο,
1119 4190 1226 4260 πρὸ
1249 4191 1350 4261 τῆς
1381 4190 1676 4260 οἰκοδομῆς

84 4284 436 4358 διῃρημένως
487 4282 587 4346 τὰς
627 4281 760 4345 ὕλας
811 4279 962 4335 οἷκον
996 4283 1062 4336 ἄν
1112 4300 1196 4347 τις
1242 4283 1470 4344 δικαίως
1515 4283 1677 4336 καλέ-

88 4395 236 4432 σειεν
275 4391 287 4405 ⁸
322 4376 439 4430 ἀλλ’
463 4379 496 4447 ἡ
523 4375 703 4429 τοιάδε
727 4374 834 4427 τῶν
863 4374 1006 4428 ὑλῶν
1031 4374 1380 4446 προσάλληλα
1425 4374 1676 4439 σύζευξις

85 4469 179 4522 τὸν
215 4464 367 4524 οἷκον
391 4469 526 4538 ἡμῖν
556 4466 842 4522 ἀποτελεῖν
873 4468 1108 4536 πέφυκε.
1141 4466 1336 4519 Τοίνυν
1362 4466 1465 4536 τῆς
1491 4465 1675 4526 οίκίας

1773 3369 1920 3423 aliud
1945 3367 2212 3437 quoddam
2240 3373 2325 3419 est
2353 3365 2421 3416 ab
2455 3363 2537 3416 bis
2568 3376 2598 3414 e
2623 3359 2822 3428 quibus
2845 3361 3062 3412 constat
3087 3370 3099 3406 :
3124 3360 3178 3405 et
3205 3362 3349 3403 nunc

1771 3464 1989 3534 quidem
2025 3460 2250 3530 cogitat,
2314 3470 2458 3510 nunc
2504 3453 2797 3522 cogitatum
2853 3445 3175 3516 exsequitur
3209 3461 3222 3497 :
3254 3441 3348 3496 ubi

1771 3555 1913 3610 enim
1947 3553 2140 3607 anima:
2203 3548 2488 3603 rationalis
2543 3544 2746 3599 auxilio
2793 3538 3024 3608 exempli
3076 3537 3248 3606 gratia
3286 3535 3353 3588 de

1773 3645 1987 3702 aedilicii
2035 3641 2436 3698 constructione
2473 3635 2752 3707 cogitavit,
2798 3632 3048 3688 manibus
3112 3629 3165 3683 id
3207 3625 3353 3697 quod

1777 3737 2032 3810 cogitavit
2068 3735 2134 3789 ad
2164 3733 2321 3788 linem
2351 3730 2614 3800 perducit.

1846 3831 1998 3899 Quod
2025 3839 2207 3883 autem
2241 3826 2310 3881 sit
2345 3824 2490 3879 aliud
2527 3835 2688 3892 qnam
2719 3835 2782 3875 ea
2808 3833 2871 3873 ex
2896 3815 3091 3885 quibus
3113 3817 3353 3876 constat,

1776 3925 1855 3981 sic
1885 3922 2204 3995 perpende:
2245 3934 2308 3974 ex
2355 3917 2521 3970 variis
2571 3912 2819 3968 materiis
2867 3909 3085 3964 domum
3118 3903 3356 3958 aediﬁca-

1778 3994 1918 4081 mus,
1961 4015 2055 4072 sed
2101 4028 2259 4069 nemo
2291 4010 2490 4066 dixerit
2516 4023 2635 4063 eam
2672 4005 2815 4059 idem
2851 4016 2974 4057 esse
3003 4013 3068 4054 ac
3098 3994 3357 4052 materias

1776 4128 1808 4166 e
1842 4110 2037 4180 quibus
2090 4113 2324 4160 constat.
2390 4099 2509 4154 Non
2562 4098 2708 4154 enim
2761 4091 3080 4162 simpliciter
3118 4086 3355 4160 lapides,

1777 4203 1921 4273 ligna
1949 4209 2001 4255 et
2027 4199 2253 4265 reliqua,
2289 4195 2478 4248 domus
2508 4203 2625 4254 est;
2659 4190 2701 4242 si
2753 4187 2896 4241 enim
2932 4183 2981 4236 id
3017 4190 3186 4240 esset,
3225 4186 3354 4230 ante

1778 4270 2103 4350 strueturam
2146 4285 2437 4358 separatim
2487 4281 2745 4336 materias
2795 4278 3014 4328 domum
3067 4270 3190 4339 quis
3246 4283 3358 4320 tne-

1780 4385 1886 4440 rito
1912 4390 2166 4446 vocaret;
2199 4377 2292 4432 sed
2320 4375 2426 4430 illa:
2443 4371 2686 4426 materize
2707 4367 2810 4422 sibi
2832 4363 3062 4419 invicem
3096 4365 3359 4426 coaptata:

1781 4478 1998 4531 domum
2026 4470 2181 4524 nobis
2229 4472 2622 4537 reprzesentare
2659 4457 2858 4513 solent.
2900 4451 3043 4520 Ergo
3081 4448 3354 4504 destructa

87 4563 373 4634 λυθείσης,
430 4562 652 4632 μένουσι
708 4561 806 4631 μὲν
831 4560 1031 4630 ὁμοίως
1062 4559 1118 4613 al
1167 4558 1292 4613 ὗλαι
1335 4559 1427 4613 τὸν
1475 4561 1674 4612 οἰκεῖον
1708 4591 1754 4648 D
1781 4571 1811 4623 ἀ

1781 4571 1962 4632 domo,
1987 4573 2265 4618 remanent
2285 4559 2499 4629 quidem
2528 4551 2782 4608 similiter
2804 4547 3046 4602 materia:
3077 4539 3357 4612 protiriunt

89 4657 393 4728 ὲπέχουσαι
421 4655 581 4723 λόγον
605 4670 620 4686 ο
651 4653 998 4707 ἀπολωλέναι
1034 4652 1090 4706 δέ
1111 4667 1293 4722 φαμεν
1343 4652 1447 4722 τὴν
1473 4653 1676 4716 οἰκίαν,

91 4744 159 4815 ἢν
187 4746 222 4814 ὴ
253 4742 433 4796 τοιάδε
477 4741 587 4795 τῶν
619 4741 761 4795 ύλῶν
793 4739 1043 4807 σύζευξις
1095 4740 1449 4795 ἀπετέλεσεν.
1492 4741 1680 4804 Οῦτως

92 4837 190 4889 καὶ
233 4835 328 4889 ἐπὶ
365 4834 459 4888 τοῦ
493 4833 786 4905 ἀνθρώπου
814 4850 829 4865 ο
867 4833 970 4887 κᾶν
990 4835 1098 4906 γὰρ
1129 4835 1193 4887 ὲκ
1226 4834 1404 4904 ψυχῆς
1437 4835 1532 4888 καὶ
1568 4833 1678 4887 σὼ-

95 4944 273 4996 ματος
302 4927 545 4999 ὑπάρχῃ,
579 4927 640 4980 ού
689 4925 887 4979 ταύτὸν
945 4926 1013 4979 ἂν
1053 4926 1142 4995 εἴη
1174 4928 1287 4989 τοῖς
1323 4926 1382 4991 ἐξ
1416 4921 1492 4980 ὧν
1539 4927 1679 4993 ἐστι,

93 5020 450 5089 ἀλλ’ἒτερον,
483 5019 559 5086 ᾡς
587 5013 729 5073 εἷναι
757 5018 849 5072 τὸν
896 5017 1184 5090 ἄνθρωπον
1237 5019 1298 5084 ἐξ
1355 5020 1527 5088 αὐτῆς
1577 5019 1679 5088 τῆς

99 5113 399 5181 συναφείας
434 5111 614 5182 ψυχῆς
645 5111 784 5182 πρὸς
823 5109 1005 5179 σῶμα,
1031 5110 1214 5179 τρίτον
1241 5109 1678 5180 ἀποτελούμενον

97 5203 228 5258 ἄλλο
261 5219 277 5234 ⁶
297 5202 573 5258 καὶτοῦτο
604 5203 761 5274 δῆλον
797 5203 894 5272 ἀφ’
923 5195 1023 5267 ὧν,
1051 5202 1152 5272 τῆς
1203 5201 1531 5266 διαζεύξεως
1578 5206 1680 5274 τῆς

99 5294 308 5348 τούτων
343 5293 668 5364 γενομένης,
719 5293 872 5364 μένει
909 5294 1008 5364 μὲν
1058 5293 1120 5346 τὸ
1165 5293 1326 5362 σῶμα
1363 5292 1540 5356 οὕτως
1590 5293 1683 5347 τὸν

102 5387 305 5440 οίκεϊον
335 5386 510 5451 σῶζον
537 5385 696 5454 λόγον
715 5401 729 5418 ο
762 5385 926 5456 τριχῆ
960 5384 1068 5456 γάρ
1099 5387 1214 5438 ἐστι
1239 5385 1549 5449 διαστατὸν,
1576 5387 1681 5439 κᾶν

105 5475 300 5546 νεκρὸν
394 5489 410 5504 ⁸
452 5475 602 5545 μένει
631 5475 688 5528 δὲ
711 5475 913 5545 ὁμοίοις
967 5476 1000 5544 ὴ
1037 5474 1186 5544 ψυχὴ
1241 5473 1436 5544 λογικὴ
1475 5473 1683 5544 τυγχά-

105 5584 274 5622 νουσα
303 5568 398 5620 καὶ
425 5567 613 5638 νοερὰ,
644 5567 746 5621 κᾶν
767 5567 1054 5638 διεξεύχθη
1107 5565 1203 5620 τοῦ
1244 5565 1496 5636 σώματος
1522 5583 1534 5596 ·
1575 5567 1685 5620 ἀπ-

107 5658 274 5715 όλωλε
303 5661 361 5714 δὲ
401 5662 430 5716 6
481 5660 793 5732 ἄνθρωπος,
847 5661 905 5714 ὃν
947 5661 1280 5715 ἀπετέλεσεν
1328 5659 1604 5728 ἑκατέρων
1651 5661 1684 5730 ἡ

111 5749 380 5819 σύζευξις.

185 5866 230 5903 ⁸⁸
256 5869 345 5927 Sic
373 5870 494 5926 cod.
571 5870 614 5902 ⁸⁵
643 5867 784 5923 εἴποι
813 5866 904 5921 τὸν
934 5862 1080 5921 οἷκον
1111 5867 1307 5920 ταύτόν
1344 5865 1403 5922 Ρ.

1782 4660 2080 4716 retinentes
2137 4667 2354 4718 nomen,
2394 4648 2622 4718 periisse
2675 4656 2805 4696 vero
2863 4639 3083 4693 domum
3129 4632 3361 4688 dicimus

1783 4767 1941 4822 quam
1979 4748 2104 4803 talis
2145 4744 2493 4800 materiarum
2522 4738 2781 4808 junctura
2817 4729 3140 4803 perfecerat.
3181 4722 3274 4778 Sic
3305 4730 3361 4776 et

1784 4845 1838 4898 in
1873 4840 2128 4907 homine;
2155 4838 2280 4892 licet
2321 4833 2468 4889 enim
2520 4846 2586 4886 ex
2633 4826 2815 4882 anima
2851 4831 3186 4892 corporeque
3228 4829 3361 4870 con-

1785 4944 1912 4998 stet,
1945 4947 2050 4988 non
2094 4905 2234 4984 idem
2287 4937 2370 4982 est
2415 4941 2479 4980 ac
2522 4938 2586 4979 ea
2627 4923 2694 4977 de
2742 4918 2939 4990 quibus
2967 4917 3202 4972 constat,
3265 4905 3363 4962 sed

1787 5027 1932 5081 aliud
1989 5023 2152 5078 homo
2200 5035 2391 5091 nempe
2445 5033 2512 5074 ex
2570 5015 2766 5070 anima:
2800 5006 3184 5077 conjunctione
3239 5011 3362 5052 cum

1787 5132 2036 5189 corpore,
2063 5115 2280 5170 tertium
2303 5090 2432 5183 quid
2457 5110 2680 5164 ell'ectus
2707 5123 2721 5170 ;
2753 5113 2805 5160 et
2826 5103 3048 5157 evidens
3076 5092 3204 5148 illud
3232 5090 3362 5145 inde

1792 5211 1934 5282 quod
1971 5209 2318 5278 separatione
2369 5204 2582 5257 illorum
2617 5200 2760 5254 facta
2813 5206 3011 5262 corpus
3043 5189 3121 5243 sic
3181 5189 3370 5240 manet

1791 5321 1854 5359 ac
1891 5303 2160 5372 propriam
2203 5297 2518 5368 qualitatem
2552 5298 2879 5348 conschat:
2925 5281 3190 5338 trifariam
3217 5275 3368 5331 enim

1792 5395 2070 5457 dividitur,
2098 5391 2221 5446 licet
2248 5398 2516 5443 mortuum
2547 5385 2618 5439 sit
2648 5400 2662 5437 :
2694 5388 2878 5434 manet
2907 5373 3160 5430 similiter
3183 5368 3366 5422 anima

1793 5482 2075 5540 rationalis
2093 5491 2148 5537 et
2187 5480 2516 5548 intelligens,
2552 5474 2679 5530 licet
2717 5488 2745 5524 a
2782 5479 3010 5536 corpore
3045 5458 3359 5548 dividatur;

1792 5577 1954 5649 periit
1984 5589 2110 5631 vero
2165 5546 2541 5641 botno,'quem
2601 5562 2842 5623 confecit
2899 5557 3181 5622 utriusque
3229 5546 3369 5603 adu-

1794 5670 1960 5726 natio.
