3792 6436
490 424 629 482 1505

1775 407 2055 466 MELETII
2095 405 2422 463 MONACHI
3657 399 3742 452 ,η

559 539 789 609 Quidam
815 552 886 594 eo
906 537 1047 608 quod
1078 537 1150 594 sit
1179 551 1378 607 corpus
1409 534 1677 592 trifariam
1720 534 1980 603 partitqu
2010 541 2061 586 et

2238 528 2396 591 Τινὲς
2434 527 2491 579 δε
2528 525 2618 580 διὰ
2646 524 2707 578 τὸ
2733 523 2875 576 εἶναι
2908 521 2972 575 τὸ
3021 519 3191 590 σῶμα·
3235 517 3414 588 τριχῆ
3470 514 3741 576 διας-τιή,

491 633 726 687 animam
765 644 886 685 esse
913 629 1180 702 trifariam
1222 628 1452 683 divisam
1485 624 1715 698 (dicunt)
1747 632 1804 680 et
1847 632 2072 695 propter

491 724 595 778 hoc
637 731 690 778 et
723 736 923 792 corpus
969 721 1217 790 :quibus
1271 719 1505 774 dicimus
1550 736 1564 773 :
1625 717 1802 772 Omne
1847 717 2069 792 quidem

492 829 690 884 corpus
721 813 986 869 trifariam
1017 813 1294 878 dividitur,
1332 827 1435 866 non
1469 819 1657 865 autem
1680 809 1942 880 quidquid
1970 809 2071 863 tri-

493 904 684 959 fariam
711 904 988 968 dividitur,
1017 919 1218 974 corpus
1244 913 1346 958 est.
1382 901 1520 957 Nam
1542 900 1776 972 qualitas
1808 909 1862 954 et
1895 914 2070 969 quan-

494 992 639 1058 titas,
673 993 1003 1065 incorporea
1021 991 1239 1061 quidem
1263 1006 1358 1060 per
1382 1007 1462 1056 se,
1490 1001 1670 1045 tamen
1698 1004 1792 1060 per
1817 990 2072 1046 accidens

485 1082 549 1148 jn
568 1097 742 1138 massa
772 1091 1232 1152 reprzeseutautur
1255 1101 1270 1150 ;
1295 1084 1374 1138 sic
1399 1083 1563 1137 etiam
1588 1081 1789 1148 anima,
1817 1082 2072 1151 quamvis

496 1188 592 1244 per
629 1191 689 1230 se
715 1175 970 1240 indivisa,
1000 1191 1096 1244 per
1126 1176 1378 1232 accidens
1425 1190 1549 1230 cum
1602 1175 1821 1230 homine
1871 1175 2072 1244 tripar-

498 1266 595 1321 tito
613 1275 667 1321 et
698 1267 812 1336 ipsa
836 1277 890 1323 et
913 1266 1100 1322 multis
1130 1267 1395 1322 trifariam
1425 1268 1600 1322 divisa
1630 1267 1853 1324 dicitur.

569 1438 778 1494 Dicitur
804 1440 984 1495 anima
1012 1428 1257 1510 corporis
1295 1441 1637 1510 passiouibus
1669 1440 1876 1497 moveri
1929 1458 1944 1496 :
1977 1456 2074 1513 ap-

495 1541 649 1599 paret
676 1531 821 1584 enim
859 1531 1074 1600 corpori
1111 1533 1448 1600 couipatiens
1490 1541 1546 1586 et
1592 1541 1754 1587 antea
1804 1534 2018 1603 patiens
2054 1551 2069 1588 :

494 1635 637 1691 saepe
661 1623 806 1676 enim
833 1622 900 1676 de
928 1623 1151 1678 vulnere
1185 1624 1433 1693 corporis
1462 1625 1840 1682 contremiscit
1863 1634 1918 1681 et
1941 1633 2071 1680 ante

416 1739 418 1742 ν
492 1713 737 1782 corporis
789 1729 1019 1784 angores
1054 1716 1393 1782 immutatur,
1432 1725 1487 1772 et
1517 1727 1702 1786 postea
1750 1733 1858 1774 non
1891 1719 2073 1775 minus

491 1805 733 1860 dolorem
766 1806 1075 1874 experitur;
1127 1817 1180 1862 et
1219 1822 1341 1862 cum
1377 1817 1677 1878 aegrotante
1728 1819 1960 1878 aegrotat
2015 1820 2072 1865 et

2172 620 2265 672 καὶ
2290 619 2390 689 τὴν
2409 615 2590 688 ψυχὴν
2614 613 2751 669 εἷναι
2782 615 2950 686 τριχῆ
2980 613 3306 682 διαστατὴν,
3335 607 3446 662 καὶ
3486 607 3584 660 διὰ
3635 611 3742 662 τεῖττ

2171 711 2273 763 καὶ
2301 709 2481 778 σῶμα.
2513 707 2656 778 [Ιρὺς
2687 705 2782 770 οὓς
2805 722 3008 776 φαμεν,
3058 705 3142 758 ὅτι
3174 705 3290 756 πᾶν
3324 700 3441 770 μὲν
3480 697 3644 767 σῶμα
3669 718 3742 768 εξ»

2171 798 2243 868 χῆ
2275 796 2562 850 διαστατόν
2602 798 2774 858 ἐστιν,
2798 795 2860 847 οὺ
2898 794 3009 846 πᾶν
3043 792 3100 845 δὲ
3125 791 3189 845 τὸ
3214 789 3391 859 τριχῆ
3459 787 3741 842 διοπετὲς-η

2174 887 2355 957 σῶμα.
2413 885 2526 940 Καὶ
2551 883 2661 956 γὰρ
2685 882 2750 936 τὸ
2802 881 2956 936 ποιὸν
2985 880 3082 935 καὶ⁵
3138 880 3202 932 τὸ
3240 877 3453 941 ποσὸν,
3515 876 3742 945 inﬁtier:

2171 981 2300 1034 ὄντα
2328 979 2452 1034 καθ’
2483 978 2676 1044 ἑαυτὰ,
2704 979 2847 1032 κατά
2873 974 3228 1047 συμϐεϐηκὸς
3281 973 3346 1025 ὲν
3377 972 3557 1040 ὄγκῳ
3583 973 3742 1022 ποπέ

2171 1091 2260 1129 ται
2287 1089 2302 1106 ·
2330 1071 2506 1135 οὕτως
2539 1065 2633 1126 οὖν
2660 1071 2754 1124 καὶ
2778 1072 2846 1140 τῇ
2885 1069 3056 1140 ψυχῇ,
3087 1067 3214 1122 καθ’
3235 1066 3461 1136 ἑαυτὴν
3487 1065 3596 1132 μὲν
3621 1068 3742 1130 29'};

2171 1180 2294 1217 εστι
2329 1161 2390 1215 τὸ
2433 1161 2784 1222 ἀδιάστατον,
2831 1159 2979 1212 κατά
3026 1155 3388 1227 συμϐεϐηκὸς
3451 1153 3540 1213 δὲ,
3587 1153 3742 1220 τῷξν

2173 1254 2377 1326 ορὼπῳ
2410 1257 2572 1326 τριχῆ
2601 1251 2878 1323 διαστατῷ
2901 1251 3040 1317 ὄντι,
3073 1248 3495 1319 συνθεωρεῖται
3530 1246 3742 1315 καὶαπ-η

2172 1347 2332 1416 τριχῆ
2365 1345 2627 1413 διαστατή
2656 1343 2724 1398 ⁸⁵.

2244 1437 2479 1506 Λέγεται
2497 1435 2557 1489 δὲ
2595 1436 2629 1505 ἡ
2667 1433 2816 1506 ψυχὴ
2849 1432 3073 1496 πολλοῖς
3093 1432 3204 1486 τῶν
3232 1429 3336 1485 τοῦ
3365 1428 3644 1500 σώματος
3679 1447 3742 1480 :2-

2174 1528 2286 1582 Θῶν
2311 1527 2709 1597 ὲγκατέχεσθαι
2743 1540 2757 1554 ο
2793 1524 3045 1594 φαίνεται
3069 1523 3181 1593 γὰρ
3217 1523 3322 1577 καὶ
3357 1521 3742 1590 erupta-spur:

2173 1620 2251 1691 τῷ
2284 1620 2522 1690 σώματι,
2558 1620 2656 1671 καὶ
2702 1617 3108 1689 προπάσχουσα
3136 1631 3150 1645 ο
3215 1613 3503 1674 πολλάκις
3541 1611 3653 1678 γὰρ
3680 1629 3741 1660 ττη

2172 1713 2348 1785 τομὴν
2381 1712 2484 1766 τοῦ
2529 1711 2788 1782 σώματος
2821 1709 3122 1778 ἀγωνιῶσα
3153 1705 3478 1768 δείκνυται,
3540 1703 3638 1755 καὶ
3677 1719 3734 1751 2;:

2172 1807 2266 1859 τοῦ
2327 1803 2540 1868 πάθους
2579 1803 2678 1856 τοῦ
2713 1801 2968 1873 σώματος
3017 1799 3392 1869 ἀλλοιουμένη
3421 1812 3440 1824 ·
3496 1797 3597 1849 καὶ
3648 1813 3741 1864 ξιεττ

491 1913 614 1952 cum
643 1897 924 1954 vulnerato
973 1899 1149 1967 dolet;
1182 1901 1388 1970 pudore
1431 1899 1634 1956 suﬂ‘usa
1665 1902 1959 1966 erubescit,
1997 1902 2061 1956 ti-

2176 1899 2265 1968 τὴν
2297 1896 2472 1968 τομὴν
2496 1895 2654 1950 οὐδὲν
2676 1895 2901 1947 ἔλαττον
2927 1892 2997 1946 τά
3031 1893 3130 1962 τῆς
3157 1890 3363 1960 ὀδύνης
3392 1889 3446 1920 ⁸⁷
3474 1887 3716 1956 δεχομέιπ

491 2004 642 2045 more
674 1990 920 2060 perculsa
952 1991 1136 2061 pallet.
1175 1990 1262 2047 Nil
1294 1999 1479 2052 autem
1510 1992 1893 2062 incorporeum
1918 2007 2068 2048 com-

488 2081 692 2150 patitur
719 2083 958 2150 corpori,
996 2098 1095 2138 nec
1129 2099 1326 2154 corpus
1367 2084 1693 2154 incorporeo
1733 2103 1746 2138 :
1784 2084 1899 2154 jam
1939 2099 2069 2140 vero

490 2173 672 2228 anima
701 2176 1029 2244 compatitur
1053 2177 1268 2246 corpori
1312 2193 1326 2231 :
1379 2191 1509 2248 ergo
1532 2178 1712 2232 anima
1737 2187 1819 2233 est
1845 2193 2065 2248 corpus.

488 2261 584 2317 Est
606 2274 786 2318 autem
817 2265 1193 2335 praeiudicium
1236 2282 1358 2322 cum
1391 2269 1514 2337 quis
1534 2269 1666 2322 dicit
1717 2268 1855 2323 nihil
1883 2270 2067 2324 incor-

487 2366 711 2421 poreum
765 2355 980 2424 corpori
1012 2357 1249 2425 compati
1305 2373 1320 2411 :
1376 2358 1507 2426 quid
1563 2358 1707 2412 enim
1740 2359 1786 2414 si
1834 2358 1938 2413 hoc
1965 2359 2066 2414 soli

488 2444 686 2498 animae
707 2445 1035 2500 conveniat?
1067 2445 1336 2501 Caeterum
1375 2447 1676 2517 ambigunt,
1723 2459 1906 2504 utrum
1946 2465 2070 2505 cor—

489 2547 609 2600 pus,
643 2532 912 2601 accipiens
947 2534 1014 2590 ab
1043 2536 1223 2590 anima
1256 2535 1530 2591 sentiendi
1583 2537 1923 2602 facultatem,
1978 2553 2068 2594 so-

488 2623 597 2675 lum
628 2620 826 2689 doleat,
864 2625 1044 2680 anima
1096 2635 1276 2682 autem
1327 2625 1528 2681 affectu
1582 2627 1841 2682 immunis
1876 2629 1949 2682 sit
1995 2644 2066 2684 an

487 2711 700 2781 corpori
733 2714 1116 2782 compatiatur.
1156 2715 1222 2770 Et
1255 2715 1399 2786 apud
1429 2714 1880 2784 intelligentiores
1912 2716 2068 2786 prior

484 2805 755 2860 sententia
785 2807 1059 2876 praevalet.

553 3077 676 3132 Jam
739 3092 870 3134 vero
918 3078 1167 3136 videmus
1221 3080 1389 3135 ctiam
1445 3079 1762 3150 incorporea
1820 3083 2064 3150 quaedam

485 3171 806 3241 corporibus
833 3173 1068 3241 compati
1114 3189 1129 3226 :
1183 3173 1470 3241 qualitates
1513 3152 1680 3241 enim,
1729 3174 1854 3229 licet
1883 3175 2065 3230 incor-

2178 1989 2272 2041 καὶ
2301 1986 2552 2040 νοσοῦντι
2587 1986 2688 2057 μὲν
2735 1987 3006 2053 συννοσεί,
3051 1985 3148 2036 καὶ
3177 1979 3526 2052 τεμνομένῳ
3569 1981 3741 2030 σαπῇ-κ

2176 2081 2335 2133 νᾶται
2356 2097 2369 2110 ·
2411 2080 2507 2133 καὶ
2536 2076 2906 2149 αἰσχυνομένη
2931 2074 3163 2147 ἐρυθρὸν
3199 2070 3348 2136 εἶδος
3378 2061 3661 2128 δείκνυσι,
3685 2090 3730 2120 2;

2177 2171 2486 2244 φοϐουμένη
2536 2169 2737 2241 ὠχρόν.
2770 2169 2940 2223 Οὐδὲν
2986 2169 3044 2221 δὲ
3096 2166 3402 2236 ἀσώματον
3459 2166 3737 2235 συμπάσῃ

2178 2265 2434 2336 σώματι.
2479 2263 2600 2317 οὐδὲ
2644 2263 2928 2333 ἀσωμάτῳ
2977 2261 3136 2331 σῶμα
3169 2277 3185 2294 ο
3242 2259 3586 2330 συμπάσχει
3643 2260 3690 2310 ἑὲ
3721 2280 3734 2290 ·

2174 2356 2322 2426 ψυχὴ
2357 2355 2436 2427 τῷ
2467 2354 2686 2425 σώματι
2714 2371 2727 2384 ·
2767 2355 2929 2424 σῶμα
2958 2354 3068 2424 ἀρα
3099 2351 3330 2424 ἡψυχὴ.
3368 2351 3542 2402 Ἐστι
3571 2351 3627 2403 δὲ
3646 2369 3736 2401 τετε

2179 2447 2450 2518 πρόληψιν
2478 2447 2804 2517 ἐγκείμενον
2835 2443 2898 2498 τὸ
2926 2444 3089 2513 λέγον
3123 2443 3351 2513 λῆμμα,
3416 2442 3603 2496 οὐδὲν
3641 2444 3736 2493 dt;-

2179 2552 2350 2604 ματον
2375 2534 2592 2605 σώματι
2625 2534 2948 2604 συμπάσχει
2981 2549 2996 2564 ο
3029 2533 3083 2586 τί
3109 2533 3220 2602 γάρ
3248 2533 3300 2584 ει
3330 2532 3483 2600 μόνῃ
3517 2534 3585 2601 τῇ

2174 2624 2335 2679 τοῦτο
2367 2625 2665 2696 πρόσεστις
2699 2625 2848 2696 Πλὴν
2895 2623 3014 2677 ἀλλ’
3063 2622 3519 2693 ἀμφιϐάλλεται,
3558 2622 3664 2673 εἴτε
3703 2639 3736 2671 :3

2176 2713 2338 2784 σῶμα
2364 2715 2527 2784 μόνον
2558 2714 2676 2768 ἐστὶ
2705 2714 2767 2768 τὸ
2794 2714 3001 2783 ἀλγοῦν
3049 2713 3215 2766 λαϐὸν
3255 2713 3420 2783 παρὰ
3459 2711 3567 2779 τῆς
3601 2713 3730 2779 ὲ-ιίές

2173 2802 2273 2870 τὴν
2309 2802 2596 2873 αἴσθησινο
2633 2802 2774 2874 αὕτη
2805 2803 2862 2857 δὲ
2891 2802 3046 2873 μένει
3073 2800 3294 2871 ἀπαθής
3329 2818 3345 2833 ο
3379 2801 3503 2852 εἶτε
3535 2803 3630 2852 καὶ
3653 2818 3730 2852 7..

2188 2893 2343 2962 αλγεί
2391 2895 2468 2964 τῷ
2521 2893 2764 2964 σώματι,
2814 2893 2907 2948 καὶ
2954 2896 3149 2966 κρατεῖ
3185 2891 3402 2963 μᾶλλον
3467 2894 3621 2963 παρὰ

2175 2985 2538 3056 ἑνδοξοτέροις
2567 2986 2629 3039 τὸ
2656 2987 2949 3057 πρότερον.

2244 3075 2529 3129 Δείκνυται
2557 3076 2616 3128 δὲ
2644 3075 2737 3131 καί
2763 3093 2886 3130 τινα
2913 3075 3183 3145 ἀσώματα
3214 3075 3631 3146 συμπάσχοντα
3655 3079 3727 3132 τιῖί

2175 3166 2432 3237 σώμασι·
2467 3168 2525 3220 αἱ
2596 3167 2887 3238 ποιότητες
2936 3167 3045 3238 γὰρ
3080 3165 3381 3236 ἀσώματοι
3423 3163 3614 3230 οὖσαι,
3657 3184 3726 3216 2::-

487 3276 668 3331 poreae
693 3263 824 3328 sint,
848 3262 1064 3332 quando
1105 3276 1335 3332 corpora
1379 3265 1682 3333 patiuntur,
1733 3266 1800 3320 iis
1839 3281 2061 3335 compa-

2176 3258 2406 3329 σχόντων
2451 3259 2560 3313 τῶν
2590 3257 2887 3329 σωμάτων,
2938 3258 3037 3312 καὶ
3067 3248 3230 3310 αὗται
3291 3258 3704 3328 συμπάσχοντες

489 3342 720 3418 tiuntur,
753 3362 808 3408 et
833 3354 883 3408 in
916 3353 1137 3409 interitu
1168 3365 1223 3410 et
1250 3356 1303 3410 in
1329 3367 1462 3412 natu
1485 3372 1610 3413 cum
1637 3371 1868 3427 corpore
1903 3356 2066 3412 simul

486 3453 784 3500 mutantur.
833 3443 1214 3502 Commutatur
1259 3447 1313 3501 in
1353 3449 1536 3503 anima
1582 3464 1756 3515 mens,
1811 3464 1933 3520 quae
1981 3457 2066 3505 est

485 3532 719 3604 qualitas
739 3533 823 3588 vel
851 3533 1101 3590 accidens
1134 3553 1149 3590 :
1190 3549 1296 3589 non
1344 3535 1491 3590 enim
1520 3536 1708 3590 anima
1748 3537 1804 3590 iu
1856 3545 2060 3602 mente,

485 3625 580 3680 sed
616 3639 770 3680 mens
817 3635 899 3680 est
932 3624 987 3680 in
1039 3627 1242 3693 anima,
1303 3627 1592 3697 siquidem,
1618 3629 1800 3682 anima
1827 3627 2063 3694 sublata,

484 3719 651 3771 etiam
686 3732 840 3772 mens
877 3717 1129 3774 tollitur:
1175 3718 1265 3774 ubi
1303 3721 1445 3774 enim
1488 3736 1593 3775 non
1633 3730 1718 3776 est
1772 3721 1974 3785 anima,
2011 3721 2063 3775 iu

485 3823 593 3876 quo
621 3810 725 3862 erit
756 3809 944 3864 mens?
972 3809 1150 3866 Mente
1189 3807 1382 3867 autem
1429 3812 1664 3878 sublata,
1695 3828 1801 3868 non
1837 3813 2064 3868 omnino

487 3899 695 3954 tollitur
732 3899 938 3955 anima.
963 3901 1227 3957 Nimirum
1260 3905 1442 3959 anima
1473 3913 1629 3961 extra
1671 3913 1904 3961 mentem
1945 3920 2066 3962 esse

485 3990 722 4045 videtur.

553 4185 750 4243 Anima
792 4185 956 4257 igitur
986 4193 1070 4242 est
1099 4185 1403 4242 substantia
1445 4196 1500 4245 et
1543 4188 1868 4260 subjectum,
1911 4207 2066 4249 mens

485 4294 618 4336 vero
645 4278 880 4348 qualitas
917 4287 973 4334 et
993 4278 1248 4336 accidens
1285 4297 1300 4334 :
1330 4281 1443 4350 jam
1487 4284 1742 4339 accidens
1773 4294 1879 4349 est,
1921 4286 2065 4355 quod

484 4372 606 4424 sine
635 4369 964 4424 detrimento
997 4368 1227 4438 subjecti
1257 4379 1312 4423 et
1333 4371 1487 4427 adest
1519 4381 1576 4426 et
1599 4373 1780 4441 abest;
1813 4377 2069 4430 substan-

487 4461 559 4516 tia
592 4469 772 4516 autem
798 4475 988 4516 eorum
1013 4475 1133 4530 qua:
1156 4461 1476 4530 simpliciter
1513 4472 1658 4530 sunt,
1689 4465 2064 4524 exsistentiam

484 4552 778 4622 signiﬁcat,
825 4554 930 4608 hoc
966 4561 1049 4608 est
1087 4553 1587 4622 quod.simpliciter
1635 4557 1767 4614 sint.
1804 4557 2065 4612 Dicuntur

483 4645 628 4698 enim
657 4657 781 4698 esse
801 4643 984 4698 omnia
1014 4658 1134 4714 quae
1157 4651 1303 4707 sunt,
1329 4644 1586 4699 nimirum
1612 4645 1808 4714 angeli,
1839 4648 2057 4713 auium,

483 4736 757 4802 animalia,
786 4736 1004 4806 plantae,
1040 4736 1264 4805 lapides.
1301 4730 1414 4790 Hoc
1443 4737 1607 4808 igitur
1643 4740 1896 4794 omnibus
1943 4755 2062 4808 qua:

483 4835 612 4882 sunt
647 4842 935 4884 commune
960 4837 1065 4884 est.
1103 4829 1432 4884 Substantize
1457 4845 1649 4886 nomen
1685 4831 1848 4901 igitur
1878 4834 1944 4887 ad
1972 4847 2062 4889 res

483 4928 750 4987 quatenus
773 4927 918 4984 sunt,
939 4921 1195 4990 pertinet;
1217 4930 1429 4975 naturae
1449 4931 1628 4977 autem
1655 4937 1850 4976 nomen
1871 4938 2056 4978 eorum

483 5023 603 5076 qua:
631 5007 952 5075 simpliciter
983 5017 1131 5074 sunt,
1165 5019 1368 5064 motum
1418 5011 1640 5068 indicat.
1683 5011 1876 5068 Omnia
1913 5015 2059 5068 enim

485 5100 688 5154 moveri
738 5100 1007 5167 videmus,
1048 5117 1148 5157 nec
1194 5116 1380 5158 eorum
1407 5119 1526 5172 quac
1556 5105 1696 5160 facta
1721 5113 1867 5174 sunt,
1901 5108 2062 5176 quid-

483 5203 646 5258 quam
683 5192 914 5247 estsine
945 5202 1114 5248 motu.
1156 5193 1527 5250 Substantiam
1578 5197 1742 5266 igitur
1790 5198 2061 5269 appellant

483 5294 672 5336 eorum
699 5298 818 5353 quae
861 5285 1180 5355 simpliciter
1208 5297 1335 5343 sunt
1381 5290 1773 5358 exsisteutiam,
1805 5301 2054 5350 naturam

486 5381 666 5426 autem
697 5385 884 5428 eorum
916 5389 1034 5444 quae
1053 5375 1372 5445 simpliciter
1399 5389 1546 5448 sunt,
1583 5391 1806 5437 motum.

555 5545 762 5606 Natura
788 5561 970 5606 autem
993 5561 1077 5608 est
1093 5553 1432 5624 quintuplex,
1456 5556 1714 5613 nimirum
1733 5559 2052 5630 spiritualis,

488 5651 580 5698 aut
624 5645 926 5713 rationalis,
983 5655 1078 5702 aut
1127 5649 1414 5716 sensualis,
1465 5659 1557 5704 aut
1585 5652 1921 5722 vegetabilis,
1963 5661 2058 5708 aut

2167 3348 2224 3400 ἐν
2260 3365 2321 3401 τε
2352 3351 2420 3419 τῇ
2454 3349 2637 3422 φθορᾷ
2661 3350 2757 3402 καὶ
2778 3352 2843 3420 τῇ
2877 3348 3096 3417 γενέσει
3135 3349 3642 3420 συναλλοιούμεναι

2167 3440 2404 3511 σώματι.
2451 3441 2792 3496 Ἀλλοιοῦται
2820 3441 2878 3496 δὲ
2917 3443 2975 3494 ὲν
3014 3442 3166 3526 ψυχῇ
3191 3443 3500 3515 φρόνησις,
3554 3445 3721 3509 ποεὸτζς

2166 3527 2323 3598 οὖσα,
2351 3531 2387 3603 ἢ
2419 3533 2770 3604 συμϐεϐηκός
2799 3549 2814 3564 ο
2853 3534 2915 3586 οὐ
2958 3534 3068 3606 γάρ
3116 3536 3270 3588 ἐστιν
3328 3537 3370 3605 ἡ
3403 3535 3559 3606 duxi]
3593 3537 3644 3587 ἐν

2167 3623 2453 3694 φρονήσειν
2511 3622 2628 3678 ἀλλ’
2666 3623 2700 3693 ἡ
2750 3624 3019 3696 φρόνησις
3056 3623 3116 3676 ὲν
3169 3626 3238 3694 τῇ
3271 3623 3471 3695 ψυχῇ·
3530 3625 3624 3693 τῆς

2165 3713 2275 3782 γὰρ
2296 3713 2476 3784 ψυχῆς
2494 3715 2928 3786 ἀναιρουμένης,
2947 3715 3264 3786 ἀναιρεῖται
3289 3716 3397 3768 καὶ
3417 3717 3453 3785 ἡ
3481 3716 3717 3786 φρύγες-,ς’

2170 3805 2246 3875 μὴ
2288 3805 2456 3875 οὔσης
2503 3787 2619 3878 γὰρ’
2645 3806 2850 3878 ψυχῆς,
2901 3807 2960 3860 ἐν
3007 3799 3115 3860 τίνι
3163 3805 3324 3858 ἔσται
3364 3807 3403 3876 ἡ
3472 3809 3714 3877 φρόνῳῳ

2166 3899 2486 3970 Φρονήσεως
2512 3898 2571 3952 δὲ
2601 3899 3033 3970 ἀναιρουμένης,
3066 3899 3127 3952 οὐ
3177 3899 3416 3961 πάντως
3451 3901 3714 3968 ἀναιρεῖτε

2166 3991 2201 4061 ἡ
2233 3989 2376 4061 ψυχή
2404 4005 2418 4019 ·
2453 3990 2729 4061 ἐνδέχεται
2774 3991 2884 4060 γὰρ
2914 3986 3056 4045 εἶναι
3097 3990 3282 4060 ψυχὴν
3339 3991 3518 4054 ἐκτὸς
3553 4008 3708 4061 99w:-

2169 4095 2331 4142 σεως.

2243 4189 2400 4243 Ἔστι
2433 4189 2533 4260 μὲν
2555 4190 2648 4245 οὖν
2686 4192 2719 4262 ἡ
2755 4191 2855 4264 μὲν
2905 4191 3074 4264 ψυχὴ,
3106 4192 3270 4248 οὐσία
3311 4196 3417 4248 καὶ
3466 4196 3715 4262 amem.

2168 4297 2257 4334 νον
2277 4297 2290 4310 ⁸
2325 4283 2357 4351 ἡ
2391 4281 2450 4333 δὲ
2483 4282 2772 4352 φρόνησις,
2809 4283 3035 4354 ποιότης
3066 4283 3162 4336 καὶ
3189 4285 3595 4356 συμϐεϐηκός·
3625 4305 3714 4352 πμ·

2167 4371 2404 4442 ϐεϐηκὸς
2445 4371 2503 4424 δέ
2553 4373 2726 4437 ἐστιν,
2759 4373 2787 4426 ὃ
2820 4373 3033 4442 γίνεται
3072 4375 3165 4428 καὶ
3213 4377 3557 4444 ἀπογίνεται
3593 4387 3711 4447 Iug:

2167 4466 2267 4534 τῆς
2295 4464 2390 4518 τοῦ
2425 4466 2796 4535 ὑποκειμένου
2836 4467 3080 4538 φθορᾶς·
3119 4468 3181 4520 τὸ
3226 4469 3368 4536 γοῦν
3423 4470 3531 4539 τῆς
3576 4473 3710 4528 cis-3:;

2168 4558 2338 4627 ὄνομα
2373 4559 2713 4628 σημαντικὸν
2752 4560 2992 4630 ὑπάρχει
3043 4561 3144 4630 τῆς
3198 4561 3399 4624 ἀπλῶς
3451 4565 3562 4615 τῶν
3591 4563 3705 4613 ὄντες

2169 4647 2458 4718 ὑπάρξεως
2494 4663 2508 4676 ·
2540 4647 2821 4701 τουτέστιν
2862 4648 2959 4702 τοῦ
2995 4650 3164 4703 αὐτοῦ
3199 4650 3295 4703 τοῦ
3345 4651 3551 4715 ἁπλῶς
3596 4650 3706 4705 εἴτε.

2167 4739 2428 4806 Λέγονται
2473 4739 2580 4810 γὰρ
2611 4736 2752 4793 εἶναι
2786 4741 2967 4794 πάντα
2999 4742 3068 4794 τὰ
3110 4741 3261 4807 ὄντα,
3296 4743 3480 4813 ἤγουν
3519 4746 3704 4812 ἀγγεὶει.

2167 4830 2262 4881 καὶ
2292 4829 2484 4899 ψυχαὶ,
2515 4832 2611 4884 καὶ
2653 4831 2790 4898 ζῶα,
2843 4831 2940 4884 καὶ
2974 4832 3139 4900 φυτὰ,
3183 4833 3282 4885 καὶ
3328 4833 3507 4888 λίθοι.
3557 4835 3703 4889 Τοὲτε.

2166 4919 2260 4975 οὖν
2290 4923 2484 4986 κοινῶς
2514 4923 2698 4976 πάντα
2730 4923 2800 4976 τὰ
2823 4923 2953 4977 ὄντα
2985 4923 3224 4993 μετέχει.
3256 4925 3614 4994 Σημαντικον
3637 4927 3704 4992 ἄρα

2167 5014 2284 5067 ἐστὶ
2331 5014 2427 5067 τοῦ
2473 5011 2613 5068 εἶναι
2652 5015 2716 5068 τὸ
2767 5019 2868 5085 τῆς
2905 5015 3102 5078 οὐσίας
3166 5015 3386 5085 ὄνομαο
3447 5019 3513 5072 τὸ
3554 5020 3604 5071 δὲ
3643 5019 3704 5082 ἐς

2166 5106 2384 5176 φύσεως
2409 5108 2578 5178 δνομα
2609 5109 2913 5178 δηλωτικὸν
2941 5109 3204 5180 τυγχάνει
3232 5110 3338 5180 τῆς
3395 5112 3589 5174 ἁπλῶς
3632 5112 3700 5162 τέ,

2166 5198 2338 5252 ὄντων
2372 5201 2662 5270 κινήσεως.
2700 5201 2883 5254 Πάντα
2909 5200 3020 5271 γὰρ
3054 5203 3114 5253 ἐν
3148 5201 3368 5270 κινήσει
3400 5205 3615 5274 ὁρᾶται,
3642 5203 3701 5253 ιεὶ

2165 5291 2318 5344 οὐδέν
2353 5293 2504 5345 ἐστιν
2538 5293 2795 5363 ἀκίνητον
2847 5293 2957 5346 τῶν
3005 5292 3334 5360 γεγονότων.
3397 5296 3600 5349 Οὐσίαν
3641 5289 3699 5345 εἶτ

2166 5383 2391 5438 καλοῦσι
2437 5385 2538 5456 τὴν
2573 5385 2762 5449 ἁπλῶς
2800 5385 2910 5439 τῶν
2958 5385 3130 5439 ὄντων
3178 5385 3446 5457 ὕπαρξιν,
3504 5387 3696 5458 οὖσινέ

2165 5475 2334 5547 αὐτὴν
2357 5477 2458 5549 τὴν
2491 5478 2679 5542 ἁπλῶς
2712 5479 2822 5533 τῶν
2847 5478 3022 5533 δντων
3051 5477 3290 5548 κίνησιν.

2237 5569 2616 5640 Πεντάτροπος
2647 5569 2704 5622 δὲ
2732 5569 2870 5640 αὕτη
2901 5568 2971 5639 ’ἢ
3008 5568 3118 5638 γὰρ
3163 5568 3332 5639 νοερά
3393 5569 3691 5639 τυγχάνειά

2164 5658 2379 5732 λογικὴ,
2432 5658 2816 5732 ἣαῐσοητικὴ,
2871 5659 2903 5729 ἢ
2973 5661 3196 5730 φυτικὴ,
3243 5659 3276 5729 ἢ
3334 5659 3561 5732 ἄψυχος.
3621 5663 3694 5714 K2“:

557 5820 605 5854 “
637 5821 810 5877 διαστ.
839 5823 979 5878 ὥστε
1009 5823 1130 5880 οὔτε
1169 5824 1324 5897 σῶμα
1359 5826 1504 5882 ἐστὶν
1533 5827 1565 5897 ἡ
1591 5827 1737 5902 ψυχὴ
1759 5828 1882 5886 οὔτε
1914 5835 2074 5908 τρεχῆ
2105 5834 2365 5908 rimatur,
2397 5836 2454 5892 P.
2535 5839 2576 5870 ⁵⁷
2628 5836 2821 5910 ὀδύνης
2861 5837 3126 5910 ἐμπαθῶς
3161 5839 3277 5910 δεχ.
3324 5838 3382 5893 Ρ.
