3812 6386
12 399 204 458 i305

1306 393 1395 449 DE
1427 392 1717 451 NATURA
1757 394 2062 453 HOMINIS.

3189 405 3331 464 1506

11 517 222 587 νοερὰ
248 515 368 585 μὲν,
395 513 472 575 ὡς
496 509 589 564 ἐπὶ
616 509 730 563 τῶν
755 509 1027 578 ἀγγέλων,
1064 477 1123 577 ξε
1154 509 1334 563 αὐτῶν
1361 510 1470 563 τῶν
1519 527 1629 580 νοη·

1769 512 2062 567 nanimata.
2102 512 2414 583 Spiritualis
2437 523 2520 569 est
2545 511 2692 568 verbi
2717 528 2881 570 causa
2914 515 2969 570 iu
2993 517 3197 586 angelis
3227 519 3321 587 qui

11 607 250 660 ιὰτων
283 604 540 675 ἀλλήλοις
575 601 1005 672 συγγινομὲνων.
1037 601 1247 672 Λογικὴ
1273 601 1351 665 δὲ,
1408 601 1482 664 ὡς
1543 602 1640 654 ἐπὶ

9 697 162 750 ῖῶν
191 696 520 768 ἀνθρώπων,
544 693 610 747 δι’
629 693 913 763 ὀνομάτων
941 693 1036 746 καὶ
1059 692 1324 763 ῥημάτων
1347 693 1415 746 τὰ
1458 693 1641 761 ἁφανῆ

9 787 350 858 τῆςψυχῆς
381 787 661 858 κινήματα
690 784 829 855 πρὸς
859 784 986 846 τοὺς
1012 783 1169 845 ὲκτδς
1214 783 1639 853 δημοσιεύουσα.

9 878 366 950 ὶὶαθητικὴ
397 878 478 940 δὲ,
511 878 544 945 ἡ
575 878 633 928 ὲν
677 878 792 938 τοῖς
827 875 1045 943 ἀλόγοις
1076 873 1432 945 θεωρουμένη
1452 892 1468 908 ·
1505 875 1643 943 προς

9 970 160 1043 γὰρ
196 973 268 1042 τῇ
295 970 588 1039 θρεπικῇ,
631 967 727 1021 καὶ
759 966 1050 1036 αὑξητικῇ,
1092 966 1187 1019 καὶ
1227 969 1524 1036 γεννητικῇ
1548 966 1642 1019 δυ-

9 1061 247 1130 ιάμει,
283 1059 377 1113 καὶ
407 1057 506 1129 τὴν
529 1055 859 1127 αἰσθητικὴν
894 1055 1254 1125 κέκτηταιτά
1279 1055 1452 1122 ἄλογα
1502 1055 1640 1120 ζῶα.

9 1152 265 1221 δυτικὴ
299 1151 403 1220 δὲή
435 1151 494 1202 ἐν
524 1152 638 1212 τοῖς
670 1150 862 1216 φυτοῖς
889 1164 902 1177 ·
932 1134 1212 1200 κινοῦνται
1244 1145 1354 1216 γὰρ
1384 1146 1477 1198 καὶ
1501 1145 1645 1198 αὐτὰ

7 1243 203 1298 κατὰ
251 1242 351 1305 τὰς
403 1241 575 1302 αὑτάς
634 1240 918 1308 δυνάμεις.
968 1236 1189 1307 Ἀψυχα
1236 1237 1313 1301 δὲ,
1358 1236 1496 1290 καθὸ
1547 1238 1644 1290 καὶ

7 1338 198 1391 αὐτὰ
265 1333 543 1388 κινοῦνται
599 1330 742 1384 κατά
781 1329 843 1382 τὸ
899 1328 1054 1381 ποιὸν
1091 1329 1187 1382 καὶ
1237 1328 1298 1380 τὸ
1337 1327 1442 1381 ποῦ
1475 1343 1489 1358 ο
1549 1327 1645 1381 καὶ

7 1427 200 1481 κατὰ
231 1425 294 1480 τὸ
324 1424 479 1478 ποιὸν
522 1423 642 1493 μὲν,
675 1421 818 1476 κατά
857 1421 920 1474 τὸ
966 1420 1360 1491 θερμαίνεσθαι
1393 1421 1490 1473 καὶ
1542 1420 1645 1490 ψῦ-

7 1517 296 1589 χεσθαιο
340 1513 482 1567 κατά
513 1513 575 1565 τὸ
609 1511 713 1564 ποῦ
745 1510 825 1575 δὲ,
883 1510 1029 1562 κατὰ
1089 1510 1188 1579 τὴν
1233 1511 1298 1562 ὲκ
1331 1510 1503 1562 τόπου
1565 1511 1645 1572 είς

7 1607 225 1660 τόπον
285 1604 664 1675 ὲτεροκίνητον
720 1600 1136 1671 μετάστασινθδ.
1212 1600 1520 1669 Ὀρίζονται
1586 1599 1644 1653 δὲ

6 1701 152 1770 τὴν
189 1699 292 1769 μὲν
329 1696 541 1758 οὐσίαν,
570 1695 806 1764 πρᾶγμα
839 1693 1226 1765 αῦθύπαρκτον
1257 1693 1333 1764 μὴ
1387 1693 1642 1764 δεόμενον

7 1790 254 1862 ἐτέρου
291 1789 428 1860 πρὸς
489 1787 793 1840 σύστασιν·
836 1785 937 1856 τὴν
985 1785 1148 1854 φύσιν
1196 1785 1275 1847 δὲ,
1319 1784 1491 1855 ἀρχὴν
1542 1784 1645 1854 τῆς

8 1884 299 1938 ἑκάστου
325 1881 434 1935 τῶν
455 1881 626 1935 ὄντων
662 1879 930 1948 κινήσεως
959 1879 1058 1931 καὶ
1072 1876 1330 1948 ἠρεμίας.

116 2061 366 2130 Λέγεται
387 2059 444 2112 δὲ
474 2057 637 2128 φύσις
670 2056 821 2128 παρά
854 2056 915 2109 τὸ
943 2055 1282 2122 πεφυκέναι·
1317 2055 1350 2125 ἡ
1386 2053 1443 2106 δὲ
1485 2053 1644 2106 οὐσία

19 2153 217 2223 παρὰ
260 2151 320 2205 τὸ
362 2146 539 2204 εῖναιο
571 2148 634 2202 τδ
667 2148 726 2201 δὲ
769 2143 911 2201 εἶναι
966 2148 1059 2201 καὶ
1094 2145 1400 2214 πεφυκέναι
1449 2147 1646 2198 ταύτόν

21 2248 236 2300 ἔστιν.
283 2244 349 2296 Ἦ
398 2242 455 2295 δὲ
499 2241 799 2304 ὑπόστασις
837 2240 899 2293 οὐ
962 2239 1124 2309 μόνον
1191 2239 1253 2291 τὸ
1295 2235 1437 2292 εἶναι
1475 2239 1647 2309 δηλοῖ,

23 2337 200 2392 ἀλλᾶ
228 2339 324 2389 καὶ
347 2334 406 2388 τὸ
433 2334 551 2397 πῶς
583 2332 719 2404 ἔχει,
749 2333 844 2386 καὶ
879 2331 938 2384 τὸ
970 2331 1154 2384 ὁποῖόν
1209 2348 1262 2383 τι
1324 2327 1470 2384 εἶναι
1503 2348 1650 2400 παρ·

31 2431 281 2498 ιστησιν
303 2445 318 2460 θ
337 2421 472 2491 οἷον,
505 2425 638 2497 ὁμοῦ
662 2426 865 2488 πάντες
894 2426 945 2477 oi
967 2424 1246 2495 ἄνθρωποι
1266 2424 1445 2478 κοινὸν
1465 2424 1650 2495 έχουσι

25 2520 114 2574 τὸ
153 2515 299 2572 εἶναι
329 2535 343 2549 ·
375 2517 473 2572 καλ⁸
501 2517 612 2587 γὰρ
639 2516 906 2580 ὡσαύτως
937 2516 1141 2579 πάντες
1180 2515 1386 2586 ζῶμεν,
1435 2517 1530 2569 καὶ
1565 2535 1653 2570 κι⁹

29 2611 330 2681 νούμεθα,
373 2611 469 2662 καὶ
527 2609 732 2678 ἐσμένο
768 2607 881 2679 ἔχει
928 2608 984 2660 δὲ
1039 2608 1273 2670 ἕκαστος
1328 2608 1487 2678 ὴμῶν
1541 2608 1651 2663 ῐδιά

29 2719 210 2767 τινα,
266 2695 346 2765 οἷς
380 2701 492 2753 τῶν
526 2699 703 2754 ἄλλων
757 2699 1061 2771 ἀνθρώπων
1119 2699 1448 2771 χωρίζεται·
1501 2695 1649 2766 οἷον,

36 2795 328 2863 πατρίδα,
347 2794 529 2862 γένος,
551 2793 768 2863 κλῆσιν,
801 2792 1168 2863 ἐπιτήδευμα,
1200 2793 1450 2864 πράξεις,
1475 2794 1646 2864 πάθη,

39 2886 392 2957 εὐείδειανῆ
426 2885 749 2951 δυσείδειαν,
781 2884 878 2938 καὶ
915 2884 988 2937 τά
1018 2883 1268 2950 τοιαῦτα,
1302 2883 1338 2938 ἄ
1384 2886 1478 2938 καὶ
1513 2902 1652 2955 συμ-

41 2978 347 3050 ϐεϐηκότα
375 2977 671 3048 καλοῦμεν.
729 2975 918 3030 Ταῦτα
960 2976 1055 3030 οῦν
1095 2975 1334 3043 ἅπαντα,
1387 2978 1517 3049 περὶ
1550 2977 1650 3049 τὴν

41 3071 373 3125 ὑπόστασιν
402 3068 761 3142 θεωροῦνται,
811 3070 905 3122 καὶ
933 3069 994 3121 τὸ
1041 3069 1174 3122 αὐτὸ
1203 3070 1477 3141 πράγμαο
1512 3065 1648 3137 οἷον,

44 3159 356 3222 Μελέτιος,
381 3160 511 3212 ὃταν
544 3157 606 3210 τὸ
633 3153 768 3210 εἶναι
801 3157 968 3210 αὑτοῦ
1005 3156 1166 3227 μόνον
1195 3161 1491 3229 σκοπῆται,
1527 3161 1650 3214 τότε

1747 601 1860 657 sola
1893 605 2221 672 cogitatione
2256 605 2360 659 sibi
2395 605 2626 661 invicem
2657 617 3091 662 conversantur.
3137 609 3329 665 Ratio-

1748 692 1891 747 nalis
1919 701 2007 747 est
2057 692 2111 747 in
2150 693 2482 759 hominibus,
2521 695 2614 763 qui
2645 709 2742 763 per
2777 696 2994 750 nomina
3053 706 3108 752 et
3165 699 3332 754 verba

1747 783 2048 838 invisibiles
2089 784 2284 838 anima:
2334 793 2515 839 motus
2564 783 2689 839 aliis
2729 787 3158 844 communicant.
3195 787 3333 843 Sen-

1745 872 1912 927 sualis
1939 883 2163 944 apparet
2198 874 2250 928 in
2278 875 2452 928 brutis
2481 891 2494 928 :
2537 890 2662 929 nam
2693 886 2894 944 praeter
2930 876 3246 933 facultatem
3273 893 3333 934 se

1746 964 2042 1030 nutriendi,
2080 963 2314 1034 augendi
2368 973 2424 1019 et
2473 965 2822 1035 procreandi,
2851 966 3017 1021 etiam
3053 968 3326 1023 sentiendi

1744 1056 2056 1111 facultatem
2081 1057 2283 1112 habent
2310 1057 2564 1112 animalia
2606 1057 2788 1113 bruta.
2812 1057 3142 1127 Vegetabilis
3161 1073 3248 1116 est
3277 1061 3330 1130 ip

1745 1147 1945 1218 plantis
1961 1166 1975 1202 :
1991 1158 2276 1204 moventur
2295 1151 2436 1204 enim
2455 1151 2538 1204 hae
2553 1163 2769 1220 quoque
2791 1152 3090 1206 secundum
3111 1153 3330 1208 easdem

1744 1238 2049 1296 facultates.
2101 1241 2341 1311 Denique
2391 1241 2689 1296 inanimata
2718 1279 2737 1306 ,
2783 1251 3055 1312 quatenus
3103 1253 3158 1298 et
3209 1243 3328 1313 ipsa

1745 1343 2032 1388 moventur
2087 1334 2384 1389 secundum
2425 1333 2744 1404 qualitatem
2795 1343 2852 1390 et
2889 1335 3191 1390 secundum
3247 1337 3329 1392 lo-

1744 1438 1868 1478 cum
1905 1441 1920 1477 :
1959 1424 2256 1479 secundum
2288 1425 2633 1494 qualitatem,
2676 1435 2948 1495 quatenus
2986 1426 3243 1482 calefiunt
3274 1437 3330 1484 et

1748 1515 2172 1584 refrigerantur;
2203 1519 2502 1570 secundum
2537 1516 2715 1570 locum
2748 1525 2931 1570 autem
2957 1527 3229 1585 quatenus
3263 1533 3329 1573 ex

1745 1605 1863 1659 loco
1888 1606 1940 1659 in
1963 1605 2142 1660 locum
2170 1605 2598 1665 transferuntur.
2635 1605 3010 1662 Substantiam
3043 1609 3210 1680 igitur
3233 1612 3331 1666 de-

1748 1697 1941 1752 finiunt
1972 1712 2092 1754 esse
2122 1713 2234 1754 rem
2259 1714 2358 1770 per
2395 1714 2455 1754 se
2493 1700 2911 1765 subsistentem,
2939 1716 3059 1770 quae
3101 1717 3209 1758 non
3249 1705 3332 1758 iu-

1748 1790 1924 1858 digeat
1953 1789 2061 1844 alio
2094 1791 2160 1844 ad
2202 1791 2616 1858 exsistentiam;
2665 1801 2916 1846 naturam
2984 1801 3164 1848 autem
3208 1810 3332 1849 esse

1679 1876 1722 1932 Β
1747 1882 2074 1952 principium
2121 1884 2376 1940 motionis
2405 1892 2460 1940 et
2485 1883 2879 1938 immobilitatis
2915 1886 3157 1940 omnium
3212 1901 3334 1956 qua:

1752 1974 2047 2028 exsistunt.

1821 2063 2022 2119 Natura
2054 2080 2084 2120 a
2112 2066 2406 2129 nascendo,
2438 2067 2788 2122 subsistentia
2823 2066 3109 2138 (essentia)
3145 2083 3175 2122 a
3203 2068 3334 2124 sub-

1751 2156 1996 2212 sistendo
2046 2157 2340 2212 derivatur.
2374 2158 2740 2214 Subsistentia
2784 2167 2965 2213 autem
3022 2175 3128 2214 non
3159 2159 3331 2215 solum

1752 2249 1894 2316 quod
1924 2247 2125 2316 aliquid
2174 2249 2265 2314 sit,
2302 2250 2527 2314 indicat,
2581 2250 2677 2304 sed
2731 2249 2898 2304 etiam
2954 2252 3226 2320 quomodo
3277 2259 3334 2304 et

1752 2341 1910 2408 quale
1951 2339 2026 2394 sit
2056 2357 2070 2392 :
2099 2341 2247 2394 verbi
2281 2342 2479 2410 gratia,
2513 2355 2704 2396 omnes
2755 2342 3004 2396 homines
3033 2355 3327 2397 commune

1753 2430 1956 2484 habent
1979 2431 2124 2499 quod
2159 2430 2270 2486 sint
2301 2448 2315 2484 :
2363 2433 2565 2486 etenim
2601 2432 2789 2485 eodem
2825 2432 2985 2486 modo
3031 2447 3221 2486 omnes
3247 2433 3333 2486 vi-

1753 2521 1953 2584 vimus,
1984 2529 2037 2576 et
2066 2537 2367 2586 movemur,
2403 2533 2456 2576 et
2478 2537 2667 2576 sumus
2699 2537 2713 2575 :
2751 2522 2913 2576 habet
2937 2533 3121 2576 autem
3164 2537 3336 2576 unus-

1753 2607 1981 2676 quisque
2013 2617 2256 2662 nostrum
2290 2609 2504 2677 propria
2538 2611 2818 2678 quaedam,
2846 2610 3049 2680 quibus
3103 2611 3172 2665 ab
3210 2612 3334 2666 aliis

1754 2697 2062 2752 hominibus
2105 2698 2478 2768 distinguitur,
2521 2700 2752 2769 exempli
2804 2716 3008 2766 causa,
3053 2703 3330 2772 patriam,

1751 2805 1942 2860 genus,
1973 2805 2191 2857 nomen,
2228 2791 2489 2855 studium,
2524 2793 2787 2856 actiones,
2815 2793 3062 2857 affectus,
3091 2794 3331 2860 pulchri-

1755 2882 1994 2936 tudinem
2027 2891 2119 2934 aut
2161 2881 2586 2946 deformitatem,
2637 2893 2689 2938 et
2741 2883 3005 2952 ejusmodi
3061 2884 3171 2938 alia
3215 2901 3335 2953 qua:

1753 2971 2052 3025 accidentia
2080 2986 2358 3026 vocamus.
2387 2971 2508 3026 Haec
2533 2972 2700 3043 igitur
2727 2972 2906 3027 omnia
2931 2973 3094 3026 simul
3127 2974 3180 3027 in
3213 2975 3338 3030 sub-

1753 3064 2003 3118 sistentia
2031 3065 2446 3119 considerantur
2471 3082 2485 3118 :
2507 3065 2590 3121 sic
2615 3064 2885 3129 bleletius,
2912 3065 3131 3136 quando
3158 3066 3334 3120 solum

1755 3157 1820 3210 de
1851 3171 1915 3210 eo
1947 3157 2088 3227 quod
2113 3156 2204 3222 sit,
2257 3158 2454 3226 agitur,
2499 3157 2806 3212 substantia
2835 3157 3074 3225 dicitur;
3111 3159 3330 3228 quando

45 3253 230 3307 οὐσία
258 3252 481 3322 λέγεται
517 3267 533 3283 ·
569 3251 699 3304 ὅταν
726 3250 868 3320 μετά
909 3225 1021 3304 τῶν
1057 3225 1500 3322 προλεγομένων,
1529 3252 1629 3306 τότε

1766 3263 1884 3302 vero
1921 3262 2045 3302 eum
2086 3248 2248 3303 modo
2294 3249 2610 3304 memoratis
2653 3250 2718 3304 de
2774 3263 2838 3304 eo
2888 3249 3172 3326 queritur,
3207 3258 3336 3306 tunc

49 3351 168 3404 καὶ
191 3347 512 3412 ὑπόστασις,
543 3346 576 3415 ἢ
609 3348 836 3417 ἄτομον.
872 3344 946 3399 Τὸ
979 3341 1074 3399 οῦν
1107 3346 1241 3399 αὐτὸ
1282 3347 1652 3417 ὑποκείμενον

49 3445 167 3500 καὶ
181 3443 498 3506 οὐσίαὲστὶ,
525 3441 622 3495 καὶ
649 3440 949 3504 ὑπόστασις
977 3456 992 3470 ο
1027 3438 1087 3492 τὸ
1118 3437 1305 3509 μέντοι
1327 3440 1430 3506 τῆς
1461 3437 1653 3501 οὐσίας

50 3539 247 3606 ὄνομα
266 3535 326 3589 οὐ
357 3531 892 3606 συμπαραλαμϐάνει
937 3530 1034 3584 καὶ
1072 3530 1168 3600 τὴν
1203 3529 1508 3583 ὑπόστασιν
1543 3545 1558 3562 '
1593 3529 1656 3582 τὸ

51 3627 128 3682 δὲ
155 3629 259 3697 τῆς
289 3625 643 3688 ὑποστάσεως
681 3623 860 3678 πάντα
883 3621 1108 3692 ἔχεικαὶ
1139 3624 1240 3692 τὴν
1268 3619 1482 3674 οὐσίαν.

158 3800 467 3872 Ὀρίζονται
489 3793 584 3852 οῦν
611 3799 714 3869 τὴν
759 3797 1060 3851 ὑπόστασιν
1095 3795 1270 3859 οὕτως
1291 3812 1304 3825 ·
1355 3794 1656 3857 ὑπόστασίς

59 3895 197 3948 ἔστι
227 3893 466 3963 πρᾶγμα
489 3889 740 3960 ὑφεστὼς
762 3907 822 3942 τε
854 3891 948 3942 καλ⁸
981 3887 1262 3953 οὐσιῶδες,
1296 3888 1353 3939 ὲν
1460 3885 1524 3938 τὸ
1546 3884 1655 3938 τῶν

64 4003 143 4039 συ
153 3983 508 4055 μσεσηκότων
524 3981 799 4052 ἄθροισμα
823 3981 898 4043 ὼς
916 3981 974 4032 ὲν
997 3980 1346 4047 ὑποκειμένῳ
1367 3979 1657 4050 πράγματι

65 4077 174 4131 καὶ⁸
227 4075 482 4146 ἐνεργείᾳ
520 4073 816 4144 ὑφέστηκε.
873 4071 1286 4141 Παραπλησίως
1331 4071 1387 4124 δὲ
1453 4071 1547 4124 καὶ
1596 4069 1659 4124 τὸ

63 4169 282 4236 ἄτομον
301 4181 314 4195 ·
347 4165 586 4234 Ἀτομόν
608 4165 748 4227 ἔστι,
765 4163 1037 4232 λέγοντες,
1067 4163 1127 4216 τὸ
1148 4163 1206 4227 ἐξ
1227 4162 1506 4232 ίδιοτὴτων
1531 4179 1660 4230 συγ-

67 4257 356 4326 κείμενον,
390 4249 465 4308 ὧν
494 4256 553 4308 τὸ
579 4254 854 4325 ἄθροισμα
887 4253 973 4307 ἐπ’
1005 4253 1218 4316 οὐδενὸς
1279 4253 1444 4307 ἄλλου
1500 4255 1658 4323 εὑρε-

69 4350 334 4422 θήσεται.
368 4350 479 4402 Καὶ
502 4348 686 4410 καλῶς
719 4348 938 4418 εἴρηται
967 4346 1025 4398 τὸ
1065 4346 1152 4398 ἐπ’
1186 4345 1400 4408 οὐδενὸς
1446 4345 1608 4398 ἄλλου
1641 4359 1655 4373 ·

71 4441 136 4492 αι
184 4439 296 4509 γὰρ
333 4440 599 4508 ἰδιότητες
645 4438 910 4490 Μελετίου
947 4436 1152 4504 ἀτόμου
1182 4434 1335 4496 ὄντος
1379 4435 1471 4487 ἐπί
1515 4450 1660 4496 τινος

70 4531 246 4587 ἄλλου
273 4530 514 4582 νοεῖσθαι
555 4529 616 4580 οὑ
657 4529 949 4582 δύνανται·
1000 4521 1111 4578 οἷον
1156 4523 1216 4578 τὸ
1272 4521 1414 4578 εῖναι
1450 4522 1661 4587 Βυζαν-

1755 3340 2111 3394 subsistentia
2142 3340 2223 3394 vel
2243 3339 2581 3394 individuum
2606 3340 2933 3409 appellatur.
2959 3339 3147 3410 itaque
3168 3357 3334 3395 unum

1757 3432 2009 3501 idemque
2041 3443 2125 3486 est
2175 3431 2515 3500 subjectum,
2565 3441 2620 3486 et
2688 3433 3012 3497 substantia,
3055 3439 3108 3487 et
3155 3433 3339 3487 subsi-

1755 3522 1952 3576 stentia
1991 3530 2269 3577 :attamen
2292 3522 2610 3576 substantia:
2661 3523 2807 3576 notio
2835 3536 2940 3575 non
2966 3520 3126 3575 simul
3166 3521 3339 3576 subsi-

1756 3614 2009 3668 stentiam
2030 3613 2410 3682 complectitur
2427 3630 2442 3676 ;
2459 3613 2826 3669 subsistentia“:
2842 3615 2989 3668 notio
3011 3622 3189 3668 autem
3214 3627 3337 3668 om-

1759 3705 1846 3758 nia
1879 3704 2142 3768 continet,
2181 3699 2344 3759 etiam
2381 3703 2759 3758 substantiam.

1833 3796 2108 3851 Definiunt
2153 3796 2314 3864 igitur
2347 3796 2763 3852 subsistentiam
2807 3796 2889 3851 sic
2927 3814 2941 3850 ε
2975 3795 3336 3851 Subsistentia

1759 3895 1844 3942 est
1869 3886 2072 3956 aliquid
2099 3887 2402 3942 subsistens
2429 3897 2484 3941 et
2508 3887 2951 3952 substantiatum,
2972 3887 3026 3942 in
3048 3902 3154 3957 quo
3187 3887 3336 3943 acci-

1759 3979 2000 4035 dentium
2027 3979 2340 4048 complexus
2369 3978 2514 4031 velut
2543 3978 2594 4032 in
2633 3978 2879 4047 subjecto
2906 3979 3087 4048 aliquo
3129 3989 3183 4034 et
3215 3989 3337 4032 actu

1760 4071 2029 4126 subsistit.
2059 4069 2126 4124 Et
2157 4071 2320 4126 simili
2351 4072 2511 4125 modo
2534 4071 2895 4126 individuum.
2923 4072 3116 4126 Dicunt
3148 4072 3292 4126 enim
3321 4089 3334 4126 :

1761 4163 2103 4218 individuum
2151 4174 2235 4218 est
2281 4163 2643 4233 compositum
2680 4164 2810 4232 quid
2866 4178 2897 4218 e
2942 4164 3336 4234 qualitatibus,

1761 4270 1990 4322 quarum
2021 4253 2410 4322 complexusin
2440 4251 2592 4305 nullo
2615 4252 2721 4306 alio
2750 4253 3078 4306 inveniatur.
3105 4253 3181 4306 Ac
3205 4251 3342 4307 bene

1761 4347 1976 4414 quidem
2034 4345 2240 4404 dicunt.
2294 4345 2345 4398 in
2374 4343 2520 4396 nullo
2555 4343 2685 4406 alio,
2747 4343 3013 4414 siquidem
3049 4343 3343 4411 qualitates

1762 4438 1980 4500 Meletii,
2016 4448 2284 4506 quatenus
2319 4445 2404 4492 est
2452 4437 2805 4501 individuum,
2851 4437 2904 4490 in
2942 4435 3087 4489 nullo
3112 4435 3219 4490 alio
3249 4451 3344 4491 co-

1763 4528 1923 4600 gitari
1955 4537 2200 4597 possunt,
2250 4527 2398 4581 verbi
2457 4527 2662 4596 gratia,
2705 4527 2848 4594 quod
2886 4525 3214 4594 Byzantinus
3249 4526 3342 4590 sit,

72 4624 282 4684 τιατον,
315 4621 378 4674 τὸ
413 4621 617 4691 ἰατρὸν,
655 4620 715 4672 τὸ
737 4618 943 4682 κονδὸν,
980 4616 1040 4670 τὸ
1070 4616 1334 4684 γλαυκὸν,
1378 4615 1441 4668 τὸ
1479 4614 1629 4682 σιμὸν

1768 4621 1910 4690 quod
1953 4619 2220 4683 medicus,
2252 4617 2394 4687 quod
2429 4617 2645 4681 etesius,
2680 4621 2822 4686 quod
2853 4615 3046 4675 simus.
3077 4615 3218 4681 quod
3250 4628 3346 4683 po-

71 4714 143 4766 τὸ
164 4711 450 4780 ποδαλγὸν,
476 4713 538 4764 τὸ
568 4711 732 4782 οὐλὴν
771 4711 922 4780 ἔχειν
951 4711 1010 4762 ὲν
1039 4708 1118 4778 τῷ
1149 4706 1388 4778 μετώπῳ
1422 4706 1659 4768 τοιάνδε,

73 4805 144 4856 τδ
175 4797 315 4867 εἶναι
350 4802 659 4872 Γρηγορίου
691 4801 843 4854 υἱόν·
905 4799 1082 4852 ταῦτα
1147 4799 1260 4870 γὰρ
1305 4799 1484 4852 πάντα
1531 4813 1660 4848 συν-

75 4893 442 4964 αθροισθέντα
465 4894 764 4948 ἀπετέλεσε
792 4891 1058 4946 Μελέτιον
1077 4891 1168 4944 τὸν
1188 4894 1211 4944 ὲ
1220 4892 1339 4960 μὸν,
1366 4891 1402 4945 ἃ
1422 4889 1662 4943 νοεῖσθαι

77 4983 176 5039 ὲπί
212 5001 357 5048 τινος
382 4984 546 5040 ἄλλου
576 4985 840 5040 ἀδύνατον
859 5000 876 5017 ο
907 4983 1259 5054 παραλλαγαὶ
1280 4984 1390 5054 γὰρ
1411 4983 1521 5036 τῶν
1545 4983 1662 5036 ἀτό-

84 5093 206 5147 μων
232 5076 446 5130 πολλαί.
1659 5074 1664 5079 ’

157 5167 329 5220 Πάλιν
368 5167 426 5220 δὲ
469 5166 743 5238 ὁρίζονται
793 5169 1088 5239 πρόσωπον
1115 5164 1326 5230 οὕτως·
1363 5165 1664 5236 [Ιρόσωπόν

82 5259 256 5323 ἔστιν,
289 5258 317 5310 ὃ
345 5258 434 5312 διὰ
461 5259 570 5313 τῶν
598 5260 818 5314 οἰκείων
851 5263 1246 5333 ἐνεργημάτων
1285 5279 1342 5314 τε
1375 5262 1471 5315 καὶ
1521 5263 1666 5316 ἰδιω-

90 5355 304 5423 μάτων,
337 5357 786 5430 περιωρισμένην
824 5360 934 5412 τῶν
978 5361 1237 5432 ὁμοφυῶν
1275 5359 1440 5415 αὐτοῦ
1486 5361 1667 5431 παρά-

1771 4711 1934 4780 dagra
1992 4709 2219 4770 laboret,
2264 4707 2408 4776 quod
2461 4706 2773 4760 cicatricem
2823 4705 2875 4758 in
2913 4704 3087 4758 fronte
3123 4703 3340 4770 habeat,

1771 4804 1914 4876 quod
1950 4800 2196 4869 Gregorii
2255 4799 2396 4854 filius
2422 4797 2512 4852 sit.
2543 4795 2669 4852 llaec
2713 4797 2857 4851 enim
2882 4795 3063 4852 omnia
3097 4794 3149 4848 in
3177 4810 3345 4848 unum

1773 4895 1997 4950 collecta
2037 4890 2308 4945 Meletium
2341 4904 2516 4942 meum
2543 4886 2807 4951 eﬂiciunt,
2848 4901 2948 4942 nec
3002 4885 3118 4940 fieri
3167 4892 3346 4954 potest

1773 4999 1832 5042 ιιι
1886 4986 1939 5041 in
1985 4984 2091 5038 alio
2139 4983 2372 5052 quodam
2418 4982 2732 5050 cogitentur
2779 4997 2794 5033 :
2842 4978 3007 5032 multa
3035 4977 3179 5032 cnim
3220 4984 3348 5030 sunt

1774 5079 2175 5136 individuorum
2207 5073 2545 5127 diﬂ'erentiac.

1837 5170 2040 5226 Deinde
2062 5180 2348 5237 personam
2369 5163 2634 5217 definiunt
2655 5161 2733 5214 sic
2767 5179 2780 5214 :
2809 5159 3048 5214 Persona
3071 5168 3173 5224 est,
3203 5174 3345 5227 quae,
3398 5229 3414 5246 ν

1773 5279 1869 5334 per
1899 5276 2028 5316 suos
2053 5268 2208 5314 actus
2237 5267 2292 5312 et
2321 5253 2800 5326 particularitates,
2839 5252 2905 5305 ab
2943 5251 3008 5304 iis
3049 5266 3167 5320 quae
3211 5249 3348 5318 ejus.

1770 5355 1892 5409 dem
1925 5364 2131 5409 natura:
2167 5359 2314 5416 sunt,
2351 5349 2665 5402 distinctam
2707 5359 2816 5414 prae
2855 5359 2915 5398 se
2945 5342 3048 5397 fert
3080 5343 3348 5411 speciem.

89 5461 280 5516 σχεται
305 5447 407 5520 τὴν
431 5449 756 5520 ἐμφάνειαν.
801 5451 864 5504 Ἢ
885 5452 980 5506 οῦν
1013 5451 1101 5504 διὰ
1119 5452 1218 5522 τῆς
1260 5449 1544 5519 ἐνεργείας
1577 5451 1629 5517 ei

1773 5445 1830 5500 Si
1861 5459 2020 5515 quem
2046 5442 2210 5513 igitur
2243 5455 2338 5509 per
2363 5446 2546 5492 actum
2573 5435 3008 5507 qualemcunque
3042 5447 3162 5487 sese
3189 5431 3347 5485 nobis

90 5539 355 5613 γινομένη
388 5541 534 5604 τινὸς
567 5544 699 5615 ἡμῖν
732 5544 934 5614 γνῶσις
969 5547 1035 5598 ὲκ
1071 5545 1326 5616 θεωρίας,
1373 5543 1629 5616 πρόσωπο

1774 5537 2216 5593 manifestantcm
2265 5533 2531 5595 videmus,
2590 5543 2882 5598 personam
2939 5527 3169 5583 activam
3209 5523 3349 5577 hanc

89 5629 251 5687 τοῦτο
282 5631 542 5705 ἐνεργοῦν
576 5635 763 5690 καλεῖν
789 5639 821 5706 ἠ
833 5639 937 5709 μᾶς
973 5636 1301 5694 ἐκδιδάσκει.
1337 5629 1460 5690 Οἷον
1491 5634 1629 5692 Mais

1774 5631 2045 5705 appellare
2077 5627 2332 5685 solemus.
2359 5622 2448 5680 Sic
2468 5622 2713 5679 Meletius
2739 5637 2912 5688 meus,
2937 5619 3148 5691 quando
3172 5613 3353 5687 explo-

167 5803 214 5836 "
244 5803 537 5877 μετάθεσιν
