3792 6384
31 321 145 380 ῖιῖ9

1265 319 1352 374 DE
1392 316 1678 376 NATURA
1720 317 2028 376 llOMINlS.

3139 323 3282 382 {5w

707 402 726 424 ο

31 437 71 509 ἡ
105 437 526 509 περιπατῆσαιο
558 439 619 492 τὸ
672 438 924 505 πλεῦσαι,
951 437 1043 492 καὶ
1084 437 1158 510 μὴ
1189 437 1422 492 πλεῦσαι
1452 453 1466 468 °
1502 437 1596 490 ἐπὶ

1724 453 1814 491 are
1843 449 1937 491 aut
1968 453 2076 491 non
2110 437 2414 504 ambulare,
2443 439 2700 510 navigare
2721 448 2816 495 aut
2843 454 2948 496 non
2980 443 3236 515 navigare
3261 462 3276 475 ⁸

29 527 219 583 ρίστων
241 532 348 603 γάρ
377 532 470 584 καὶ
499 531 608 584 τῶν
633 531 834 602 ὁμοίων
865 531 1192 602 ήβρύλησις.
1230 531 1303 584 Τὸ
1333 532 1388 585 δὲ
1407 533 1471 584 ὲκ
1497 531 1594 600 τῆς

29 621 323 692 δυλήσεως
349 621 651 692 προκριθὲν
679 622 1010 693 προαιρετὸν
1040 620 1364 691 ποιούμεθα.
1406 621 1596 674 Ἔστιν

29 704 87 763 ἰν
143 715 177 782 ἡ
210 713 536 784 προαίρεσις
577 713 768 783 μικτόν
799 729 854 765 τι
903 715 1135 784 πρᾶγμα
1171 715 1235 766 ὲκ
1264 711 1592 782 βουλήσεως,

27 804 90 855 αἱ
131 805 395 875 κρίσεως,
426 805 522 858 καὶ
570 804 830 872 ὀρέξεως.
868 805 1205 876 Προαιρετὸν
1249 804 1356 876 γάρ
1387 807 1501 858 ἐστι
1535 805 1596 856 τὸ

27 913 199 967 τερον
235 899 342 968 πρὸ
370 897 563 969 ἑτέρου
602 898 840 968 αἱρετόν.
898 899 1086 961 Οὐδεὶς
1135 898 1190 950 δὲ
1229 897 1516 968 προκρίνει
1544 914 1597 949 τι

31 989 75 1060 ὴ
117 991 585 1060 βουλευσάμενος,
619 990 739 1043 οὑδὲ
798 991 1060 1061 αἱρεῖται,
1095 992 1170 1061 μὴ
1216 991 1432 1061 κρίνας.
1465 988 1598 1042 Τότε

27 1078 94 1134 5v
130 1083 456 1153 ’προαίρεσις
490 1085 583 1136 καὶ
607 1084 932 1154 προαιρετὸν
961 1083 1168 1150 γίνεται
1194 1084 1256 1136 τὸ
1297 1081 1599 1154 προκριθὲν

25 1187 62 1224 κ
104 1172 219 1243 τῆς
253 1172 582 1244 βουλήσεως,
610 1174 740 1227 ὅταν
771 1172 1058 1246 προσλάϐῃ
1109 1172 1206 1244 τὴν
1235 1170 1436 1243 ὄρεξιν.
1471 1171 1602 1223 Συν-

25 1281 216 1330 ,γεται
264 1265 320 1318 δὲ
355 1268 420 1318 ὲκ
461 1266 688 1329 τούτων,
717 1266 1043 1336 προαίρεσιν
1073 1261 1215 1317 εἶναι
1253 1265 1431 1334 ὄρεξιν
1475 1262 1600 1332 βου-

29 1357 278 1427 ευτικὴν
307 1357 354 1388 ⁷ο
385 1357 495 1410 τῶν
522 1358 608 1425 ἐφ’
647 1359 799 1426 ἡμῖν.
825 1357 933 1408 Τοῦ
966 1357 1074 1428 γάρ
1110 1355 1503 1428 προκριθέντος
1539 1358 1603 1408 ἐκ

26 1449 113 1517 ἧς
177 1449 376 1519 βουλῆς
430 1449 700 1519 ἐφιέμεθα
754 1450 1227 1520 προαιρούμενοι,
1286 1449 1362 1513 ὡς
1425 1447 1604 1521 κύριοι

23 1544 402 1613 προαιρέσεως
443 1543 537 1595 καὶ
580 1541 775 1613 βουλῆς
805 1542 990 1607 ὄντεςο
1045 1543 1140 1596 καὶ
1185 1541 1246 1608 ἐξ
1289 1542 1606 1596 ὑποστάτων

23 1635 246 1703 ,ογικαὶ
269 1635 618 1700 ὑποστάσεις.

1699 531 1750 582 in
1786 529 1871 584 his
1895 529 2040 584 enim
2090 544 2156 585 ac
2185 530 2454 586 similibus
2487 531 2809 587 deliberatio
2857 543 3125 589 versatur.
3157 536 3278 590 .lam

1697 621 1866 690 quod,
1895 619 2140 675 instituta
2165 621 2581 690 deliberatione,
2605 626 3034 694 {imponendum
3059 627 3277 696 putavi-

1699 729 1844 778 mus,
1883 714 1986 768 hoc
2014 713 2172 769 nobis
2203 716 2582 784 proponimus.
2615 715 2711 771 Est
2745 717 2912 787 igitur
2939 720 3279 790 propositum
3314 777 3322 785 ,

1699 805 1920 860 mislum
1957 806 2088 877 quid
2112 821 2143 861 e
2180 807 2579 874 diliberatioue,
2602 808 2807 878 judicio
2836 812 3278 868 etinclinatione.
3310 795 3325 832 ³

1698 896 2130 967 Prteponendum
2179 900 2324 953 enim
2370 901 2568 954 dicitur
2613 902 2756 970 quod
2810 916 2922 970 pra:
2965 905 3139 958 altero
3191 914 3282 958 est

1699 992 2031 1060 ponendum.
2069 991 2240 1046 Nemo
2267 1003 2449 1046 autem
2483 994 2901 1063 prazponendum
2929 995 3058 1066 quid
3095 1006 3281 1052 censet

1702 1085 1804 1138 nisi
1833 1094 1990 1139 antea
2023 1085 2428 1150 deliberaverit,
2459 1101 2634 1156 neque
2669 1086 2842 1157 eligit,
2874 1097 3163 1158 antequam
3195 1089 3284 1156 ju-
3317 1070 3325 1094 ³

1702 1174 1984 1232 dicaverit.
2013 1173 2148 1230 Cum
2172 1176 2334 1246 igitur
2355 1177 2420 1230 ad
2447 1176 2500 1230 id
2531 1178 2673 1245 quod
2697 1175 3092 1246 praeferendum
3124 1177 3286 1232 duxi-

1702 1279 1844 1330 mus,
1897 1265 2112 1321 accedit
2167 1264 2661 1329 inclinatio,'tunc
2725 1266 3062 1334 propositum
3123 1281 3285 1320 voca-

1705 1365 1811 1410 tur.
1838 1356 1912 1410 Ex
1950 1357 2032 1412 his
2077 1355 2312 1412 cﬂicitur
2343 1358 2676 1426 propositum
2723 1371 2845 1413 esse
2881 1357 3288 1412 inclinationem

1705 1449 2002 1503 voluntatis
2035 1458 2260 1504 nostrae.
2304 1448 2386 1503 Ad
2419 1448 2548 1503 illud
2578 1451 2723 1504 enim
2746 1449 2890 1519 quod
2913 1490 2929 1516 ,
2957 1448 3165 1520 judicio
3200 1452 3289 1504 in-

1707 1541 1917 1604 stituto,
1949 1541 2308 1611 praztulimus,
2335 1542 2630 1596 voluntatis
2664 1555 2766 1611 ope
2795 1542 3161 1612 aggredimur,
3197 1550 3289 1596 ut-

1709 1643 1837 1704 pote
1864 1634 1957 1703 qui
1989 1633 2251 1703 propositi
2283 1648 2349 1689 ac
2383 1633 2679 1688 voluntatis
2704 1632 2908 1688 domini
2941 1633 3138 1698 simus,
3188 1647 3290 1689 nec

1712 1741 1815 1781 non
1847 1725 2168 1780 substantia
2196 1724 2519 1780 rationales.

97 1815 512 1870 Ἐνυπόστατον
548 1815 612 1870 δέ
665 1817 785 1870 ἐστι
820 1817 1048 1889 κυρίως,
1098 1818 1131 1888 ἢ
1175 1818 1236 1872 τὸ
1279 1819 1404 1872 καθ’
1448 1818 1596 1872 ἑαυτέ

1781 1816 2204 1873 Consubsistens
2230 1825 2414 1872 autem
2443 1825 2528 1873 est
2555 1815 2792 1886 proprie,
2818 1816 2901 1870 vel
2925 1815 3072 1886 quod
3105 1829 3201 1886 per
3229 1829 3293 1871 se

21 1906 126 1960 ιὲν
195 1909 271 1977 μὴ
327 1908 720 1983 ὑφιστάμενοι,
773 1909 912 1964 ἀλλὰ
971 1913 1031 1964 ὲν
1099 1913 1221 1975 ταῖς
1275 1911 1609 1964 ὑποστάσεσι

21 1999 411 2071 λεωρούμενον
436 2002 504 2032 τί·
520 2000 719 2075 ὥσπερ
741 2002 804 2056 τὸ
825 1997 964 2066 εἶδος
989 2005 1021 2074 ἡ
1032 2003 1170 2074 μῶν,
1191 2004 1358 2074 ἧγουν
1382 2003 1414 2074 ἡ
1449 2003 1611 2073 φύσις

21 2094 131 2148 τῶν
194 2095 518 2168 ἀνθρώπων.
573 2100 631 2152 ἐν
690 2098 798 2171 ἰδίᾳ
829 2098 1130 2152 ὑποστάσει
1183 2099 1244 2152 οὑ
1299 2099 1610 2172 θεωρεῖται,

19 2186 140 2242 ιλλν
181 2190 241 2241 ὲν
282 2189 611 2259 Ἀθανασίῳ,
660 2190 693 2262 ἢ
747 2189 1000 2262 Μελετίῳ
1031 2193 1099 2256 ⁷³,
1150 2191 1184 2263 ἢ
1233 2191 1502 2262 Κυριακῷ
1536 2189 1614 2262 τῷ

19 2280 426 2351 χρυσογράφῳ,
457 2282 550 2334 καὶ
583 2283 704 2346 ταῖς
745 2281 964 2347 λοιπαῖς
997 2283 1108 2336 τῶν
1141 2283 1447 2354 ἀνθρώπων
1478 2281 1615 2335 ὑπο-

19 2373 313 2438 στάσεσιν,
346 2372 379 2444 ἢ
423 2373 483 2426 τὸ
512 2375 608 2428 σὺν
656 2374 802 2446 ἄλλῳ
833 2375 1080 2447 διαφόρῳ
1117 2377 1259 2430 κατὰ
1301 2375 1400 2448 τὴν
1426 2376 1614 2430 οὑσξαν

17 2463 106 2524 εἰς
165 2462 298 2534 ὅλην
353 2464 472 2528 νοὸς
504 2464 550 2496 ⁷³
593 2463 814 2534 γένεσιν
863 2466 1284 2538 συντιθέμενονο
1331 2470 1425 2522 καὶ
1483 2468 1614 2539 μίαν

18 2554 338 2607 ὑπόστασιν
377 2554 678 2608 ἀποτελοῦν
725 2555 1027 2610 ὑπόστασιν
1077 2556 1358 2611 σύνθετον.
1397 2551 1545 2621 Οἷον,
1587 2559 1616 2610 ὁ

20 2644 325 2716 ἄνθρωπος
352 2647 416 2700 ὲκ
444 2643 624 2719 ψυχῆς
654 2649 772 2702 ἐστι
797 2649 892 2704 καὶ
926 2648 1176 2721 σώματος
1207 2649 1614 2721 συντιθέμενον,

21 2737 128 2789 καὶ
158 2737 287 2791 οὔτε
334 2741 369 2809 ἠ
425 2739 574 2810 ψυχὴ
617 2742 754 2812 μόνη
799 2743 1010 2810 γίνεται
1046 2743 1365 2808 ὑπόστασις,
1404 2742 1527 2796 οὑτε
1555 2743 1617 2796 τὸ

25 2826 226 2897 σῶμα,
260 2827 374 2881 ἀλλ’
410 2831 470 2882 ἐν
511 2830 794 2904 ὑποστάτῳ
815 2848 826 2862 ’
866 2832 928 2885 τὸ
948 2833 1004 2886 δὲ
1033 2832 1092 2898 ἐξ
1131 2834 1456 2906 ἀμφοτέρων
1479 2837 1618 2888 ἀπο-

23 2918 366 2990 τελούμενον
419 2922 717 2988 ὑπόστασις
762 2925 1114 2996 άμφοτέρων.
1189 2927 1341 2980 Ἐπεὶ
1400 2923 1495 2980 οὖν
1545 2927 1619 2990 ὡς

28 3010 342 3076 ὑπόστασις
369 3016 432 3082 ἐξ
461 3016 847 3072 ἐνυποστάτων
878 3019 1032 3072 τουτὶ
1068 3019 1130 3072 τὸ
1163 3018 1346 3091 νόημα
1383 3020 1621 3074 συνείλε-

1712 1921 1818 1961 non
1848 1907 2100 1963 subsistit
2126 1923 2141 1962 :
2177 1917 2234 1962 ut
2263 1907 2436 1979 ﬁgura
2464 1916 2671 1974 nostra,
2693 1916 2784 1960 aut
2809 1917 3003 1961 natura
3029 1907 3294 1970 humana,

1711 2013 1833 2070 qua:
1860 2015 1967 2056 non
2007 2009 2310 2057 cernuntur
2353 2000 2407 2055 in
2457 2001 2675 2072 pr0pria
2733 1999 3062 2065 substantia,
3107 1999 3206 2055 sed
3236 1999 3296 2053 in

1712 2093 2022 2149 Athanasio
2053 2093 2135 2148 vel
2169 2092 2408 2159 Meletio,
2462 2092 2548 2148 vel
2594 2092 2825 2162 (Syriaco
2874 2090 3122 2156 librario,
3145 2099 3201 2145 et
3239 2089 3297 2143 in

1713 2188 1929 2243 caeteris
1965 2186 2287 2244 substantiis
2309 2188 2562 2243 humanis
2589 2203 2602 2240 :
2637 2185 2720 2240 vel
2743 2185 2885 2256 quod
2908 2199 3030 2240 cum
3069 2184 3177 2238 alio
3200 2199 3293 2238 se-

1714 2281 1948 2336 cundum
1975 2283 2270 2336 essentiam
2299 2279 2584 2335 diﬂ‘erente
2615 2280 2683 2333 ad
2703 2287 2876 2333 totum
2910 2277 3040 2346 quid
3059 2274 3299 2332 ellicieu-

1715 2371 1842 2427 dum
1860 2383 1944 2427 est
1958 2373 2336 2443 compositum,
2351 2379 2406 2426 et
2421 2385 2579 2425 unam
2601 2369 2888 2425 essentiam
2909 2366 3079 2422 el‘llcit
3109 2381 3299 2423 essen-

1717 2464 1847 2519 tiam
1861 2464 2234 2532 compositam.
2256 2461 2449 2528 Homo,
2465 2461 2692 2531 exempli
2707 2461 2906 2531 gratia,
2924 2467 3007 2515 est
3023 2459 3300 2530 composi-

1719 2566 1802 2611 tus
1823 2572 1888 2610 ex
1920 2557 2098 2610 anima
2129 2564 2181 2610 et
2217 2569 2477 2624 corpore;
2489 2553 2601 2622 jam
2625 2567 2754 2608 vero
2776 2566 2951 2622 neque
2977 2551 3159 2606 anima
3183 2552 3300 2607 sola

1717 2658 1800 2706 est
1827 2649 2155 2714 substantia,
2188 2663 2366 2718 neque
2389 2661 2607 2714 corpus,
2628 2645 2724 2700 sed
2750 2647 2801 2699 in
2827 2645 3106 2700 substrato
3129 2654 3298 2713 sunt;

1719 2743 1862 2810 quod
1902 2750 2081 2794 autem
2123 2755 2192 2796 ex
2248 2751 2482 2808 utroque
2518 2739 2770 2802 ellicitur,
2820 2737 3108 2806 utriusque
3142 2736 3300 2798 .sub-

1718 2831 1922 2886 stantia
1978 2839 2082 2885 est.
2131 2830 2264 2886 Cum
2319 2831 2483 2901 igitur
2527 2828 2640 2883 haec
2690 2842 2911 2897 quoque
2954 2827 3298 2894 dissertatio,

1720 2922 2040 2980 substantia:
2073 2923 2264 2987 instar,
2295 2936 2327 2976 e
2366 2919 2892 2975 consubsistentibus
2937 2916 3164 2974 collecta
3215 2919 3291 2974 sit

1721 3023 1778 3071 et
1812 3013 2116 3085 composita
2153 3029 2168 3068 :
2217 3011 2461 3082 corporis
2493 3009 2636 3065 enim
2680 3007 2931 3064 animalis
2971 3005 3172 3063 similis
3218 3018 3304 3064 est

28 3119 189 3156 κταιο
208 3105 301 3158 καὶ
350 3108 728 3164 συντέθειται·
776 3109 990 3183 σώματι
1046 3111 1156 3185 γὰρ
1197 3111 1339 3177 ζώου
1390 3111 1572 3165 ἔοικεν

1727 3109 1907 3165 oratio
1948 3107 2157 3179 prolixa
2187 3116 2240 3162 et
2262 3104 2608 3176 explicaliva,
2635 3111 2689 3158 et
2720 3102 2900 3170 quoad
2937 3117 3026 3158 res
3046 3103 3100 3158 in
3128 3115 3190 3156 ea
3214 3115 3306 3158 ex-

34 3197 192 3250 κατὰ
231 3199 507 3270 ἀποτάδην
542 3202 635 3255 καὶ
686 3202 977 3269 διεξοδικὸς
1005 3204 1164 3274 λόγος
1187 3220 1202 3235 ο
1253 3203 1622 3274 ἀναλογοῦσαν

33 3288 190 3358 ἔχων
219 3290 364 3364 ψυχῇ
393 3294 492 3364 μὲν
520 3294 620 3365 τὴν
646 3295 881 3364 ἔννοιαν,
917 3295 1132 3368 σώματι
1163 3297 1220 3350 δὲ
1267 3297 1367 3369 τὴν
1404 3298 1625 3370 φράσιν.

1729 3203 1934 3275 positas
1978 3201 2198 3265 animm,
2249 3199 2424 3269 quoad
2471 3205 2650 3251 autem
2692 3193 2985 3250 dietionem
3040 3195 3291 3264 corporis

1729 3295 2020 3366 imaginem
2079 3293 2269 3348 refert.
2307 3289 2488 3348 Gloria
2521 3292 2591 3344 sit
2619 3295 2780 3357 atque
2839 3286 3028 3358 gratia;
3075 3285 3306 3341 Domino

36 3383 192 3449 Δόξα
226 3385 418 3458 Κυρίῳ
453 3387 530 3459 τῷ
560 3388 700 3461 Θεῷ,
751 3392 848 3444 καὶ
888 3391 1212 3462 εὐχαριστία
1260 3391 1340 3464 τῷ
1383 3409 1596 3463 συνεργι

1731 3402 1798 3442 ac
1822 3387 1955 3451 Deo,
1986 3385 2077 3455 qui
2102 3385 2346 3439 omnium
2377 3382 2646 3437 bonorum
2677 3387 2869 3435 auctor
2903 3387 2988 3433 est
3013 3385 3180 3449 atque
3202 3379 3297 3436 ad-

37 3478 154 3530 τὼν
185 3476 368 3531 καλῶν
397 3480 492 3532 καὶ
517 3480 698 3552 αἰτίῳ.
740 3481 794 3534 ’Λ
805 3483 934 3554 μήν.

1721 3483 1896 3548 jutor.
1921 3481 2116 3534 Amen.

115 3635 170 3667 ⁷⁸
211 3634 620 3712 προϐλεπτικήν
649 3636 710 3692 P.
785 3639 828 3672 ⁷⁸
853 3637 1064 3694 ἀλλ’..η
1099 3637 1264 3711 θεωρ.
1287 3651 1396 3694 om.
1431 3637 1583 3695 ΑΒΕ.

1732 3637 1765 3710 ἢ
1795 3635 2046 3708 Μελετίῳ
2075 3650 2184 3694 om.
2219 3634 2280 3692 P.
2357 3634 2404 3668 ⁷³
2437 3634 2518 3690 ὄλ.
2634 3632 2770 3692 Cod.
2819 3633 2943 3688 ὅλου
2971 3629 3117 3696 τινός
3136 3629 3202 3688 Ρ.
