3792 6454
327 319 466 377 15ἶέ5
1449 317 1506 372 S.
1546 316 1600 374 J.
1642 313 2133 372 CHRYSOSTOMI
2171 313 2456 369 OPERUM
3495 310 3631 364 137-5

397 437 463 494 Ἢ
489 438 620 493 Θεία
651 437 803 510 φωνὴ
833 436 928 491 τοῦ
963 435 1191 508 Κυρίου.
1219 436 1429 492 Bonum
1458 437 1663 492 Christi
1693 437 1894 507 discipt

2134 436 2360 507 nignum
2391 450 2548 500 esse,
2579 450 2682 490 nec
2713 436 2825 490 cito
2857 435 3042 488 irasci.
3085 432 3290 488 Edidit
3327 430 3480 486 Fed.
3523 431 3631 487 310-

316 529 488 584 reIIus
520 527 677 583 1594.
700 525 881 582 Vertit
912 523 1118 579 Fronto
1150 524 1402 579 Dueazus.
1443 524 1722 579 Incertum
1755 540 1822 578 an
1853 523 1925 578 sit
1953 522 2351 594 Chrysostomi.
2385 524 2427 588 Ι,
2460 521 2691 580 1069.-
2714 523 2901 592 Menti.
2930 521 2973 586 I,
3001 519 3132 577 813.
3165 519 3352 576 Saril.
3373 521 3478 583 IV,
3507 520 3630 575 905.

318 613 451 668 Duc.
480 613 656 668 deest.

390 700 490 774 [Ἦ
518 701 674 772 θεῖκὴ
705 703 800 756 καὶ
826 699 1152 774 προαιώνιος
1176 700 1240 752 ἐκ
1262 698 1360 752 τοῦ
1388 699 1581 767 τάφου.
1615 697 1676 752 In
1703 698 1836 767 psal.
1869 715 1887 754 t

1262 698 1360 752 τοῦ
1388 699 1581 767 τάφου.
1615 697 1676 752 In
1703 698 1836 767 psal.
1869 713 1984 762 vm,
2016 697 2217 769 Spuria
2247 708 2304 753 et
2341 697 2750 770 praetermissa]

390 786 653 860 ΓΉθελον
672 788 836 857 ’κάγὼ
869 790 1110 860 σήμερον
1141 789 1396 856 παρεῖναι
1424 788 1540 850 τοῖς
1573 785 1770 853 ἁγίοις.
1801 786 1887 856 Sp]

869 790 1110 860 σήμερον
1141 789 1396 856 παρεῖναι
1424 788 1540 850 τοῖς
1573 785 1770 853 ἁγίοις.
1801 786 2002 856 Spuria
2030 797 2086 844 et
2115 786 2365 858 0missa.]

393 875 628 930 Ἥθελον
659 877 758 947 μὲν
788 877 874 930 ἀεὶ
909 876 1002 929 καὶ
1041 876 1296 929 πάντοτε.
1329 875 1387 928 In
1416 873 1710 928 Herodem.
1746 874 1887 928 Dubi

2126 875 2188 930 sit
2219 874 2618 946 Chrysostomi.
2663 873 2935 948 [Spuria]
2963 874 3032 941 X,
3063 875 3191 931 699.
3211 904 3284 914 —
3313 873 3528 941 Menti.
3565 873 3623 937 Χ,

319 962 442 1017 750.
474 961 640 1018 Savil.
675 965 789 1030 VII,
820 964 944 1018 518.
981 964 1114 1017 Duc.
1149 963 1324 1018 deest.

395 1049 658 1122 [Ἦθικὴν
683 1050 918 1107 ἐνταῦθα
937 1051 1316 1105 διδασκαλίαν.
1345 1049 1404 1104 In
1436 1052 1575 1121 psal.
1609 1065 1682 1103 ιν.
1718 1049 1892 1119 Spuri:

957 1051 1316 1105 ῑιδασκαλίαν.
1345 1049 1404 1104 In
1436 1052 1575 1121 psal.
1609 1065 1682 1103 IV.
1718 1049 1917 1119 Spuria
1945 1058 2004 1103 et
2038 1048 2454 1120 praetermissa]

404 1137 466 1192 '11
491 1140 635 1194 κατά
663 1139 764 1211 τὴν
787 1139 1125 1212 Σαμαρεῖνειν
1157 1139 1432 1201 ὑπόθεσις.
1473 1138 1544 1192 44
1563 1177 1578 1202 ,
1620 1139 1676 1192 in
1708 1136 1901 1194 Genesi

2123 1137 2248 1194 405.
2283 1167 2355 1179 --
2387 1136 2579 1208 Menti.
2607 1138 2696 1204 IV,
2733 1139 2859 1192 447.
2888 1138 3052 1193 Saril.
3089 1140 3142 1203 I,
3176 1136 3317 1192 558.
3376 1138 3527 1191 ουτ.
3563 1139 3620 1194 11.

391 1315 535 1375 Ἦκε
567 1322 661 1376 καὶ
689 1323 930 1395 σήμερον
959 1313 1249 1395 Ἱερεμίας.
1279 1324 1356 1378 De
1390 1321 1604 1394 jejunio
1635 1335 1802 1376 serm.
1835 1319 1888 1374 6.

2106 1333 2196 1383 tm,
2234 1332 2305 1372 an
2335 1317 2408 1371 sit
2436 1316 2840 1388 Chrysostemi.
2870 1317 2940 1372 IX
2960 1358 2974 1380 ,
3010 1317 3135 1371 721.
3171 1346 3245 1356 —
3273 1314 3489 1384 Menti.
3537 1312 3603 1366 IX

321 1408 445 1464 804.
477 1407 644 1464 Savil.
677 1411 767 1477 VI,
791 1410 918 1466 940.
957 1410 1092 1465 Duc.
1126 1411 1304 1466 deest.

393 1498 559 1552 Ἥκει
590 1498 782 1569 καιρὸς
808 1499 885 1568 τῷ
917 1498 1081 1551 παντὶ⁵
1109 1498 1419 1568 πράγματι.
1453 1497 1512 1552 In
1542 1493 1886 1551 Dominicam

2123 1492 2174 1546 ii.
2197 1491 2438 1546 Dubium
2472 1507 2542 1546 an
2568 1495 2642 1546 sit
2659 1490 3238 1562 Chrysestomi.FAna.
3261 1492 3372 1546 Est
3397 1491 3620 1564 eadem,

321 1596 443 1654 qua:
476 1585 769 1656 superior;
807 1584 902 1640 sed
942 1585 1120 1639 variat
1149 1584 1206 1639 in
1240 1585 1429 1638 multis
1452 1583 1640 1656 judice
1668 1582 1969 1638 Montfauc.
1998 1583 2165 1638 HARL.
2195 1582 2288 1648 XI,
2322 1582 2445 1637 751.
2475 1611 2546 1622 --
2576 1580 2746 1636 Savil.
2785 1582 2872 1637 VII
2894 1623 2908 1645 ,
2937 1583 3062 1636 469.
3100 1581 3240 1635 Duc.
3279 1582 3477 1635 deest.

391 1666 570 1725 Ἧκεν
594 1675 727 1744 ἡμῖν
757 1671 1028 1736 ἐνιαύσιος
1057 1673 1263 1744 ἡμέρα.
1297 1674 1372 1728 De
1405 1673 1728 1727 adoratione
1760 1689 1888 1727 cruc

2125 1671 2174 1726 ia
2199 1670 2751 1742 jejuniorum.Vertit
2775 1669 3096 1724 Joachimus
3125 1669 3451 1724 Perionius
3478 1686 3494 1728 :
3523 1685 3622 1722 ex-

320 1768 428 1814 stat
456 1760 624 1815 etiam
653 1760 842 1817 Graece
871 1769 930 1816 et
955 1759 1152 1815 Latine
1185 1760 1333 1815 edita
1359 1775 1389 1814 a
1415 1753 1840 1815 Jachretsero.
1871 1759 2133 1826 Dubium,
2170 1777 2238 1815 an
2269 1761 2342 1815 sit
2367 1759 2650 1830 Chrysost.
2674 1757 2943 1829 [Spuria.]
2970 1759 3199 1822 111,855.
3223 1757 3519 1828 -Ηοηιιζ
3537 1758 3624 1824 111,

321 1848 444 1901 819.
473 1845 638 1902 Savil.
669 1848 735 1913 V,
772 1847 895 1902 817.
927 1848 1060 1902 Duc.
1094 1848 1182 1913 VI,
1215 1848 1340 1903 511.

390 1923 565 1989 *11κεν
599 1937 732 2008 ἡμῖν
757 1936 1051 2000 ἐνιαύσιος,
1086 1937 1330 2008 σήμερον
1359 1938 1388 1990 ὁ
1417 1936 1517 2006 τῆς
1542 1935 1872 2007 οἰκουμένης

2135 1953 2181 1997 ς.
2224 1935 2299 1988 De
2329 1935 2480 2005 justo
2509 1941 2566 1989 et
2595 1933 2758 1988 beato
2790 1933 2948 1989 Jobo.
2974 1933 3153 1988 Vertit
3183 1933 3410 1988 Laelius
3435 1933 3624 1988 Tifer-

321 2039 439 2079 nas.
464 2023 728 2091 Dubium,
759 2039 828 2079 an
850 2023 1136 2097 Chrysost.
1170 2023 1394 2096 [Spuria
1421 2024 1440 2096 ]
1475 2025 1563 2089 VI,
1597 2024 1720 2079 565.
1762 2055 1831 2065 ——
1857 2022 2048 2092 Menti.
2076 2023 2165 2087 Vl,
2199 2023 2322 2077 579.
2357 2021 2525 2078 Savil.
2556 2022 2622 2087 V,
2665 2022 2789 2076 949.
2822 2021 2954 2075 Duc.
2983 2022 3079 2085 VI,
3105 2023 3195 2076 67.

392 2110 641 2181 Ἥκομεν
671 2112 798 2182 ὑμῖν
824 2111 1188 2183 εὐγνώμονες.
1226 2113 1284 2166 In
1315 2111 1642 2167 Susannam.
1674 2112 1850 2167 Vertit

2132 2114 2383 2168 Ducaaus.
2424 2109 2698 2184 [Spuria.]
2739 2112 2826 2173 VI,
2859 2113 2980 2167 589.
3013 2141 3084 2153 -—
3117 2112 3316 2181 Menti.
3357 2112 3468 2177 VI,
3501 2113 3625 2166 607.

323 2197 490 2254 Savil.
514 2197 579 2268 V,
613 2200 734 2256 703.
764 2201 898 2255 Duc.
928 2201 1024 2267 Vl,
1058 2201 1181 2256 121.

405 2288 472 2341 Ἦ
503 2287 770 2359 Κόρινθός
799 2289 916 2342 ἐστι
949 2289 1048 2358 μὲν
1079 2288 1172 2343 νῦν
1202 2289 1377 2352 πόλις.
1407 2288 1567 2343 IIem.
1606 2288 1631 2342 1
1670 2288 1726 2342 in
1758 2287 1779 2342 1
1813 2286 1882 2341 ad

2096 2287 2162 2342 ,h.
2186 2286 2255 2352 Χ,
2285 2286 2629 2356 9.—Menti.
2658 2287 2727 2351 X,
2758 2289 2807 2342 1.
2834 2286 2998 2342 Savil.
3028 2289 3093 2354 Il,
3117 2290 3252 2344 243.
3287 2289 3516 2350 0115.".
3548 2291 3593 2343 1.

398 2375 639 2438 Ἥκουες
663 2373 755 2428 τοῦ
786 2375 1086 2430 Δεσπὸτου.
1123 2376 1183 2430 In
1217 2375 1423 2430 Christi
1455 2375 1895 2446 transﬁguration

2132 2376 2315 2440 bium,
2344 2391 2412 2430 an
2444 2376 2853 2446 Chrysostomi;
2889 2377 3017 2432 licet
3057 2378 3125 2431 ad
3159 2393 3298 2432 cum
3334 2379 3629 2433 referatur

325 2463 383 2517 in
406 2462 664 2532 plurimis
696 2478 828 2518 mss.
864 2463 1029 2518 etiam
1063 2463 1209 2534 apud
1239 2462 1594 2518 Lambecium
1629 2463 1718 2528 IV,
1747 2478 1822 2533 pa;

2130 2463 2212 2530 LII,
2244 2479 2370 2534 pag.
2404 2464 2526 2518 117.
2567 2464 2727 2518 FABB.
2762 2465 2819 2519 In
2851 2465 2973 2520 cod.
3010 2462 3150 2530 XIV,
3185 2483 3247 2520 ιι.
3289 2468 3386 2531 14,
3423 2468 3513 2522 sic
3546 2468 3627 2521 in-

325 2551 482 2621 cipit,
515 2565 628 2605 non
660 2551 845 2606 addito
875 2556 1122 2608 auctoris
1144 2551 1369 2607 nomine
1400 2569 1412 2605 :
1450 2552 1729 2616 Ἤκουσας
1760 2552 1822 2622 ἀρ

2131 2551 2289 2620 πητὲ,
2318 2550 2412 2603 τοῦ
2442 2551 2718 2604 Δεσπότου
2747 2553 2984 2622 Χριστοῦ
3012 2552 3300 2622 λέγοντος.
3335 2554 3407 2608 In
3451 2561 3628 2608 trans-

325 2637 710 2710 ﬁgurationem
739 2637 966 2694 Christi.
1002 2640 1066 2695 V.
1096 2638 1353 2694 Lambec.
1388 2639 1526 2704 VIII,
1553 2655 1677 2710 pag.
1704 2639 1831 2703 249,
1862 2653 1979 2708 seq.
2012 2647 2068 2692 at
2095 2638 2150 2693 in
2178 2639 2301 2693 eod.
2329 2636 2462 2700 CLI,
2486 2654 2542 2692 n.
2569 2638 2658 2704 57,
2683 2639 2852 2709 incip.
2879 2657 2892 2694 :
2926 2641 3160 2703 Ἦκουες
3190 2639 3300 2693 τοῦ
3334 2642 3626 2694 Assae-:99

325 2724 567 2796 Χριστοῦ
597 2726 802 2798 ἀρτίως
827 2727 966 2796 λέγ.,
1004 2735 1060 2782 et
1085 2727 1357 2782 tribuitur
1384 2727 1804 2798 Chrysostomo;

2125 2725 2310 2796 judice
2342 2725 2582 2780 Kollario
2614 2725 2683 2779 ad
2719 2726 2958 2795 priorem
2992 2726 3196 2780 locum.
3235 2725 3427 2781 Hau.
3462 2727 3622 2797 Reje-

325 2821 434 2868 cta.
461 2843 534 2854 —-
560 2812 751 2884 Menti.
787 2813 960 2869 deest.
993 2811 1160 2868 Savil.
1192 2813 1305 2881 VII,
1335 2813 1460 2869 559.
1493 2813 1626 2870 Duc.
1663 2813 1835 2868 deest.

409 2900 758 2972 Ἦκούσαμεν
778 2941 792 2963 ,
819 2901 1082 2970 ἀδελφοὶ,
1115 2903 1172 2955 ὲν
1211 2900 1287 2972 τῷ
1314 2901 1652 2973 Εὑαγγελίῳ.
1686 2902 1745 2956 In
1777 2917 1906 2972 para

2139 2901 2208 2957 de
2253 2917 2354 2967 eo,
2392 2900 2486 2971 qui
2525 2901 2580 2956 in
2615 2901 2858 2956 latrones
2904 2901 3193 2957 inciderat.
3227 2902 3522 2965 Dubium,
3557 2921 3618 2958 an

323 2986 725 3059 Chrysostomi.
764 2985 1034 3061 [Spuria.]
1064 2987 1158 3054 XI,
1190 2989 1312 3044 755.
1350 3018 1422 3030 -—
1445 2990 1633 3060 Menti.
1673 2989 1766 3055 XI;
1801 2989 1924 3044 892.
1957 2989 2125 3045 Savil.
2153 2990 2279 3055 VII,
2313 2989 2436 3044 506.
2476 2989 2608 3043 Duc.
2637 2990 2814 3044 deest.

408 3075 713 3130 Ἠκούσατε
746 3076 850 3130 ὅσα
881 3075 1153 3147 Ἑϐραίοις
1179 3075 1520 3131 ἐνεκάλεσεν.
1549 3079 1603 3144 9,
1634 3077 1691 3132 in
1724 3078 1898 3148 Epist.

2121 3077 2316 3134 [πίθου.
2346 3077 2463 3141 ΧΠ,
2495 3075 2849 3148 75.—Menti.
2883 3077 3001 3143 XII,
3034 3076 3124 3132 92.
3161 3075 3343 3132 Savil.
3373 3078 3474 3144 IV,
3494 3077 3613 3132 480.

329 3162 488 3217 Duc.‘
511 3161 601 3228 VI,
631 3162 754 3217 787.

409 3249 716 3303 Ἠκούσατε
748 3250 847 3320 τῆς
899 3251 1268 3322 ἀποπολικῆς
1302 3254 1508 3324 φωνῆς.
1536 3250 1777 3306 Homilia
1807 3251 1831 3304 1
1870 3266 1900 3306 a

2112 3253 2364 3309 ochenos.
2396 3254 2718 3310 Versionem
2759 3253 3022 3310 Bernardi
3050 3255 3305 3311 Brixiani
3338 3271 3609 3326 recogno-

324 3335 408 3392 vit
435 3336 641 3393 Fronto
669 3337 923 3394 Ducaeus.
954 3338 1021 3407 II,
1054 3339 1142 3395 15.
1174 3370 1244 3384 υ-
1272 3337 1440 3393 Savil.
1477 3339 1564 3402 VI,
1589 3339 1715 3393 447.
1749 3339 1821 3392 Da

545 3345 641 3393 nto
669 3337 923 3394 Duczeus.
954 3338 1021 3407 II,
1054 3339 1142 3395 15.
1174 3370 1244 3384 υ-
1272 3337 1440 3393 Savil.
1477 3339 1564 3402 VI,
1589 3339 1715 3393 447.
1749 3339 1884 3393 Duc.
1920 3340 1964 3404 I,
1989 3341 2039 3394 1.

408 3423 712 3480 Ἠκούσατε
741 3425 868 3495 χθὲς
894 3426 1014 3490 πῶς
1045 3426 1145 3497 μὲν
1171 3427 1414 3497 ἐποίησε.
1451 3427 1527 3482 De
1562 3427 1744 3481 tribus
1768 3427 1905 3482 servi

2110 3429 2284 3495 modis,
2316 3445 2416 3499 per
2439 3438 2725 3500 peccatum
2757 3429 3016 3486 inductis.
3052 3431 3112 3484 In
3137 3431 3282 3486 Gen.
3323 3447 3401 3485 tv.
3438 3431 3607 3485 Vertit

222 3518 226 3521 ’
328 3513 534 3569 Fronto
567 3514 824 3570 Dueaaus.
851 3513 942 3581 IV,
969 3514 1092 3571 595.
1124 3543 1194 3554 —-
1221 3515 1408 3584 Menti.
1442 3515 1532 3578 IV,
1567 3515 1693 3571 658.

1033 3514 1092 3569 ’5.
1124 3543 1194 3554 --
1221 3515 1408 3584 Menti.
1442 3515 1532 3578 IV,
1567 3515 1693 3571 658.
1727 3513 1893 3570 Savil.
1927 3517 1993 3580 V,
2024 3518 2112 3572 11.
2144 3517 2278 3572 Duc.
2310 3517 2374 3583 II,
2412 3517 2530 3572 740.

398 3598 675 3672 [Ἤκουσά
706 3618 872 3655 τινων
896 3601 1186 3671 λεγόντων,
1215 3603 1299 3656 ὅτι
1331 3605 1390 3657 ὲν
1416 3603 1619 3673 χάριτι.
1657 3603 1732 3658 De
1761 3604 1895 3674 grati

1428 3603 1619 3673 χάριτι.
1657 3603 1732 3658 De
1761 3604 2066 3674 gratiarum
2091 3606 2329 3660 actione.
2362 3606 2562 3676 Spuria
2588 3615 2644 3660 et
2674 3605 2925 3677 rejecta.]

400 3710 735 3784 [Ἤκουσται
769 3713 990 3776 πάντως
1020 3713 1183 3784 ὑμῖν,
1217 3708 1274 3778 ,ὦ
1307 3714 1655 3786 φιλόχριστος
1699 3715 1897 3784 πανήγι

2101 3731 2134 3769 n
2187 3715 2425 3770 reditum
2480 3716 2838 3785 reliquiarum
2877 3714 3302 3786 Chrysostomi,
3356 3729 3427 3767 ex
3475 3728 3598 3766 mss.

326 3798 529 3854 Montis
553 3798 802 3866 Cassini;
832 3800 887 3854 in
918 3799 1042 3856 cod.
1075 3810 1256 3856 autem
1287 3801 1552 3856 Vaticano
1583 3801 1665 3856 sic
1693 3801 1823 3871 legit

1981 3801 2279 3856 Ἠκούσατε
2311 3802 2530 3866 πάντως
2555 3805 2734 3872 ὑμεῖς,
2775 3796 2820 3854 ὧ
2855 3803 3074 3872 φιλοχρ.
3103 3799 3478 3871 πανήγυρις.]

378 3886 588 4028 ﬁll)“;
619 3888 680 3940 τὸ
709 3889 868 3959 χρέος
899 3887 1197 3943 ἀποδώσων
1229 3889 1378 3958 ὑμῖν.
1409 3889 1468 3944 In
1494 3888 1826 3945 incredulita

329 3972 371 4026 ’ν’
403 3973 421 4027 I
460 4013 476 4028 .
508 3973 540 4027 6
587 3975 632 4028 1.

2101 3892 2214 3947 1cm
2231 3890 2474 3947 Thomae.
2503 3890 2695 3947 Menti.
2723 3890 3000 3956 tom.VIII,
3022 3888 3214 3960 p.207.
3249 3888 3314 3943 In
3339 3887 3598 3958 Spuriis.j

460 4013 476 4038 ’
510 4013 632 4028 νυ..

403 4061 563 4115 Ἥκω
591 4063 650 4115 τὸ
681 4062 1029 4134 περιλειφθὲν
1054 4063 1295 4134 ὄφλημα.
1328 4065 1388 4118 1η
1419 4079 1620 4118 novam
1645 4063 1898 4118 Deminic

2101 4065 2155 4118 in
2208 4075 2457 4147 sanctum
2493 4066 2802 4135 apostolum
2853 4064 3141 4120 Thomam.
3189 4061 3442 4117 Dubium
3472 4105 3488 4127 ,
3532 4078 3593 4116 an

329 4145 733 4221 Chrysostomi.
767 4149 888 4214 XII,
917 4150 1042 4206 927.
1080 4181 1150 4192 -—
1179 4150 1367 4221 Menti.
1396 4149 1514 4216 XII,
1542 4149 1666 4204 804.
1695 4149 1860 4205 Savil.
1898 4151 2024 4216 VII,
2061 4153 2184 4208 575.
2213 4145 2345 4208 Duc.
2380 4153 2558 4209 deest.

400 4258 606 4316 Ἦλθεν
634 4263 715 4326 είς
733 4262 903 4333 ἡμᾶς,
933 4262 1017 4315 ὅτι
1048 4261 1210 4317 πάλιν
1243 4262 1458 4334 ἀνήφθη
1490 4263 1559 4316 τά
1581 4263 1639 4316 ὲν
1659 4263 1897 4334 Φοινίκῃ.

2066 4279 2139 4318 no
2169 4265 2379 4334 presb.,
2403 4264 2567 4334 epist.
2606 4264 2841 4328 126.1",
2873 4261 3287 4330 685.——Monti.
3322 4260 3416 4324 Ill,
3441 4259 3561 4314 671.

403 4351 595 4414 Ἤλιος
629 4349 885 4420 ἀνίσχων.
916 4349 976 4404 In
1003 4349 1210 4405 Christi
1251 4348 1809 4420 transﬁgurationem.
1849 4351 1900 4404 Di

2095 4392 2110 4417 ,
2142 4367 2210 4406 an
2236 4351 2634 4423 Chrysostomi.
2661 4351 2932 4422 [Spuria.]
2959 4351 3030 4415 Χ,
3066 4349 3187 4404 721.
3215 4380 3284 4390 —-
3303 4349 3501 4418 Menti.
3533 4347 3588 4400 Χ,

332 4439 455 4495 774.
488 4437 656 4494 Savil.
685 4437 810 4505 VII,
849 4437 973 4493 545.
1010 4437 1145 4492 Duc.
1175 4437 1354 4492 deest.

403 4527 594 4589 Ἥλιος
627 4525 726 4597 μὲν
754 4526 894 4597 ὑπὲρ
917 4525 1023 4596 γῆς
1050 4524 1399 4597 παρακύψας.
1428 4526 1487 4580 In
1527 4525 1664 4580 illud
1694 4525 1886 4580 Matth.

2091 4523 2190 4580 :Si
2246 4524 2394 4594 ﬁlius
2440 4525 2536 4579 Dei
2582 4542 2658 4589 es,
2708 4526 2874 4595 dejice
2919 4527 3165 4595 teipsum.
3200 4523 3442 4578 Dubium
3472 4564 3487 4586 ,
3529 4540 3587 4577 an

329 4615 730 4689 Chrysostomi.
761 4614 1021 4670 Nestorio
1052 4613 1318 4669 tribuitur
1342 4629 1373 4668 a
1399 4613 1572 4669 Mario
1594 4614 1918 4670 Mercatore.
1962 4613 2068 4686 [Ab
2097 4613 2220 4668 aliis
2251 4610 2516 4682 Asterie]
2547 4609 2628 4678 Χ,
2663 4611 2785 4667 685,
2818 4643 2886 4654 —-
2912 4611 3098 4680 Menti.
3140 4611 3212 4673 Χ,
3256 4610 3382 4664 755.
3427 4607 3585 4661 εαιαει.

329 4705 455 4770 VII,
490 4703 616 4759 501.
652 4702 784 4757 Duc.
822 4701 1000 4758 deest.

409 4792 605 4862 Ἡμεῖς
629 4792 678 4843 εί
709 4791 806 4844 καὶ
831 4790 1026 4863 πόῤῥω
1052 4805 1146 4844 σου
1176 4789 1486 4860 καθήμεθα,
1512 4788 1652 4863 ἀλλ’.
1687 4787 1905 4858 Alphio,

1594 4788 1652 4844 λ’.
1687 4787 1905 4858 Alphio,
1935 4787 2095 4858 epist.
2130 4786 2217 4841 72.
2255 4786 2343 4851 m,
2379 4785 2503 4841 648.
2530 4817 2598 4826 -
2624 4786 2812 4860 Menti.
2848 4785 3091 4849 111,632.

438 4861 610 4949 Ηίμεῖς
639 4861 1026 4949 ἐπεθυμοῦμεν
1050 4878 1147 4932 καὶ
1175 4877 1422 4946 παρόντα
1447 4861 1854 4931 σε’θεάσασθαι.
1894 4874 1935 4928 11

1917 4874 2184 4947 Iesychio,
2215 4877 2377 4945 epist.
2410 4875 2532 4933 176.
2568 4875 2659 4939 111,
2698 4875 2821 4929 712.
2853 4906 2924 4915 -
2950 4873 3137 4942 Menti.
3167 4871 3258 4937 III,
3291 4871 3414 4925 700.

389 4967 612 5036 ’Ἡμεῖς
642 4964 746 5018 κᾶν
775 4965 916 5036 αὑτὴ
945 4965 1240 5028 σπανιάκις
1272 4964 1631 5028 ὲπιστέλλεις.
1664 4963 1886 5028 Adolize,

1598 4982 1631 5028 ς.
1664 4963 1891 5028 Adolize,
1931 4965 2094 5034 epist.
2126 4964 2214 5019 57.
2247 4963 2336 5026 Ill,
2371 4963 2494 5019 648.
2522 4989 2593 5002 -ι
2617 4963 2804 5032 Menti.
2841 4962 2942 5029 III,
2971 4961 3095 5016 621.

413 5052 607 5122 Ἦμεῖς
640 5050 742 5104 κᾶν
768 5052 906 5121 πρὸς
943 5051 1114 5115 αὐτὰς
1140 5050 1470 5122 ἀφικώμεθα
1493 5051 1593 5121 τῆς
1621 5052 1910 5121 οἰκουμένη

1921 5069 1969 5114 ς.
2009 5052 2261 5122 Eulogio,
2287 5053 2450 5122 epist.
2479 5052 2566 5104 87.
2597 5051 2688 5118 III,
2721 5051 2845 5105 654.
2868 5049 3132 5119 —-Henti.
3171 5047 3260 5111 III,
3290 5047 3413 5102 639.

420 5139 616 5209 Ἡμεῖς
647 5139 746 5209 μὲν
772 5138 1108 5208 ἐϐουλόμεθα
1139 5139 1378 5209 συνεχῶς
1403 5139 1762 5193 ἐπιστέλλειν.
1793 5139 1914 5208 Elpi

1964 5141 2010 5194 io
2044 5140 2243 5209 episc.,
2283 5139 2444 5209 epist.
2472 5138 2562 5194 25.
2594 5139 2685 5203 111,
2725 5139 2846 5194 626.
2878 5167 2945 5177 -ο
2980 5137 3171 5205 Menti.
3205 5136 3308 5193 111.
3339 5133 3461 5189 609.

419 5229 610 5298 Ἡμεῖς
640 5227 738 5298 μὲν
767 5227 1072 5299 ὲποθοῦμεν
1098 5229 1193 5282 καὶ
1224 5229 1345 5291 ταῖς
1369 5227 1465 5281 τοῦ
1497 5227 1751 5298 σώματος
1784 5228 1916 5297 δψεσ

2021 5227 2318 5296 episcopis.
2349 5227 2524 5296 Epist.
2565 5226 2686 5280 154.
2716 5226 2804 5287 III,
2831 5225 2952 5279 702.
2978 5256 3047 5264 —
3066 5223 3254 5293 Menti.
3280 5222 3369 5283 IlI,
3395 5219 3514 5274 689.

419 5316 613 5387 Ἡμεῖς
645 5316 744 5385 μὲν
769 5317 946 5369 καίτοι
977 5315 1179 5387 χωρίον
1210 5315 1571 5387 ἐρημότατον.
1602 5314 1810 5370 Severo
1834 5331 1916 5385 prt

1901 5315 2180 5386 esbytero,
2218 5313 2380 5384 epist.
2419 5313 2541 5367 101.
2579 5313 2669 5375 111,
2696 5313 2817 5366 661.
2842 5342 2912 5352 -
2937 5310 3123 5378 Menti.
3150 5310 3239 5363 III.
3273 5309 3397 5362 647.

414 5403 606 5474 Ἡμεῖς
642 5402 741 5473 μὲν
770 5403 878 5473 πρὸ
907 5403 1006 5473 τῆς
1040 5403 1190 5472 χθές.
1221 5403 1428 5459 Contra
1459 5403 1755 5474 ignaviam,
1790 5413 1847 5456 et
1880 5418 1911 5471 q

2082 5415 2162 5456 nec
2194 5403 2361 5464 Deus,
2396 5414 2499 5454 nec
2532 5399 2804 5461 diabolus,
2837 5412 2936 5450 nec
2971 5396 3212 5450 hominis
3248 5403 3465 5457 natura,
3493 5391 3579 5446 sed

335 5492 591 5547 voluntas
615 5499 672 5545 et
701 5490 1020 5560 προαίρεσις
1058 5491 1129 5545 sit
1157 5492 1369 5561 peccati
1397 5506 1581 5546 causa.
1611 5491 1786 5546 Vertit
1821 5490 1976 5545 Joan.
2003 5489 2244 5544 Iacobus
2277 5489 2574 5542 Bcurerus.
2603 5487 2669 5549 II,
2699 5487 2823 5540 265.
2855 5515 2925 5526 —--
2950 5483 3140 5554 Menti.
3173 5483 3240 5548 11,
3269 5481 3393 5537 265.
3422 5479 3576 5534 Sat-it.

336 5579 426 5644 VI,
466 5578 590 5635 844.
624 5578 752 5632 Duc.
784 5577 852 5643 II,
884 5576 1008 5633 880.

422 5667 616 5736 Ἡμεῖς
653 5665 751 5735 μέν
782 5683 864 5717 σοι
897 5665 990 5717 καὶ
1019 5663 1211 5735 πρώην
1239 5665 1673 5734 ὲπεστάλκαμεν.
1705 5664 1919 5718 Timoth

2020 5663 2368 5734 presbytero,
2391 5662 2553 5732 epist.
2581 5662 2704 5715 211.
2736 5661 2825 5724 III,
2858 5660 2980 5714 728.
2999 5691 3066 5699 ——
3087 5659 3272 5726 Menti.
3293 5657 3381 5714 III.
3400 5655 3515 5708 717.

427 5755 617 5824 Ἡμεῖς
648 5754 772 5810 arma
807 5754 1186 5826 ὑπερορῶντες
1211 5754 1335 5809 οὔτε
1365 5754 1777 5824 ὀλιγωροῦντες.
1813 5753 2055 5824 Elpidio,
2085 5755 2252 5822 epist.
2287 5751 2404 5805 151.
2438 5751 2528 5814 111,
2559 5751 2683 5804 690.
2705 5749 2979 5818 -οΜοιιιῙ,
3012 5747 3101 5814 111,
3129 5748 3252 5802 676.
