3792 6402
94 411 268 469 1593
1359 415 1565 474 INDEX
1604 417 2146 479 ALPIIABETICUS.
2833 376 2838 379 δ
3235 421 3374 480 tam

87 527 540 670 ΞΘἒιαροιινέσας
563 526 920 602 εὐχαρίστους
939 525 1100 586 εἶναι.
1129 532 1183 600 9,
1202 531 1257 590 in
1282 532 1456 604 Epist.
1484 535 1550 590 ad
1571 538 1584 589 1

1874 537 1900 602 ἱ,
1923 536 2046 594 559.
2066 567 2136 579 -
2156 534 2346 607 Monlf.
2369 537 2460 604 XI,
2485 537 2608 594 590.
2633 535 2799 592 Socii.
2825 533 2920 600 IV,
2951 532 3073 589 156.
3110 533 3262 589 Duc.‘
3283 535 3371 598 VI,

140 787 146 790 _
185 720 512 792 Παρακαλῶ
537 721 705 791 ὑμᾶς,
736 722 976 792 ἀδελφοὶ.
1015 721 1091 795 μὴ
1124 726 1304 794 μόνον.
1350 725 1426 780 De
1460 741 1637 796 compt

1876 747 1916 793 ι,
1946 730 2210 800 patientia
2241 739 2297 787 et
2327 729 2606 788 desiderio
2636 729 2946 785 futurorum
2975 727 3247 784 bonorum
3272 767 3286 786 .
3321 737 3373 781 ot

93 810 372 866 secundo
398 809 602 866 Christi
627 811 888 868 adventu.
915 811 1114 885 Ecloga
1142 812 1256 887 [44]
1289 829 1356 870 ex
1382 813 1590 886 Chryse

97 897 254 953 917.
283 898 415 954 Duc.
447 899 620 955 deest.

1874 834 1880 868 ι
1906 817 2154 874 collecta.
2187 817 2306 884 XII,
2331 819 2533 889 879.f—
2560 817 2748 888 Montf.
2772 817 2890 884 XII,
2912 818 3036 874 761.
3065 815 3234 872 εαυὶί.
3261 815 3371 878 “¹¹1,

187 937 254 1054 τ’
282 937 736 1057 Παραλέιῖάμενα
761 986 1028 1042 καλεῖται.
1055 986 1318 1059 Synopsis
1351 989 1526 1044 Paral.
1556 989 1652 1043 lib.

1080 987 1318 1059 iynopsis
1351 989 1526 1044 ParaI.
1556 989 1652 1043 lib.
1689 1007 1724 1046 ι.
1757 990 1844 1056 VI,
1878 991 2001 1047 557.
2029 991 2306 1062 —Montf.
2335 993 2424 1056 VI.
2455 991 2577 1048 561.

190 1072 749 1145 Παραμυθησάμενος
780 1077 844 1129 ὲκ
870 1074 967 1129 τοῦ
995 1076 1356 1147 χαρίσματος.
1382 1075 1471 1140 50,
1511 1076 1565 1131 in
1591 1078 1600 1132 1

103 1158 258 1216 ⁵522.

1901 1079 1967 1141 Χ,
1993 1079 2191 1136 249-
2222 1079 2411 1151 Montf.
2435 1079 2502 1146 Χ,
2517 1078 2650 1134 268.
2689 1076 2856 1134 Saot'l.
2875 1077 2962 1143 IIl,
2981 1077 3103 1152 456.
3130 1077 3281 1132 Duc.“
3304 1077 3373 1132 γ.

197 1266 637 1340 [Παραπλησίως
669 1275 782 1337 τοῖς
815 1273 1100 1342 προτέροις
1124 1275 1219 1329 καὶ
1248 1269 1400 1340 οὗτος
1422 1278 1450 1330 ὁ
1483 1277 1542 1348 ψ.
1569 1277 1627 1332 In
1659 1293 1692 1347 p

1024 1290 1100 1338 οις
1124 1275 1219 1329 καὶ
1248 1269 1400 1340 οὗτος
1422 1278 1450 1330 ὁ
1483 1277 1542 1348 ψ.
1569 1277 1627 1332 In
1659 1277 1792 1347 psal.
1831 1293 1935 1332 ενι.
1963 1276 2158 1346 Spuria
2188 1285 2245 1333 et
2273 1278 2521 1346 omissa.,

203 1354 610 1428 [Παρελήλυθεν
641 1361 674 1430 ἡ
709 1360 924 1415 Παύλου
953 1363 1279 1434 πανήγυρις.
1307 1365 1365 1418 In
1395 1375 1641 1420 sanctum
1679 1367 1700 1420 I

1721 1366 1930 1420 aulum.
1952 1365 2148 1436 Spuria
2182 1376 2238 1421 ct
2269 1367 2515 1438 omissa.]
3212 1437 3218 1441 I

203 1446 491 1516 Παρῆλθεν
521 1449 554 1518 ἡ
586 1449 808 1519 νηστεία
836 1450 946 1502 τῶν
980 1451 1270 1505 Ἰουδαίων.
1299 1453 1366 1509 Vl
1399 1451 1582 1525 [VIII],

117 1529 274 1582 Duc.
306 1532 346 1582 1.
375 1534 498 1582 465.

1877 1469 1894 1509 5
1919 1455 2156 1510 Iudaeos.
2189 1455 2230 1510 I.
2261 1457 2384 1512 927.
2407 1486 2475 1496 -
2500 1455 2690 1526 Montf.
2719 1454 2760 1518 I,
2792 1453 2916 1508 675.
2944 1448 3109 1506 Saoil.
3131 1449 3196 1504 Vl
3215 1487 3230 1512 ,
3253 1447 3374 1502 554.

181 1547 274 1586 uc.
306 1532 346 1590 1.
375 1534 498 1588 465.

203 1618 251 1688 -ι-
288 1621 579 1690 Παροιμίαι
612 1621 974 1692 Σολομῶντος.
1007 1621 1269 1694 Synopsis
1299 1625 1558 1686 Proverb.
1589 1626 1678 1690 VI,

930 1639 974 1683 ς.
1007 1621 1269 1694 Synopsis
1299 1625 1558 1686 Proverb.
1589 1626 1678 1690 VI,
1705 1627 1828 1682 570.
1857 1659 1927 1669 —-
1957 1627 2147 1698 Montf.
2176 1629 2244 1684 VI
2266 1668 2281 1693 ,
2305 1629 2427 1689 575.

206 1707 367 1761 Πᾶσα
397 1709 582 1780 γραφὴ
613 1710 988 1773 θεόπνευστος.
1020 1712 1093 1766 De
1125 1711 1250 1775 ﬁde,
1277 1721 1332 1766 et
1357 1715 1475 1783 lege
1508 1725 1703 1768 natura

1886 1715 2056 1785 pit-itu
2074 1724 2282 1771 sancto.
2297 1715 2492 1772 .Vertit
2515 1716 2779 1772 incertus.
2801 1711 3072 1786 [Spuria.]
3090 1712 3131 1766 I.
3154 1711 3383 1767 IOSI.—-

119 1792 334 1865 Hontf.
366 1796 408 1857 I.
430 1796 554 1852 825.
581 1796 748 1853 Savil.
777 1799 864 1864 Vl,
896 1799 1020 1854 857.
1055 1799 1186 1862 Duc.
1210 1801 1298 1862 Vl,
1327 1801 1449 1857 149.

210 1879 394 1953 [Πᾶσα
423 1883 612 1954 Γραφὴ
645 1884 1002 1948 θεόπνευστος
1032 1885 1174 1938 κατὰ
1207 1885 1298 1938 τὸν
1329 1904 1536 1957 μακαρ.
1571 1888 1707 1940 ἁπόσ

1362 1904 1536 1957 .ακαρ.
1571 1888 1764 1942 ἁπόστ.
1798 1889 2127 1944 Prooemium
2159 1890 2215 1944 in
2245 1890 2438 1960 psalm.
2479 1889 2668 1944 Montf.
2691 1889 2757 1952 V,
2785 1887 2859 1960 1.]

210 1967 396 2040 [Πᾶσα
429 1971 610 2032 ἔνθεος
637 1970 958 2026 διδασκαλία
998 1973 1252 2040 συνάγειν
1285 1973 1463 2035 είωθε.
1501 1975 1560 2030 In
1598 1975 1704 2035 Laz

1447 2013 1463 2030 .
1501 1975 1560 2030 In
1598 1975 1886 2035 Lazarum.
1921 1976 2138 2046 Spuria.
2176 1975 2362 2030 Montf.
2390 1975 2482 2040 XI,
2515 1973 2663 2047 846.]
2693 1975 2785 2040 XI,
2819 1975 2939 2029 771.

212 2083 372 2135 Πᾶσα
401 2080 684 2146 εὐσεϐείας
714 2082 990 2146 ὑπόθεσις.
1023 2084 1142 2139 Non
1173 2083 1571 2154 Chrysostomi,
1599 2085 1694 2139 sed

1886 2087 2036 2148 -iani.
2067 2085 2400 2143 Gabalorum
2441 2088 2688 2158 episcOpi
2713 2127 2728 2146 .
2769 2085 2996 2141 homilia
3022 2086 3045 2138 1
3076 2085 3130 2139 in
3157 2082 3383 2138 Cosmo-

124 2170 362 2240 pmiam.
391 2169 479 2233 VI,
505 2169 628 2226 429.
710 2199 728 2209 -
756 2168 946 2240 Montf.
977 2169 1063 2234 VI,
1094 2169 1218 2232 456.
1249 2168 1414 2229 Savil.
1438 2170 1550 2232 VII.
1585 2171 1707 2247 587,
1738 2171 1870 2231 Duc.
1905 2173 2075 2228 deest.

211 2278 394 2331 Πᾶσαι
429 2278 528 2347 μὲν
557 2278 710 2345 ἅγιαι
735 2279 792 2332 αί
839 2277 1151 2332 Ἐπιστολαὶ
1179 2277 1412 2336 Παύλου.
1443 2278 1463 2332 1
1489 2317 1504 2342 ,
1535 2277 1590 2332 in
1615 2277 1708 2348 Epi

1890 2324 1892 2332 ι
1925 2279 2135 2338 Coloss.
2173 2279 2276 2344 XI,
2301 2278 2426 2334 299.
2451 2308 2524 2319 -
2569 2276 2759 2348 ΠοηιῙ.
2786 2275 2886 2340 XI,
2929 2274 3054 2330 522.
3093 2271 3266 2328 Saoil.
3296 2271 3387 2334 IV,

128 2370 235 2429 89,
276 2368 428 2426 Duc.“
455 2368 543 2431 VI,
576 2369 698 2430 147,

218 2457 398 2509 Πᾶσαι
429 2455 524 2524 μὲν
549 2454 700 2522 ἅγιαι
730 2456 784 2507 αἱ
815 2455 955 2508 θεῖαι
983 2455 1216 2524 Γραφαί.
1257 2455 1578 2511 Protheoria
1601 2457 1657 2510 in
1679 2456 1715 2510 P

1897 2469 1939 2510 s.
1983 2454 2256 2509 Incertum
2283 2469 2352 2508 an
2376 2451 2770 2524 Chrysostomi.
2798 2447 3063 2523 [Spuria.]
3085 2446 3150 2513 V,
3171 2445 3294 2504 555.
3324 2473 3394 2487 --

140 2540 346 2612 Monii.
376 2543 438 2605 V,
470 2542 594 2600 542.
621 2541 786 2597 Savil.
811 2543 875 2605 V,
909 2542 1032 2598 676.
1072 2541 1200 2596 Duc.
1227 2542 1401 2598 deest.

223 2629 400 2688 Πᾶσαι
434 2630 531 2698 μὲν
559 2631 615 2682 αἱ
646 2630 982 2699 μαρτυρικαὶ
1011 2631 1370 2700 πανηγύρεις.
1402 2630 1463 2684 In
1511 2638 1720 2685 sancta!

1898 2645 2101 2698 param.
2135 2629 2308 2685 Procli
2341 2626 2957 2698 Constantinopolitani.
2987 2625 3146 2680 FABR.
3174 2622 3236 2678 In
3261 2635 3395 2692 spuo

142 2715 274 2769 rIis.
304 2715 596 2771 Combelis.
635 2716 776 2770 Bibl.
809 2716 850 2779 l,
883 2717 1002 2770 559.
1036 2715 1220 2770 Iudice
1249 2715 1436 2770 Montt'.
1469 2715 1635 2770 IhnL.
1659 2717 1795 2781 VIII,
1834 2717 2032 2770 707.-
2053 2715 2249 2786 Montf.
2273 2715 2410 2779 VIII,
2432 2715 2558 2769 256.
2591 2713 2759 2770 Savil.
2784 2713 2850 2775 V,
2877 2712 3000 2767 887.
3033 2710 3164 2765 Duc.
3187 2710 3358 2765 deest.

221 2802 403 2874 [Πᾶσα
433 2804 532 2874 μὲν
561 2802 781 2871 γλῶσσα
811 2802 1118 2877 ἀνθρωπίνη
1146 2803 1244 2872 οὐχ
1277 2803 1456 2871 ἱκανή.
1487 2802 1546 2856 In
1583 2802 1715 2857 illud

1785 2801 1939 2857 Iesus
1963 2813 2140 2856 autem
2165 2803 2418 2872 fatigatus
2439 2800 2668 2854 sedebat.
2695 2799 2894 2869 Spuria
2926 2806 2982 2852 et
3005 2793 3255 2866 omissa.]

227 2895 410 2964 [Πᾶσα
440 2895 536 2962 μὲν
567 2894 753 2964 ἐντολὴ
787 2892 1001 2966 καθαρά
1027 2893 1121 2946 καὶ
1153 2893 1401 2962 διαυγής.
1434 2891 1589 2959 Quod
1621 2892 1716 2946 lilii

1686 2892 1716 2946 ii
1745 2893 1984 2948 debeant
2013 2903 2269 2962 parentes
2301 2893 2592 2947 honorare.
2623 2890 2821 2961 Spuria
2855 2897 2910 2945 et
2938 2885 3183 2958 omissa.]

229 2983 384 3035 Πᾶσα
422 2981 518 3052 μὲν
549 2981 720 3053 ἁρετὴ
750 2981 931 3034 καλόν.
966 2979 1033 3036 60
1063 2979 1202 3052 [61],
1239 2980 1293 3034 in
1323 2980 1480 3035 Joan.
1512 2981 1649 3035 VIII.
1673 2981 1726 3035 5ἒ

1792 3021 1796 3032 .
1822 3008 1887 3020 —
1915 2979 2104 3051 Montf.
2131 2979 2267 3044 VIII,
2291 2978 2414 3034 561.
2444 2976 2612 3034 Savil.
2638 2977 2706 3040 II,
2737 2977 2862 3032 810.
2893 2975 3049 3030 Duc.’
3078 2973 3145 3038 ll,
3167 2972 3289 3028 587.

229 3072 388 3124 Πᾶσα
425 3069 523 3138 μὲν
552 3071 610 3121 ὲν
636 3069 752 3138 Θεῷ
779 3068 1115 3122 διδασκαλία.
1154 3072 1202 3132 1,
1235 3068 1288 3122 in
1319 3068 1585 3122 Lazarum
1627 3083 1726 3136 qua

1902 3082 2075 3121 mum.
2123 3067 2238 3121 Non
2271 3065 2488 3122 videtur
2527 3080 2648 3120 esse
2686 3061 3083 3136 Chrysostomi.
3129 3060 3344 3117 Citatur
3370 3077 3399 3115 ιι

150 3159 496 3212 Dantasceno
523 3163 656 3210 tom.
687 3155 728 3222 I,
763 3171 884 3228 pag.
919 3155 1043 3211 871.
1071 3151 1239 3209 Savil.
1272 3154 1446 3210 edidit
1469 3153 1592 3216 VII,
1617 3153 1647 3208 5

1903 3153 1964 3223 tf.
1997 3153 2041 3208 11
2067 3195 2082 3219 ,
2117 3152 2222 3208 846
2242 3191 2258 3218 ,
2294 3153 2388 3209 sed
2423 3168 2547 3209 cum
2578 3153 2683 3208 hoc
2721 3151 2882 3206 initio
2912 3151 3062 3204 πᾶσα
3091 3148 3271 3212 ἔνθεος
3299 3147 3399 3202 διδ.

152 3246 296 3301 Duc.
329 3244 501 3300 deest.

234 3350 388 3402 Πᾶσα
425 3350 521 3417 μὲν
557 3349 590 3418 ἠ
615 3347 721 3401 ἀπὸ
746 3348 1026 3417 χειρόνων.
1057 3347 1118 3402 In
1147 3346 1547 3403 Exaltationem
1576 3346 1728 3402 cruci

1911 3353 2106 3408 crtum,
2139 3359 2209 3400 an
2230 3343 2626 3417 Chrysostomi.
2654 3342 2736 3414 [In
2766 3337 3018 3412 spuriis.]
3045 3337 3182 3404 VIII,
3208 3336 3408 3393 679.—

160 3437 354 3507 Mpntf.
387 3436 524 3498 VIII,
554 3435 677 3491 204.
721 3434 892 3490 Savil.
920 3435 984 3498 V,
1019 3435 1146 3490 825.
1175 3434 1306 3489 Duc.
1347 3434 1522 3489 deest.

239 3525 394 3577 Πᾶσα
431 3525 529 3592 μὲν
554 3525 735 3594 ἡμέρα
766 3523 986 3593 φαιδρά.
1017 3522 1077 3577 lu
1114 3521 1170 3577 S.
1207 3523 1606 3578 Peutecostem.
1639 3522 1736 3578 Inc

1906 3537 1916 3575 I
1951 3536 2021 3576 an
2061 3519 2455 3593 Chrysostomi.
2499 3519 2593 3576 XII
2619 3560 2634 3583 ,
2661 3519 2785 3576 955.
2811 3549 2882 3559 -
2905 3516 3096 3588 Hontf.
3125 3516 3249 3582 XII,
3281 3515 3403 3570 812.

158 3611 332 3670 Savil.
369 3612 478 3676 VII,
513 3613 634 3668 582.
671 3611 803 3674 Duc,
833 3610 1006 3666 deest.

241 3701 396 3752 Πᾶσα
427 3697 627 3769 πρᾶξις
662 3697 862 3766 ἀγαθή.
897 3697 973 3752 De
1011 3695 1258 3768 perfecta
1282 3695 1572 3760 charitatc,
1605 3696 1736 3752 Eclo

1888 3710 1912 3757 ι
1957 3693 2477 3768 Chrysostomianis.
2504 3695 2594 3760 VI,
2621 3694 2749 3753 279.
2812 3723 2862 3734 -
2910 3692 3102 3762 Montf.
3133 3692 3230 3755 VI,
3281 3690 3385 3747 287

162 3785 333 3841 Savil.
364 3786 459 3850 Vl,
493 3787 613 3841 712.
646 3785 778 3841 Duc.
807 3784 984 3841 deest.

241 3873 419 3945 [Πᾶσα
447 3873 645 3944 πρᾶξις
671 3875 764 3927 καὶ
793 3873 1211 3945 Θαυματουργία
1236 3871 1498 3944 Χριστοῦ.
1531 3871 1590 3932 In
1623 3873 1738 3932 adm

1336 3871 1498 3926 ιστοῦ.
1531 3871 1590 3932 1η
1623 3872 2235 3935 adorationem-crucis,
2271 3872 2470 3944 Spuria
2501 3881 2561 3928 et
2585 3870 2833 3946 omissa]

239 3959 428 4030 Πάσης
463 3960 561 4030 μὲν
590 3957 954 4015 θεοπνεύστου
986 3959 1228 4030 Γραφῆς.
1259 3959 1336 4014 De
1365 3958 1702 4014 instituenda
1732 3977 1736 4011 :

1914 3959 2034 4014 dum
2059 3961 2230 4020 Deum
2261 3961 2393 4022 vita.
2426 3971 2482 4016 et
2515 3961 2570 4014 in
2593 3960 2783 4016 Matth.
2815 3975 2908 4022 vn.
2943 3959 3048 4016 14ι
3077 3959 3314 4030 Angusta
3339 3963 3411 4010 est

166 4057 344 4114 parta.
377 4055 432 4102 et
472 4048 770 4103 Dominica:
802 4045 1084 4101 Orationis
1118 4047 1429 4116 explicatio.
1461 4047 1640 4102 Vertit
1669 4045 1912 4103 Achilles
1937 4047 2161 4104 Statius.
2188 4047 2501 4108 Lusitanus.
2531 4045 2713 4120 [Conf.
2741 4047 2931 4105 Menti.
2960 4048 3056 4119 qui
3077 4063 3197 4103 eam
3221 4044 3420 4102 asserit

164 4136 480 4209 Chrysost.]
513 4137 602 4197 111.
634 4137 722 4192 41.
745 4168 818 4178 -
845 4135 1035 4208 Montf.
1070 4137 1160 4201 Ill,
1190 4137 1281 4192 25.
1321 4135 1488 4198 Savil.
1513 4137 1580 4202 V,
1612 4137 1661 4192 ιε

640 4137 722 4192 41.
745 4168 818 4178 -
845 4135 1035 4208 Montf.
1070 4137 1160 4201 Ill,
1190 4137 1281 4192 25.
1321 4135 1488 4198 Savil.
1513 4137 1580 4202 V,
1612 4137 1732 4192 185.
1764 4135 1894 4197 Duc.
1920 4136 1988 4200 V,
2017 4137 2137 4194 157.

245 4224 459 4277 Παῦσαι
493 4223 819 4294 κατηγορῶν
847 4224 1004 4294 ἡμῶν
1039 4223 1197 4295 βραδ.
1231 4224 1541 4288 Theodoto,
1570 4225 1732 4294 epist.

1262 4224 1541 4288 ‘heodoto,
1570 4225 1732 4294 epist.
1764 4225 1885 4278 157.
1915 4223 2002 4278 III.
2032 4222 2154 4278 694.
2191 4253 2258 4268 -νο
2294 4220 2484 4293 ιΙοηιῙ.
2515 4222 2605 4282 III.
2636 4221 2759 4278 681.

246 4312 436 4380 Πάσχα
472 4312 571 4382 μὲν
597 4313 784 4381 γήϊνον
811 4309 1183 4380 ἑορτάζουσιν.
1219 4311 1278 4369 In
1309 4311 1536 4366 Pascha.
1564 4311 1743 4372 Dubiu

1917 4329 1924 4363 ι
1953 4308 2352 4380 Chrysostomi.
2381 4310 2479 4382 [lu
2503 4309 2763 4383 Spuriis.)
2794 4310 2942 4378 VIII,
2979 4309 3100 4366 725.
3126 4339 3198 4353 -
3225 4307 3414 4378 Montf.

169 4397 309 4463 VIII,
336 4399 462 4458 257.
496 4397 663 4453 Savil.
692 4399 757 4460 V.
783 4397 909 4452 917.
935 4397 1068 4452 Duc.
1097 4398 1273 4454 deest.

245 4493 438 4560 Πάσχα
471 4492 570 4561 μὲν
598 4493 947 4561 ἑορτάζουσιν
979 4492 1246 4553 Ἰουδαῖοι.
1278 4491 1338 4548 In
1364 4493 1592 4552 Pascha.
1625 4493 1742 4552 Dub

1924 4510 1988 4549 an
2017 4494 2415 4567 Chrysostomi.
2456 4493 2587 4551 VIII.
2619 4495 2811 4550 751.-
2844 4491 3035 4562 Montf.
3067 4491 3186 4547 Non
3218 4491 3421 4566 citatur

173 4579 231 4634 in
267 4578 381 4633 ind.
410 4577 576 4634 Savil.
603 4579 668 4643 V,
696 4579 821 4635 925.
854 4577 984 4633 Duc.
1016 4579 1194 4635 deest.

248 4673 432 4742 Πάτερ
458 4675 490 4742 ἡ
501 4673 616 4741 μῶν
645 4676 674 4726 ὁ
708 4675 766 4726 ὲν
791 4674 904 4736 τοῖς
937 4673 1183 4743 οὐρανοῖς
1202 4688 1219 4705 ο
1249 4674 1462 4744 πατέρα
1490 4673 1690 4743 λέγεις,
1717 4675 1745 4729 ά

1918 4693 1992 4729 πε.
2026 4677 2084 4732 In
2117 4675 2434 4732 Orationem
2459 4675 2827 4732 Dominicam.
2860 4673 3124 4735 Dubium.
3150 4687 3218 4727 an
3244 4671 3415 4744 Chry-

176 4761 425 4814 sostomi.
457 4760 616 4816 FABR.
655 4760 750 4815 Est
780 4767 1098 4830 excerptum
1128 4775 1196 4814 ex
1242 4775 1410 4831 opere
1438 4760 1693 4817 Germani
1730 4763 1968 4817 senioris
1989 4804 2002 4822 .
2035 4765 2360 4834 patriarchae
2386 4763 2932 4833 Constantinopollt.,
2967 4769 3023 4817 et
3049 4759 3373 4815 inscribitur
3405 4776 3420 4814 :

180 4847 406 4903 Theoria
430 4863 523 4902 seu
550 4847 900 4902 consideratio
925 4857 974 4901 et
1002 4849 1221 4917 mystica
1245 4848 1615 4918 contemplatio
1643 4865 1819 4902 rerum
1841 4849 2312 4906 ecclesiasticarum
2333 4891 2348 4915 ,
2381 4860 2520 4907 teste
2554 4850 2743 4906 Montt‘.
2779 4849 2874 4920 qui
2910 4847 2966 4904 id
2997 4847 3166 4919 igitur
3193 4847 3248 4902 in
3279 4845 3424 4918 Spu-

179 4936 282 4991 riis
313 4935 542 5006 posuit.]
576 4935 711 4999 VIII,
745 4934 868 4990 627.
899 4964 970 4976 -
1003 4933 1192 5004 Montf.
1223 4935 1359 4998 VIII,
1388 4934 1508 4991 149.
1547 4935 1712 4989 Savil.
1744 4936 1807 4998 V,
1843 4937 1964 4992 707.
1996 4937 2125 4992 Duc.
2157 4937 2334 4994 deest.

252 5021 575 5091 Πειθώμεθα
603 5021 661 5076 δὲ
690 5025 754 5090 τῇ
788 5021 908 5090 θεία
937 5021 1143 5092 Γραφῇ.
1184 5021 1282 5076 Est
1309 5020 1496 5089 ἠθικὸν
1514 5021 1749 5078 homiliae

1927 5024 2139 5080 sostomi
2170 5025 2237 5081 18
2260 5025 2316 5083 in
2345 5023 2545 5081 Genes.
2578 5023 2654 5080 Ex
2685 5022 2873 5080 codice
2900 5009 3151 5080 Naniano
3167 5020 3258 5086 45.
3279 5021 3424 5092 apud

177 5109 378 5164 codices
409 5109 663 5164 Noniani.
688 5109 828 5169 XIII.
862 5107 1155 5180 Supplem..
1186 5109 1291 5162 col.
1316 5107 1438 5163 499.

257 5195 614 5268 Πεπλήρωται
643 5199 773 5267 ἡμῖν
805 5196 1008 5249 λοιπόν.
1039 5195 1096 5250 In
1137 5210 1330 5266 magna
1367 5195 1687 5251 Parasceve.
1710 5196 1754 5253 V

1928 5199 2119 5256 Fronto
2158 5201 2413 5258 Ducaus.
2455 5197 2723 5273 [Spuria.]
2755 5200 2834 5267 II,
2865 5197 2990 5256 811.
3032 5227 3100 5240 -—
3131 5196 3320 5269 Mani].
3358 5197 3425 5263 II,

182 5288 304 5343 816.
345 5287 510 5345 Savil.
536 5289 602 5354 V,
633 5289 754 5345 906.
786 5288 916 5343 Duc.
952 5287 1040 5350 VI,
1065 5286 1189 5342 556.
2795 5345 2801 5352 .

258 5376 392 5445 Περὶ
422 5377 602 5453 γάμου
632 5375 822 5446 πρώην
851 5377 1004 5446 ἡμῖν.
1047 5374 1107 5428 In
1135 5373 1156 5428 I
1189 5372 1316 5429 Cor.
1349 5387 1422 5429 γη
1448 5389 1461 5426 :
1495 5371 1551 5428 41
1557 5373 1691 5428 utier
1712 5393 1755 5429 at

1929 5384 2042 5430 ιειι
2068 5374 2188 5447 legi.
2224 5373 2404 5431 Vertit
2427 5373 2692 5431 incertus.
2719 5372 2822 5439 III,
2848 5372 2974 5430 217.
3013 5403 3082 5414 —
3110 5373 3296 5444 Montf.
3334 5370 3426 5430 III.

184 5461 312 5524 205.
342 5462 507 5518 Satn'l.
537 5463 602 5525 V.
633 5464 756 5519 957.
784 5461 916 5516 lluc.
947 5461 1072 5516 251.

259 5549 421 5622 [Περὶ
448 5551 558 5623 γὰρ
583 5549 682 5620 τῆς
713 5550 946 5619 ἡμέρας.
983 5549 1080 5604 Est
1109 5546 1475 5618 fragmentum
1507 5547 1562 5601 in
1595 5547 1756 5602 decen

996 5549 1080 5604 Bst
1109 5546 1475 5618 fragmentum
1507 5547 1562 5601 in
1595 5547 1782 5603 decem
1814 5549 2057 5621 virgines
2088 5545 2493 5622 Anglicanum.]

151 5697 157 5714 θ
263 5639 422 5714 [Περὶ
447 5639 556 5710 γὰρ
584 5637 691 5692 τῶν
716 5636 1034 5701 Γαλιλαίων,
1070 5629 1146 5689 ὧν
1179 5633 1542 5705 ἀπήγγειλαν.
1581 5633 1640 5690 In

1278 5633 1542 5705 ῇγγειλαν.
1581 5633 1640 5690 1η
1670 5634 1924 5694 Galilaaos
1948 5639 2180 5695 occisos.
2209 5637 2404 5710 Spuria
2435 5643 2494 5693 et
2525 5635 2775 5709 reiecta]

260 5729 394 5799 Περὶ
417 5727 705 5798 δογμάτων
738 5725 868 5796 ὑμῖν
900 5724 1227 5797 ἔμπροσθεν.
1256 5723 1332 5780 De
1362 5723 1757 5781 resurrectiont

1932 5735 2179 5782 tuorum.
2212 5723 2389 5781 Vertit
2439 5723 2702 5780 Incertus.
2735 5723 2801 5791 II,
2855 5721 2980 5779 417.
3027 5749 3098 5768 -ο
3142 5717 3331 5791 ΜοηιῙ.
3363 5717 3429 5794 Π,

189 5819 308 5884 122.
343 5815 504 5870 Savil.
533 5815 619 5880 VI,
653 5813 772 5871 705.
806 5811 938 5871 Duc.
963 5813 1025 5877 V,
1064 5811 1182 5870 450.
1807 5813 1810 5820 ’
