4194 6504
448 433 514 488 ιθ
1805 422 2050 481 SPURIA
2093 420 2427 493 QUAZDAM.
3682 434 3752 489 20

441 541 681 597 Verbum
721 552 882 607 supra
926 535 1216 607 cherubim
1264 534 1449 600 sedet;
1497 544 1555 591 ut
1581 549 1708 591 caro
1736 536 1843 591 mei
1875 550 2040 592 causa

438 627 557 668 mea
586 606 836 674 sustinet,
866 619 926 664 ut
953 606 1191 664 Verbum
1220 622 1340 678 qua:
1363 606 1537 678 Patris
1560 618 1681 662 sunt
1716 607 1835 663 sine
1860 607 2048 678 labore

435 694 715 753 operatur.
741 680 799 735 In
823 680 1025 753 nuptiis
1046 680 1229 753 vinuni
1252 693 1317 753 ex
1338 677 1694 753 aquafundit,
1720 677 2044 753 principium

433 748 820 809 miraculorum
867 748 920 805 in
956 750 1100 804 Cana
1139 748 1408 803 exhibens
1439 766 1452 801 :
1488 748 1709 805 luminis
1746 750 1920 817 aperit
1956 748 2047 817 ja--

434 840 607 891 nuas,
644 823 756 877 luto
797 822 1075 892 digitoque
1102 820 1299 892 oculos
1327 834 1495 892 novos
1535 819 1757 892 facietist
1798 819 2038 892 Leproso

433 889 600 960 dixit,
630 893 781 959 Volo,
813 889 1062 946 mundare
1098 891 1119 961 (
1146 889 1331 944 Matth.
1355 889 1491 951 VIII.
1523 892 1590 955 5,
1622 900 1666 944 et
1694 890 1765 945 IX
1786 930 1802 955 ,
1835 890 1869 945 6
1895 892 1912 960 )
1942 907 1956 950 :
1987 898 2043 946 et

436 975 553 1036 post
578 966 763 1020 datam
792 979 981 1019 vocem
1012 963 1234 1017 morbus
1264 960 1797 1036 nullus_erat_:_dici_t
1824 962 2039 1036 paraly-

434 1031 571 1102 iieu,
618 1036 832 1106 Surge;
860 1049 962 1089 vos
993 1044 1172 1106 autem
1204 1047 1301 1101 pro
1339 1031 1563 1106 pedibus
1594 1031 1693 1106 fuit
1716 1071 1732 1095 ,
1778 1031 2039 1106 brevique

432 1101 683 1176 tempore
714 1101 961 1160 inﬁrmus
992 1104 1313 1176 mandatum
1330 1103 1480 1176 quasi
1510 1101 1818 1176 ambulandi
1852 1101 2036 1172 potes-

433 1173 597 1234 tatein
623 1178 837 1241 accepit
868 1194 885 1230 :
918 1176 1066 1231 venit
1094 1173 1158 1229 ad
1189 1173 1316 1228 Jairi
1347 1174 1589 1239 domum,
1621 1173 1901 1243 luctusque
1931 1184 2040 1228 sta-

431 1251 524 1304 tim
552 1249 608 1303 in
640 1248 895 1315 gaudium
929 1254 1165 1301 mutatus
1194 1252 1297 1299 est.
1327 1244 1407 1298 En
1438 1243 1598 1299 hodie
1623 1258 1839 1315 quoque
1883 1246 2037 1299 turba

428 1315 797 1375 circumdatus
834 1326 959 1385 est,
990 1315 1300 1372 vestimenti
1349 1316 1559 1369 ﬁmbria
1597 1316 1832 1381 emicat,
1875 1326 2039 1385 atque

428 1391 550 1446 ﬁdei
585 1390 763 1446 imbre
791 1388 997 1444 fluxum
1039 1386 1335 1443 inundavit.
1374 1385 1512 1453 Quid
1554 1387 1696 1441 enim
1734 1385 1845 1456 jam
1880 1388 2036 1442 nobis

428 1462 678 1516 narravit
702 1462 1032 1530 evangelista
1055 1500 1070 1525 ,
1101 1457 1225 1513 ﬁdei
1265 1456 1470 1530 fructus
1502 1459 1779 1526 proferens
1803 1457 2036 1530 multifa-

427 1533 535 1587 rios
555 1532 581 1586 ἲ
614 1533 748 1587 Erat
775 1528 920 1586 enim
951 1530 1167 1601 quidam
1209 1529 1457 1601 princeps
1482 1543 1767 1599 synagoga:
1789 1568 1803 1591 ,
1838 1528 2034 1601 ilnysis

427 1601 606 1673 legum
637 1612 827 1658 custos
852 1645 867 1669 ,
909 1598 1200 1672 populique
1239 1598 1541 1673 institutnri.
1555 1598 1788 1673 nomine
1830 1598 2028 1673 Jairus.

426 1669 560 1729 lluie
583 1689 749 1729 unam
771 1669 997 1745 gratiam
1021 1669 1208 1727 natura
1230 1670 1470 1745 dedierai,
1495 1669 2028 1745 liiiamunigenitam,

426 1745 564 1799 circa
594 1739 1063 1816 quam'orcupata
1094 1751 1211 1797 erat
1226 1740 1393 1816 turba
1422 1739 1799 1816 familiarium,
1832 1751 2030 1816 utmos

422 1825 502 1869 est
530 1810 745 1884 parenti
768 1810 1010 1870 sobolem
1040 1813 1263 1868 amanti.
1289 1812 1377 1884 At,
1409 1823 1467 1884 ut
1495 1810 1728 1884 videtur,
1757 1813 2030 1884 nesciebat

420 1899 479 1940 se
500 1882 666 1951 ,‘non
698 1888 765 1941 ad
794 1886 1194 1941 successionem
1218 1925 1232 1947 ,
1263 1882 1359 1938 sed
1388 1883 1454 1937 ad
1494 1882 1840 1937 immaturum
1871 1882 2030 1939 funus

421 1955 559 2010 hanc
603 1972 830 2012 curare.
867 1955 1083 2011 Morbus
1126 1955 1268 2010 enim
1309 1954 1487 2024 gravis
1527 1953 1805 2016 incidens,
1856 1955 2024 2023 ipsam

418 2027 639 2092 quidem
690 2028 850 2082 morti
880 2028 1109 2082 vicinam
1142 2025 1350 2088 reddit,
1399 2033 1603 2093 patrem
1630 2040 1759 2080 vero
1789 2025 1928 2080 bona
1956 2025 2026 2082 de

418 2097 504 2152 illa
551 2113 657 2167 spe
699 2099 932 2153 orbavit.
971 2097 1169 2152 Verum
1211 2097 1433 2150 morbus
1470 2094 1561 2167 ille
1603 2109 1709 2167 non
1752 2097 2027 2166 superavit

418 2165 629 2225 fidem:
671 2171 852 2225 statim
882 2169 1025 2224 enim
1056 2170 1395 2223 Servatorem
1428 2166 1539 2220 adit
1593 2165 1772 2221 Jairus
1793 2207 1808 2230 ,
1828 2165 1901 2221 et
1937 2182 2022 2222 ro-

417 2250 504 2309 gat
530 2240 764 2295 domum
796 2255 949 2295 suam
979 2240 1181 2294 veniat.
1209 2237 1471 2292 Dominus
1500 2252 1639 2309 vero
1656 2253 1715 2291 se
1742 2252 2024 2293 accersen-

421 2319 524 2382 tetn
556 2312 991 2382 promptitudine
1016 2309 1293 2382 praecedit;
1316 2310 1390 2382 ait
1415 2309 1580 2382 enim,
1606 2308 2022 2382 Surgensseqiie-

414 2376 571 2435 batur:
592 2376 739 2436 eum'
762 2384 781 2454 (
809 2383 998 2435 Matth.
1017 2376 1100 2436 ἸΧ
1120 2422 1136 2447 ,
1173 2381 1239 2435 19
1330 2377 1480 2454 νει]θῂ
1502 2388 1680 2454 autem
1702 2376 1730 2443 ,⁷
1758 2395 1792 2433 o
1819 2380 2016 2454 fidelis,

413 2453 585 2521 qualis
613 2468 646 2506 a
684 2449 913 2509 muliere
944 2453 1238 2507 instituitur
1260 2449 1403 2519 jnsta
1434 2449 1711 2521 violentia,
1741 2451 1898 2520 quale
1926 2466 2016 2506 sa-

411 2519 569 2593 piens
610 2527 819 2578 furtum
860 2523 1166 2588 adhibetur,
1198 2521 1374 2593 qualis
1400 2536 1430 2575 a
1461 2519 1656 2593 femina
1686 2519 2020 2591 exeogitatur

415 2591 636 2662 periculi
665 2611 861 2664 expers
887 2604 1071 2665 raptus
1096 2611 1112 2649 :
1143 2591 1357 2664 oportet
1379 2592 1522 2647 enim
1549 2591 1698 2665 illum
1719 2595 2018 2665 accelerate

414 2661 558 2719 uictu
590 2661 751 2721 viain
788 2661 1213 2736 illam—propere
1262 2661 1773 2736 transire._Hulier,
1822 2664 2012 2736 inquit,

410 2752 522 2804 qua:
547 2739 824 2807 sanguinis
850 2733 1052 2808 ﬂuxum
1084 2733 1370 2807 patiebatur
1399 2733 1680 2808 duodecim
1708 2734 1858 2808 annis
1877 2733 2013 2801 {ac-

411 2809 555 2861 cessit
584 2805 761 2873 reim,
783 2819 828 2862 et
850 2805 1015 2879 tetigit
1043 2805 1296 2874 ﬁmbriam
1319 2805 1602 2879 vestimenti
1634 2806 1765 2873 ejus.
1795 2805 2014 2879 pigebat

410 2879 550 2956 enini
568 2880 816 2956 intrasti,
838 2880 901 2934 Si
922 2874 1137 2956 tetigero
1167 2886 1385 2956 tantum,
1414 2876 1557 2956 salva
1650 2891 1743 2956 ero
1783 2874 1803 2948 (
1837 2874 2010 2943 Ibid.,

409 2948 496 3014 20,
519 2950 583 3003 2i
602 2955 653 3021 ).
680 2951 786 3021 llic
815 2947 1077 3014 medicus,
1108 2949 1299 3018 inquit,
1322 2962 1357 3021 e
1377 2947 1519 3003 caelo
1541 2947 1723 3021 venit;
1745 2963 1849 3001 non
1876 2962 2015 3021 prai-

410 3021 537 3090 eipit
557 3017 962 3077 medicamenta
994 3017 1384 3090 magni’pretii,
1405 3032 1509 3072 non
1532 3017 1675 3073 ferro
1703 3028 1869 3090 secat,
1912 3018 2013 3073 do—

412 3089 552 3145 lores
577 3108 696 3145 non
720 3093 880 3147 infert
904 3112 917 3147 :
944 3089 1233 3161 novitquac
1247 3090 1314 3144 ad
1332 3089 1584 3161 feminam
1614 3089 1919 3156 pertinent;
1942 3105 2009 3145 ex

410 3162 616 3227 virgine
648 3163 797 3217 enim
838 3171 1031 3228 matre,
1062 3160 1340 3226 ut’voluit,
1386 3160 1651 3224 accessit;
1684 3174 1789 3213 non
1820 3170 2010 3215 conta-

409 3233 648 3289 minatur
671 3233 889 3290 dolores
909 3235 1119 3289 abditos
1143 3230 1509 3303 exquirendo;
1540 3231 1655 3303 ipse
1672 3240 1755 3303 est
1776 3241 2010 3286 secreto.

409 3319 522 3357 rum
553 3306 859 3373 inSpector.
887 3306 1077 3360 Mulier
1100 3300 1243 3367 sum,
1274 3313 1328 3357 et
1356 3302 1604 3357 morbum
1634 3300 1831 3356 findunt
1858 3316 2012 3357 arca—

412 3389 661 3445 numque
701 3377 1028 3432 circumfero
1066 3394 1079 3429 :
1119 3375 1293 3430 habeo
1333 3374 1476 3427 enim
1523 3387 1640 3445 non;
1666 3373 2011 3445 evacuandos

414 3443 700 3517 sanguinis
721 3447 916 3514 fluxus,
935 3458 988 3502 et
1013 3463 1116 3500 non
1135 3447 1445 3517 deficientes
1472 3443 1737 3517 canalium
1764 3443 2010 3513 impuro-

408 3514 531 3589 rnni
562 3519 769 3573 fontes.
813 3518 959 3589 Egeo
990 3519 1156 3589 igitur
1192 3516 1374 3579 fonte,
1401 3516 1491 3589 qui
1530 3514 1616 3589 ille
1654 3514 1913 3589 ip_se_est,
1953 3522 2011 3589 ut

406 3587 539 3641 clam
569 3601 768 3657 purget
794 3584 1103 3644 indecorum
1133 3588 1335 3642 ﬂuxum
1367 3604 1382 3641 :
1414 3586 1499 3639 lex
1526 3585 1671 3639 enim
1700 3584 2007 3657 huiusmodi

409 3656 657 3713 morbum
688 3656 798 3714 uon
830 3661 1082 3715 admittit.
1108 3658 1286 3714 Turba
1315 3672 1402 3712 me
1430 3657 1681 3710 miseram
1706 3656 1860 3725 quasi
1885 3656 2009 3711 abo-

409 3728 720 3785 minandam
747 3741 899 3786 arcet
931 3751 945 3786 :
976 3731 1069 3785 sed
1103 3728 1448 3800 prsesensille
1474 3726 1738 3800 medicus,
1768 3728 1877 3795 qui,
1914 3743 2008 3800 na-

406 3807 534 3852 tum
559 3801 989 3866 conditor,illam
1012 3817 1081 3858 ex
1106 3797 1253 3855 costa
1280 3798 1549 3862 formavit,
1578 3797 1715 3851 haud
1739 3798 2008 3853 recusabit

408 3880 595 3923 sanare
620 3889 636 3922 :
665 3873 835 3939 verbo
853 3874 995 3927 enim
1017 3872 1134 3927 solo
1149 3872 1320 3939 jubet,
1340 3879 1393 3924 et
1414 3869 1636 3925 morbus
1663 3884 1769 3923 non
1794 3878 2004 3925 manet:

409 3938 653 3994 turbatur
684 3938 910 4009 Spiritu,
943 3954 997 3993 et
1032 3938 1340 4009 alLinferno
1367 3949 1606 4009 mortuos
1633 3941 1804 4009 exigit
1834 3957 1848 3993 :
1880 3955 2008 4008 pau-

404 4010 477 4061 cis
504 4007 743 4078 panibus
779 4013 938 4065 satiat
978 4008 1271 4069 cliiliadas;
1306 4012 1519 4065 lavatur
1554 4007 1807 4078 iacryn'iis
1833 4018 1891 4062 et
1921 4027 2007 4066 re-

405 4074 683 4135 missionis
713 4081 911 4136 fluenta
944 4081 1123 4136 mittit.
1154 4080 1324 4134 Nemo
1352 4086 1529 4130 autem
1558 4074 1871 4142 hoc'audet,
1903 4080 2004 4134 nisi

406 4150 535 4221 iides
559 4167 764 4221 expers
790 4152 1160 4206 dubitationis.
1189 4150 1337 4221 llauc
1359 4148 1519 4221 igitur
1549 4149 2003 4221 manuduetriccm

404 4219 455 4273 in
482 4218 667 4276 anima
697 4224 988 4291 accipiens,
1012 4222 1170 4277 adibo
1198 4218 1498 4291 conlidens,
1527 4228 1582 4272 et
1608 4228 1752 4291 tactu
1777 4218 1930 4291 facile
1951 4230 2005 4275 et

404 4291 634 4349 latenter
655 4287 945 4349 sanitatem
967 4287 1249 4364 abripiam.
1284 4291 1347 4346 Et
1376 4289 1419 4343 si
1450 4287 1586 4343 forte
1615 4287 1829 4347 lateam.
1856 4288 2005 4343 lucro

402 4364 501 4417 erit
527 4379 621 4419 res
664 4374 773 4419 tota
814 4379 948 4419 :me
976 4366 1120 4420 enim
1166 4365 1391 4418 salutem
1429 4370 1838 4418 consecuturum
1882 4373 2004 4415 esse

403 4434 511 4487 scio
540 4454 555 4489 :
587 4437 634 4489 si
665 4451 800 4491 vero
831 4452 937 4489 non
971 4436 1142 4492 latens
1165 4435 1217 4488 in
1250 4432 1484 4488 medium
1529 4444 1743 4494 evocer,
1775 4445 1880 4483 non
1914 4444 2003 4484 re-

403 4508 734 4575 prehendar,
784 4506 929 4577 quod
968 4506 1212 4561 sanitatis
1259 4501 1638 4570 recuperandae
1681 4514 1842 4555 causa
1876 4499 2004 4577 hinc

402 4570 529 4631 ausa
560 4578 666 4632 sim
695 4570 730 4641 ,’
761 4570 939 4648 neque
983 4594 1013 4632 a
1058 4593 1146 4632 me
1185 4583 1538 4648 reposcentiur
1578 4586 1643 4627 ea
1670 4611 1686 4637 ,
1718 4587 1837 4640 qua:
1868 4570 2004 4627 ﬁdes

400 4648 632 4712 abripuit
658 4666 671 4702 :
703 4644 866 4718 hujus
896 4650 1060 4711 enim,
1086 4644 1277 4718 utpote
1300 4647 1413 4705 Dei.
1440 4644 1703 4698 donorum
1729 4657 2001 4718 nunquam

399 4721 647 4790 Ptianitct.
669 4712 802 4774 Nam
814 4722 901 4790 qui
918 4721 1051 4775 dixit
1070 4712 1385 4790 mari,Tace,
1401 4718 1684 4790 obnuttesce
1699 4712 1775 4783 (Μ
1782 4729 1889 4790 qrc.
1909 4712 1999 4780 IV,

404 4788 473 4861 59
496 4791 515 4859 )
541 4831 558 4854 ,
593 4792 791 4846 secreti
819 4784 1032 4861 queque
1060 4789 1226 4845 fontis
1252 4790 1355 4843 mei
1387 4802 1455 4861 os;
1477 4784 1769 4839 obturabd.
1788 4784 2003 4861 '_Adesto

402 4855 561 4925 igitur
591 4863 728 4916 fides
752 4904 766 4925 ,
801 4855 853 4916 iii
889 4855 1161 4930 posterum
1191 4862 1375 4929 accipe
1413 4858 1654 4920 clavum,
1688 4864 1758 4930 et
1782 4855 2001 4909 fluetum

376 4933 737 5000 tempestatis
761 4927 1012 4988 celeriter
1037 4927 1341 5001 compesce,
1374 4938 1429 4984 ut
1470 4937 1677 5001 turpem
1707 4927 1849 4980 illam
1877 4940 2001 4980 cor-

399 5004 548 5074 poris
573 5005 832 5074 scapham
854 5006 904 5058 in
940 5003 1283 5073 tranquillum
1308 5003 1452 5074 illum
1477 5000 1736 5053 deducam
1765 5010 1996 5074 portum.

402 5071 531 5126 Nam
565 5076 649 5129 vel
676 5069 831 5154 'stilla
864 5077 983 5154 ejus
1007 5069 1186 5154 auitilii
1219 5074 1336 5129 sine
1364 5071 1547 5154 Ιειϋρτθ
1575 5077 1751 5154 potest
1787 5069 2003 5138 sangui-

403 5158 524 5216 itum
554 5147 826 5215 gurgitem
852 5187 867 5211 ,
894 5142 985 5216 qui
1020 5148 1070 5200 in
1104 5152 1336 5216 meest,
1367 5143 1652 5216 suffocare.
1696 5142 1829 5216 _Cttu_t
1875 5154 2002 5193 vero

404 5211 518 5286 lace
552 5210 739 5271 secum
774 5210 940 5286 [ποιιέ
969 5215 1347 5281 consuluisset,
1380 5228 1465 5268 res
1492 5214 1577 5286 vix
1605 5210 1879 5265 audendas
1908 5226 2003 5263 au-

402 5284 586 5341 dacter
614 5283 925 5359 aggreditur
954 5305 969 5341 :
1007 5303 1105 5343 nec
1140 5296 1355 5356 tempus
1384 5283 1610 5349 metuit,
1652 5296 1752 5336 nec
1776 5296 2000 5359 pauper-

408 5362 566 5411 tatem
616 5352 960 5426 coiisiderat,
1017 5374 1117 5415 nec
1160 5352 1370 5412 turbam
1422 5363 1702 5418 numerat;
1750 5352 1846 5408 sed
1887 5355 2003 5408 hinc

400 5472 2020 5497 μαψ-ῃ*-

2024 5477 2150 5489 ..ι-.-

2160 534 2338 608 omnia
2365 549 2461 605 per
2482 534 2663 608 ﬁdem,
2688 535 2795 591 imo
2818 544 2994 608 potius
3018 552 3140 595 cum
3168 541 3270 596 ﬁde
3292 542 3617 607 transiliens,
3648 547 3751 602 Dn-

2154 606 2287 661 :uini
2312 606 2885 679 tutiiramgcfanculum
2918 611 3216 679 tangendo.
3250 615 3495 669 sanitatis
3534 615 3741 673 lucrum

2153 688 2453 748 opportune
2490 677 2782 748 subripuit;
2818 677 3068 737 unionem
3098 698 3219 738 cum
3252 684 3341 739 illo
3370 684 3739 743 liberationem

2152 761 2182 800 a
2212 746 2399 801 morbo
2419 747 2535 805 fore
2553 746 2851 816 conﬁdens,
2879 767 3006 807 vere
3024 752 3246 808 liberata
3267 766 3349 810 est
3368 772 3381 818 ;
3401 757 3580 812 statim
3602 760 3744 814 enim

2153 818 2353 873 Sancta
2398 829 2471 873 est
2509 819 2664 901 plaga
2693 820 2900 901 (μαι-ε.
2944 822 3008 889 ν,
3042 824 3112 901 29
3225 825 3515 881 Duodecim
3547 830 3746 901 quippe

2150 903 2321 968 annos
2350 905 2474 968 eum
2491 891 2694 968 _morbo
2722 891 3201 968 luctansquotidie
3227 906 3281 951 et
3305 891 3594 968 quotannis
3616 891 3744 965 {vi-

2151 967 2257 1035 tam
2284 960 2664 1035 suffurabatur,
2692 977 2907 1033 semper
2929 960 3187 1035 jugulata,
3214 978 3266 1021 et
3292 960 3470 1024 tamen
3500 984 3606 1024 non
3620 960 3744 1025 ’πιο-

2147 1031 2312 1086 riens.
2332 1031 2513 1109 Primo
2533 1035 2684 1109 enim
2698 1031 2840 1109 anno
2862 1035 2913 1089 in
2931 1031 3178 1109 laborum
3202 1038 3402 1109 aliquot
3421 1050 3476 1094 et
3496 1040 3744 1098 dolorum

2146 1103 2549 1181 perpessionem
2582 1104 2769 1181 incidit
2798 1123 2810 1159 :
2841 1106 3078 1161 secundo
3108 1122 3270 1181 anno.
3293 1103 3548 1165 'obscuraa
3580 1111 3743 1181 hujus

2146 1172 2296 1227 urbis
2322 1176 2776 1230 tumultuabantur
2802 1186 3008 1232 secreta
3040 1195 3053 1231 :
3094 1180 3286 1235 tertius
3317 1181 3504 1235 aderat
3545 1172 3738 1249 ann'us,

2144 1253 2199 1298 et
2237 1259 2524 1299 nervorum
2555 1262 2915 1316 venarumque
2947 1258 3154 1303 tumore
3183 1252 3520 1307 adiciebatur
3553 1270 3566 1304 :
3598 1270 3740 1307 anno

2143 1327 2336 1383 quarto
2360 1357 2399 1392 ,_
2426 1316 2542 1372 fons
2582 1318 2797 1392 quidam
2841 1320 3158 1392 sanguinutn
3190 1336 3261 1375 ex
3308 1322 3395 1376 illa
3426 1326 3693 1392 processit
3724 1343 3737 1378 :

2141 1387 2522 1460 annoquinto,
2559 1389 2792 1460 undique
2832 1389 3020 1444 medici
3047 1387 3463 1460 concurrcbaui,
3495 1395 3737 1450 membra

2141 1454 2509 1523 denudantes,
2541 1454 2784 1534 qure__fas
2818 1474 2925 1514 non
2964 1473 3046 1517 est
3084 1478 3113 1516 a
3154 1464 3411 1534 masculis
3448 1454 3688 1534 conspici
3721 1483 3736 1519 :

2138 1536 2324 1582 sextus
2349 1544 2519 1605 annus
2545 1529 2950 1605 conficiebatur,
2983 1531 3262 1605 etitnaluim
3306 1535 3477 1605 magis
3519 1529 3734 1591 auctum

2139 1606 2222 1652 est
2255 1615 2267 1652 :
2297 1601 2526 1681 septimo
2552 1615 2693 1681 anno
2715 1643 2728 1664 ,
2764 1603 2922 1681 lamis
2954 1604 3143 1672 opibus
3168 1602 3353 1658 effusis
3374 1601 3735 1681 {sanguinum

2138 1671 2410 1742 corruptio
2438 1671 2634 1725 mansit
2662 1671 2974 1727 inexhausta
2998 1671 3023 1727 ':
3056 1683 3276 1729 octavus
3304 1690 3477 1730 annus
3507 1671 3734 1742 adstitit,

2137 1748 2191 1793 et
2218 1741 2411 1794 medici
2440 1756 2500 1796 se
2521 1746 2711 1796 ‘victos
2746 1742 3142 1800 conﬁtebantur
3171 1762 3185 1798 :
3228 1760 3372 1800 nono
3397 1761 3562 1811 anno,
3598 1749 3735 1804 hanc

2137 1825 2360 1879 prorsus
2386 1811 3146 1883 desperatamrelinquentes,
3173 1816 3423 1871 abierunt
3447 1835 3462 1871 :
3493 1816 3733 1875 decimus

2134 1894 2309 1936 annus
2329 1882 2797 1953 appropinquavit,
2822 1893 2877 1939 et
2898 1882 3013 1939 erat
3042 1886 3236 1941 mulier
3259 1895 3368 1941 tttm
3392 1886 3734 1952 facultatibus

2136 1958 2247 2007 tum
2291 1955 2517 2030 sanitate
2539 1954 3065 2030 prorsusdestituta
3086 1975 3109 2030 εξ
3133 1957 3418 2030 undecimo
3443 1974 3607 2028 anno,
3640 1975 3735 2030 np-

2135 2037 2337 2100 p_ress:e
2376 2023 2657 2080 doloribus
2701 2025 2880 2100 nullus
2930 2027 3141 2100 adstitit
3166 2029 3477 2100 Opitulator.
3515 2023 3731 2086 Duode-

2131 2094 2304 2149 cimns
2333 2110 2507 2150 annus
2537 2097 2941 2161 numerabatur,
2973 2107 3029 2152 et
3056 2094 3356 2154 animarum
3402 2100 3646 2157 medicus
3677 2104 3729 2158 in

2131 2163 2318 2220 ultima
2351 2165 2479 2221 hora
2508 2166 2695 2227 adfuit.
2728 2174 2866 2221 tactu
2895 2176 2949 2222 et
2976 2169 3143 2224 verbo
3171 2179 3226 2225 et
3251 2169 3358 2226 ﬁde
3389 2171 3608 2226 morbos
3637 2187 3727 2226 sa-

2129 2248 2284 2311 nans.
2307 2236 2364 2290 lu
2393 2236 2535 2311 hunc
2556 2236 2807 2311 incidens
2827 2238 3041 2311 mulier,
3072 2242 3326 2311 quodque
3347 2240 3584 2296 futurum
3611 2254 3731 2298 erat

2128 2306 2357 2361 credens
2379 2349 2394 2374 ,
2429 2307 2479 2361 id
2510 2308 2650 2378 quod
2695 2308 3035 2364 desiderabat
3072 2306 3318 2365 assecuta
3345 2322 3448 2367 est.
3479 2311 3726 2370 Tremuit

2127 2391 2256 2450 vero
2297 2392 2420 2450 cum
2450 2379 2615 2434 sciret
2643 2393 2702 2434 se
2734 2394 2842 2433 non
2873 2379 3063 2435 latere.
3089 2381 3228 2450 Quid
3255 2384 3399 2437 enim
3426 2383 3501 2438 ait
3526 2384 3725 2439 Serva-

2128 2448 2255 2502 lor?
2284 2449 2409 2532 Quis
2429 2460 2502 2533 est
2528 2452 2721 2533 qui-iure.
2740 2450 3091 2533 teiigiti‘naut
3118 2448 3222 2533 ego
3259 2455 3385 2533 novi
3402 2455 3634 2508 uirtutem
3662 2460 3729 2511 de

2125 2534 2204 2572 me
2224 2521 2402 2602 exiisse
2427 2519 2577 2630 (βίας.
2607 2520 2743 2586 VIII,
2770 2519 2861 2604 i5,
2891 2521 3003 2592 46).
3028 2519 3322 2606 Νψῖάὶκίῑ,
3347 2524 3479 2607 Qua;
3504 2536 3584 2580 est
3604 2543 3725 2598 quin

2126 2604 2213 2630 mp
2242 2600 2405 2630 intimi
2481 2608 2547 2630 nn
2576 2591 2712 2630 τοι-ιο
2728 2609 2816 2630 nm
2840 2592 3058 2630 αδοι-ςιιηι
3084 2610 3135 2630 m
3158 2594 3316 2630 Ληιιία
3342 2596 3576 2630 ..ιιιιωιρςς
3604 2614 3724 2630 ιιι...-

2126 2604 2213 2666 me
2241 2591 2454 2666 ietigit?
2480 2608 2547 2647 ne
2576 2591 2712 2649 forte
2728 2593 2817 2663 qui
2840 2591 3062 2666 aderant
3084 2594 3135 2666 in
3158 2594 3317 2649 dubia
3342 2591 3578 2650 mulieris
3604 2591 3725 2666 per-

2121 2661 2409 2738 quisitinne
2439 2678 2508 2738 se
2535 2661 2905 2738 occuparent;
2940 2663 3036 2719 sed
3077 2665 3245 2730 dixit,
3280 2666 3409 2733 Quis
3437 2676 3507 2720 est
3533 2661 3620 2738 qui
3645 2685 3725 2724 me

2122 2733 2282 2807 teiigit
2302 2732 2328 2786 ?
2344 2734 2396 2787 in
2420 2733 2582 2789 dubio
2603 2732 2789 2807 voCem
2815 2736 3146 2807 relinquens,
3168 2746 3225 2790 ut
3245 2739 3470 2807 quisque
3496 2732 3722 2794 audiens

2121 2801 2281 2877 talem
2306 2815 2563 2877 conatum
2589 2820 2709 2860 esse
2744 2806 2843 2859 viri
2871 2801 3223 2861 existimaret.
3260 2801 3397 2872 Quis
3413 2818 3487 2861 est
3526 2811 3612 2877 qui
3643 2827 3723 2865 me

2122 2873 2282 2948 {eligit
2295 2875 2322 2930 ?
2340 2892 2459 2929 nam
2484 2892 2577 2948 ego
2596 2877 2713 2948 novi
2731 2877 2965 2931 virtutem
2986 2876 3049 2930 de
3069 2894 3147 2931 nte
3168 2878 3368 2934 exiisse.
3395 2873 3717 2947 Quid'dicis,

2118 2942 2348 3019 _l_)_oinine
2366 2948 2395 3019 ἳΔ
2417 2942 2607 3019 venisti
2636 2956 2695 3019 ut
2724 2956 2814 3002 tua
2842 2949 3291 3018 subriperentur?
3316 2942 3539 3019 regnum
3586 2942 3720 3007 fide;

2117 3013 2255 3069 libus
2284 3017 2597 3091 rapiendum
2629 3018 2816 3091 lubens
2845 3013 3168 3088 proposuisti
3191 3020 3216 3074 ἲ
3245 3029 3299 3091 et
3328 3013 3597 3091 quomodo
3627 3038 3721 3078 ro-

2114 3099 2212 3162 gas
2238 3089 2377 3162 quod
2402 3089 2569 3162 nosti,
2602 3097 2658 3162 et
2695 3089 2765 3145 de
2800 3104 2868 3145 eo
2897 3092 3093 3160 quteris
3130 3089 3273 3157 quod
3304 3089 3412 3146 non
3457 3092 3673 3162 ignoras
3694 3095 3719 3145 'I

2116 3157 2174 3230 δὴ
2192 3173 2310 3230 non
2341 3158 2533 3214 lubens
2560 3161 2756 3216 virtute
2785 3157 3004 3230 egressa
3046 3162 3308 3229 spoliatus
3334 3177 3395 3217 es
3417 3204 3433 3228 ,
3462 3157 3719 3218 cohibere

2116 3226 2417 3304 debueras;
2440 3231 2483 3284 si
2509 3241 2687 3286 autem
2712 3226 2910 3304 volenti
2937 3232 3029 3287 tibi
3051 3226 3303 3304 subrepta
3326 3226 3429 3304 est,
3455 3248 3552 3288 cur
3574 3250 3717 3304 :cgre

2115 3296 2227 3353 fers
2242 3300 2340 3372 illa
2371 3303 2600 3368 donans,
2631 3318 2750 3372 qua:
2776 3303 2906 3357 fides
2937 3318 2967 3357 a
3005 3312 3056 3358 te
3086 3318 3183 3368 per
3209 3296 3315 3357 vim
3343 3303 3582 3372 abripit?
3610 3296 3718 3358 Do-

2114 3370 2254 3444 nasti
2285 3387 2390 3426 non
2414 3370 2661 3443 rogatus,
2681 3382 2734 3427 ct
2764 3384 3043 3444 postquam
3070 3374 3304 3439 donasti,
3338 3370 3717 3444 reprehendis?

2114 3442 2231 3512 sine
2252 3442 2540 3512 conspectu
2559 3444 2840 3506 sanasti,et
2858 3442 2973 3512 post
2994 3442 3174 3499 datam
3201 3442 3507 3511 sanitatem,
3537 3447 3711 3501 forum

2110 3511 2365 3586 judiciale
2389 3511 2732 3586 constituis?
2761 3511 2895 3580 lmo,
2938 3515 3014 3568 ait
3038 3514 3418 3586 “noviillam
3464 3532 3584 3585 quin
3618 3533 3714 3586 pt-r

2116 3583 2275 3656 fidem
2305 3582 2354 3637 id
2387 3584 2515 3638 mihi
2546 3585 2829 3656 subripuit,
2863 3601 2969 3656 non
3004 3586 3191 3655 ignoro
3219 3585 3362 3640 illam
3395 3582 3515 3656 qua:
3545 3582 3714 3655 probe

2114 3651 2288 3706 furata
2335 3664 2453 3728 est;
2489 3654 2608 3728 volo
2636 3651 2814 3710 autem
2843 3655 2989 3710 illam
3018 3651 3069 3710 iu
3102 3657 3338 3711 medium
3364 3651 3580 3728 prodire
3605 3699 3622 3725 ,
3659 3669 3717 3713 ut

2115 3740 2298 3798 prmeo
2333 3726 2398 3779 sit
2431 3725 2570 3798 illius
2600 3742 2761 3796 quam
2806 3740 3095 3782 consecuta
3124 3738 3208 3783 est
3253 3725 3461 3798 gratiae.
3494 3730 3577 3784 Ab
3622 3729 3709 3785 illa

2114 3796 2258 3850 enim
2287 3796 2359 3850 ita
2386 3797 2938 3869 suavitersiioliatus,
2970 3813 3150 3853 coram
3181 3796 3433 3853 omnibus
3462 3799 3579 3869 ejus
3610 3800 3713 3853 do-

2113 3881 2241 3939 num
2269 3866 2590 3939 confirmare
2612 3867 2874 3939 destinavi
2907 3887 2919 3921 :
2953 3869 3167 3936 Con/ide
3188 3911 3204 3935 ,
3235 3870 3364 3938 filia,
3396 3866 3524 3939 ﬁdes
3553 3883 3640 3924 tua
3667 3883 3714 3924 te

2109 3937 2304 4012 salvam
2329 3939 2449 4009 fecit
2472 3937 2684 4010 (Matth.
2706 3938 2799 4003 1X,
2821 3940 2934 4012 22).
2961 3940 3128 4005 Habe,
3156 3941 3351 4012 inquit,
3378 3937 3520 4010 quod
3545 3942 3712 4012 probe

2110 4008 2282 4082 furata
2327 4008 2424 4075 es;
2463 4008 2607 4082 tene,
2637 4025 2671 4066 ο
2701 4008 2914 4074 mulier,
2949 4012 3090 4082 quod
3119 4011 3258 4069 clam
3289 4008 3510 4081 rapuisti
3540 4008 3559 4075 ξ
3587 4029 3710 4081 pos-

2112 4080 2231 4135 side
2262 4080 2658 4149 possessionem
2692 4083 2935 4151 probam,
2968 4080 3127 4150 quam
3160 4082 3252 4137 tibi
3281 4080 3412 4137 fides
3441 4080 3707 4152 przebuit;

2078 4208 2083 4215 ,
2112 4164 2210 4217 pro
2240 4155 2579 4223 serva__enim
2612 4152 2720 4207 filia
2741 4193 2756 4218 ,
2790 4168 2886 4222 pro
2918 4153 3311 4223 pollutailtodie
3337 4163 3495 4207 uncta
3527 4156 3708 4207 nomi-

2110 4228 2242 4297 nata
2264 4235 2322 4274 es
2351 4238 2364 4271 :
2397 4217 2526 4274 Esto
2554 4239 2681 4276 sana
2709 4217 3034 4297 apingn'tna
3063 4222 3256 4297 (Μανεῖ
3284 4223 3346 4290 η,
3380 4225 3493 4295 '55).
3520 4224 3706 4292 Vides,

2110 4302 2145 4340 ο
2174 4290 2386 4349 dilecte,
2410 4301 2609 4356 quanta
2633 4290 2810 4359 potest
2832 4290 3003 4346 fides?
3025 4290 3298 4361 quomodo
3320 4311 3426 4351 uno
3450 4290 3763 4361 ietnporisi,

2112 4369 2388 4432 momento
2419 4360 2674 4415 miracula
2705 4361 2917 4416 edidit?
2948 4360 3086 4427 eam,
3117 4377 3237 4432 quae
3269 4363 3323 4416 in
3351 4360 3569 4416 silentio
3599 4373 3709 4418 tre-

2113 4430 2324 4501 mebat,
2365 4433 2695 4487 eoitlirmatts
2721 4474 2736 4498 ,
2771 4433 2980 4488 turdico
3018 4430 3263 4488 exorato.
3308 4432 3383 4487 Ita
3423 4434 3706 4501 gentilium

2112 4499 2350 4553 Ecclesia
2373 4541 2388 4562 ,
2420 4503 2614 4552 tinnula
2646 4503 2883 4551 mulieris
2927 4503 3187 4566 proﬂuvio
3216 4499 3511 4557 laborantis
3532 4545 3546 4566 ,
3581 4505 3712 4557 taci-

2112 4581 2268 4639 teque
2314 4584 2409 4639 per
2434 4569 2593 4623 fidem
2628 4569 2850 4623 Domino
2878 4569 3315 4639 appropinquans
3338 4610 3354 4635 ,
3385 4570 3708 4637 sanguinum

2110 4655 2139 4694 a
2173 4638 2289 4708 lege
2316 4638 2742 4710 proscriptorum
2771 4639 3190 4693 abominandum
3223 4638 3428 4694 fontem
3459 4641 3706 4707 occlusit,

2109 4727 2173 4765 ac
2202 4712 2309 4781 filia
2334 4712 2597 4781 appellata
2620 4753 2633 4774 ,
2662 4711 2952 4765 multorum
2984 4720 3067 4765 est
3093 4720 3288 4777 mater,
3321 4721 3511 4766 testem
3553 4724 3708 4767 nacta

2108 4796 2254 4846 cum,
2287 4780 2377 4851 qui
2408 4780 2532 4836 olim
2565 4782 2813 4835 clamavit
2844 4799 2856 4835 :
2894 4781 3148 4847 Quoniam
3180 4782 3328 4835 multi
3357 4782 3454 4851 [itii
3473 4784 3709 4846 desertw,

2108 4854 2270 4924 magis
2297 4850 2450 4921 quam
2479 4854 2590 4923 ejus
2636 4868 2751 4923 qua:
2778 4853 2921 4907 habet
2950 4855 3108 4925 virum
3133 4850 3290 4922 (lsai.
3316 4850 3450 4919 LIV,
3481 4853 3534 4925 1)
3562 4871 3575 4909 :
3606 4853 3713 4909 hut.

2108 4933 2193 4980 est
2219 4939 2522 4996 synagogas,
2552 4925 2704 4996 cujus
2735 4925 2813 4978 vir
2844 4934 2924 4979 est
2968 4924 3223 4996 |ex,isive
3256 4924 3727 4996 princepssynay

2107 4994 2280 5065 gogte,
2316 4995 2600 5050 Dominum
2630 4995 2790 5050 hodie
2819 5010 3014 5049 vocans
3041 4994 3105 5049 ad
3136 4997 3539 5050 suscitationem
3566 4994 3714 5049 inor-

2111 5075 2214 5121 tua:
2245 5066 2388 5120 filiae.
2430 5067 2533 5120 Sed
2564 5065 2692 5119 hora
2754 5076 2808 5121 et
2852 5076 3095 5136 tempore
3145 5066 3492 5136 impellente,
3534 5066 3715 5134 quoad

2108 5137 2426 5192 miraculum
2455 5137 2507 5190 in
2531 5137 2618 5190 illa
2645 5136 2966 5200 exhibitum,
2992 5153 3077 5192 me
3101 5137 3398 5192 debitorem
3428 5138 3711 5207 profiteor,

2108 5223 2428 5277 sponsorem
2454 5210 2607 5263 vobis
2634 5216 2894 5277 pra-stans
2928 5209 3210 5263 Dominum
3252 5209 3567 5263 divatiarum
3597 5209 3704 5263 lar—

2108 5282 2377 5349 gitorem:
2420 5295 2581 5350 quem
2634 5281 2792 5336 decet
2833 5280 3004 5352 gloria
3044 5281 3097 5336 in
3137 5280 3321 5337 secula
3365 5279 3696 5335 seculorum.

2109 5354 2300 5406 Ληιθιι.

3344 5477 3642 5490 —_

411 5534 511 5599 νι.
560 5559 877 5617 causam,
933 5560 1106 5614 quon
1149 5560 1311 5604 sum
1354 5559 1586 5604 Simus
1631 5557 1733 5602 δη·
1777 5556 1920 5599 HEC.
1968 5555 2016 5600 Vi

2125 5580 2141 5610 ,
2188 5555 2270 5597 ET
2312 5554 2378 5596 1N
2423 5554 2638 5611 ILLUD,
2685 5556 2816 5599 CUM
2861 5557 3047 5611 JESUS
3118 5557 3429 5603 ASCEHDIT
3473 5558 3537 5601 IN
3581 5558 3709 5602 ΝΔ·-

564 5662 848 5707 vncuuu
890 5663 1026 5707 CUM
1070 5662 1423 5707 mscrrnus
1464 5661 1628 5718 sats,
1675 5661 1759 5706 nr
1801 5657 2205 5702 onoonmvxr
2251 5638 2433 5720 (Luc.
2471 5640 2643 5714 VIII,
2687 5640 2788 5709 22,
2826 5640 2938 5716 23;
2971 5643 3202 5704 Matth.
3250 5642 3422 5717 VIII,
3456 5644 3586 5723 23).

476 5786 573 5862 Qui
603 5791 651 5845 in
697 5793 829 5848 mari
861 5792 1145 5857 navigant,
1178 5790 1393 5862 quando
1442 5789 1680 5845 secundo
1716 5798 1876 5862 vento
1904 5802 1998 5862 na-

411 5858 726 5926 vigationem
792 5865 1109 5930 perlicinut,
1160 5858 1297 5917 lictis
1364 5862 1640 5927 vultibus,
1693 5860 2001 5916 serenitatis

414 5932 655 5988 amulum
679 5934 935 5991 exhibent
962 5946 1237 6007 aspectant
1265 5952 1276 5988 :
1315 5943 1595 6008 postquam
1627 5947 1754 5988 vero
1781 5944 1993 6002 perma-

2084 5792 2245 5859 ‘nens
2287 5785 2593 5859 serenitatis
2631 5780 2986 5859 tranquillitas
3036 5801 3224 5845 nautas
3266 5790 3607 5853 dissolverit,
3656 5801 3708 5849 el

2112 5856 2245 5912 alios
2270 5857 2337 5910 ad
2367 5856 2925 5930 dprruyiendumfalios
2958 5878 3084 5917 vero
3110 5861 3175 5914 ad
3204 5862 3385 5916 claves
3411 5861 3602 5930 navigii
3629 5864 3709 5918 vel

2110 5930 2289 6000 pueris
2311 5928 2599 5987 tradendos
2626 5931 2892 6003 impulerit
2929 5951 2941 5987 :
2974 5948 3036 5989 ac
3060 5933 3418 6006 gubernatore
3442 5928 3589 5988 curis
3619 5948 3708 5987 va-
