4194 6494
470 410 534 464 21
1821 388 2055 447 SPURIA

2160 390 2432 448 IL-EIIASI.
3674 399 3746 453 εἰ

473 542 573 579 cun
600 533 653 577 et
679 521 850 576 nautis
879 516 1118 573 laborem
1164 514 1292 568 artis
1320 527 1430 566 sua:
1472 519 1690 581 propter
1720 511 2058 565 serenitatem

474 589 886 655 remittentibus,
906 596 1124 655 repente
1139 585 1428 653 asperrima
1447 581 2057 655 procellaconturbante,

472 682 593 719 cum
640 651 1317 733 prmter_étspectatioi'ietn
1359 653 1499 707 venti
1530 653 1580 705 in
1602 651 1850 733 pelagum
1878 666 2058 733 eruam-

473 721 655 806 pant;
690 721 1009 806 incipiatque
1054 724 1519 806 uiare_elferatutn
1565 722 1933 806 obstrepere,"
1960 721 2059 806 llus

474 790 764 873 ctuumque
794 790 945 873 turba
989 812 1178 873 navem
1211 795 1467 873 impedire
1492 836 1507 859 ,
1537 801 1595 847 ut
1620 802 1671 846 et
1703 790 2060 873 multiplicum

478 861 694 928 funium'
731 871 933 934 tensio,
967 869 1055 937 qui
1100 867 1241 921 circa
1286 861 1481 919 malum
1528 863 1795 932 suspensi.
1824 861 2063 937 violento

477 957 754 1001 ventorum
783 930 1016 1010 impulsu
1041 940 1152 1010 icti,
1184 937 1440 1010 sibilant':
1467 943 1594 1010 tunc
1619 930 1767 994 sane.
1799 946 1833 985 ο
1858 930 2059 1010 dilecti,

479 1016 737 1069 tumultus
781 1003 995 1080 quidem
1044 1007 1457 1084 ttuhulentuset
1484 1005 1755 1084 luctuosus
1782 1003 2065 1084 avectori-

479 1087 577 1140 hus
609 1074 812 1149 oritur,
832 1091 1056 1137 mortem
1086 1078 1136 1131 in
1171 1076 1435 1153 prolundo
1479 1074 1639 1153 ma_r_is
1659 1116 1672 1137 ,
1705 1074 2058 1153 magis:qttant

480 1143 809 1215 naturalem,
858 1148 1306 1217 exsucctantibns.
1374 1145 1472 1200 Hie
1523 1143 1705 1197 videas
1738 1143 1988 1217 remiges
2032 1158 2058 1217 ιι

480 1225 709 1308 procella
740 1214 860 1303 illos
889 1214 1222 1308 extrinsecus
1248 1218 1672 1308 circumagente,
1702 1215 1818 1283 plus
1845 1227 1973 1308 v'ero
1996 1214 2062 1268 ab

480 1283 622 1350 intus
651 1293 942 1362 lugentium
974 1291 1209 1343 clamore
1235 1295 1515 1362 enervatus
1538 1285 1693 1347 (adeo
1722 1295 1777 1337 ut
1798 1283 2063 1362 guberna-

479 1378 563 1421 tor
590 1354 735 1435 ipse:
756 1378 865 1431 prae
894 1369 1037 1435 metu
1072 1357 1449 1435 tremebundus
1478 1354 2063 1435 faett_t_s._‘nonamplius

482 1437 555 1490 nti
590 1424 930 1504 possit-manu
952 1428 1334 1504 gubernatoria
1351 1426 1415 1479 ad
1436 1424 1626 1504 navigii
1647 1426 2018 1504 directionem)
2044 1442 2058 1487 ;

477 1495 664 1561 oinues
710 1519 839 1558 vero
882 1495 1173 1553 clamantes
1202 1513 1261 1551 se
1287 1498 1446 1550 vitam
1496 1497 1636 1549 inter
1680 1495 1921 1548 homines
1950 1508 2065 1549 ser-

478 1592 605 1633 vare
637 1590 792 1646 posse
818 1574 1123 1646 desperare.
1154 1568 1282 1646 Tale
1310 1566 1580 1636 quidpiam
1608 1567 1800 1646 accidit
1828 1564 2062 1646 discipu-

481 1648 548 1701 lis
572 1668 586 1712 ;
614 1636 791 1700 mente
813 1636 954 1697 enim
981 1650 1033 1695 te
1055 1639 1344 1712 transferas
1370 1652 1577 1712 mecum
1601 1636 1664 1688 ad
1684 1636 2057 1712 _Ev_ange_li_um.

479 1705 714 1771 Ascendit
736 1714 887 1769 Jesus
913 1728 1027 1765 cum
1064 1706 1329 1778 discipulis
1365 1708 1470 1762 suis
1500 1708 1558 1778 in,
1578 1707 1860 1760 naviculam
1890 1705 2057 1778 (Luc.

481 1785 620 1852 Vlll,
651 1786 766 1858 22),
797 1782 1045 1858 etufarile
1092 1776 1297 1858 trajecit
1336 1793 1500 1832 mare.
1532 1777 1774 1858 Quandin
1802 1776 2062 1858 .lhuninus

479 1847 1059 1924 Christus\‘igilaliat,
1110 1850 1283 1924 onmis
1331 1850 1629 1903 contrarius
1671 1847 2064 1924 re‘primchatnr

479 1940 667 1983 ventus
698 1948 709 1981 :
745 1917 957 1997 planum
986 1933 1162 1978 autem
1191 1921 1290 1974 illis
1316 1928 1431 1974 erat
1456 1933 1624 1997 mare,
1642 1926 1887 1997 tanquam
1912 1917 2060 1997 firma

481 2010 643 2063 terra,
674 1987 849 2065 neque
867 1995 1060 2050 ﬂuctus
1084 2002 1268 2065 contra
1299 2005 1482 2043 navem
1501 1989 1770 2065 Christum
1801 1987 2059 2065 ferentem

479 2057 803 2138 insurgebat.
826 2064 960 2119 Cum
994 2078 1119 2138 vero
1146 2061 1323 2125 Iesus,
1352 2058 1645 2115 secundum
1675 2057 2059 2138 providentiam

478 2136 662 2203 suam,
679 2140 732 2192 in
753 2138 974 2219 navigio
986 2137 1317 2219 dormiebat,
1334 2138 1512 2219 quoad
1530 2144 1778 2218 naturam
1791 2136 2055 2217 corporis,

479 2224 587 2288 non
607 2208 788 2288 quoad
812 2205 1031 2288 deitati's
1045 2205 1371 2288 dignitatem
1410 2208 1609 2288 (somni
1630 2206 1776 2288 enim
1791 2205 2059 2288 immunis

476 2286 563 2334 est
591 2273 783 2332 oculus
819 2278 1062 2347 deitatis)
1094 2273 1258 2343 {tum
1293 2273 1438 2347 venti
1471 2276 1869 2347 conspicientes
1892 2273 2060 2347 Magi:

475 2358 655 2403 strum
684 2358 736 2402 et
769 2342 1103 2402 Praifectuin
1125 2361 1288 2400 suum
1322 2342 1681 2401 dormientem
1710 2383 1724 2407 ,
1757 2345 1899 2398 sicut
1932 2342 2059 2413 equi

479 2418 725 2488 aurigam
741 2431 934 2488 sonmo
947 2419 1223 2472 detentum
1241 2428 1584 2485 spernentes,
1598 2416 1667 2466 im
1677 2423 1903 2484 petuoso
1928 2410 2060 2465 llatu

478 2486 1048 2542 saevdmexsibilantes
1069 2492 1674 2555 tempestatem,coutra
1706 2498 1896 2537 navem
1928 2495 2063 2555 apo-

476 2558 726 2612 stolicam
756 2555 1104 2611 ferebantur:
1127 2551 1309 2625 atque,
1333 2556 1567 2625 procella
1584 2560 1800 2625 exorta,
1826 2566 1948 2621 qua:
1978 2551 2063 2603 in-

475 2634 847 2696 exspeetatam
878 2633 1108 2696 mortem
1123 2623 1275 2678 tanto
1287 2623 1415 2696 flatu
1430 2623 1765 2696 minabatur,
1790 2629 2064 2676 aestuante

481 2692 694 2765 pelago,
709 2709 990 2763 saevosque
1002 2693 1203 2765 lluetus
1222 2708 1347 2765 cum
1370 2692 1588 2747 fremitu
1617 2692 1670 2765 in
1696 2699 2063 2765 arenam‘ler-

482 2758 756 2818 ininorum
786 2758 1220 2819 constitutricetn
1252 2763 1601 2823 immittente,
1619 2761 1870 2831 discipuli
1892 2758 2062 2831 jfren-

481 2834 701 2888 dentetn
714 2831 1615 2902 conspicientestempestatem,Ch
1625 2830 2057 2902 ristunieeleher:

484 2906 684 2973 tjimum
717 2897 1176 2973 prepitgnatorem
1214 2897 1583 2973 invocabant;
1624 2900 1755 2973 quid
1783 2897 2063 2973 dicentes?

482 2967 732 3037 Domine,
760 2967 923 3042 δᾱιυᾷ
963 2987 1082 3037 nos,
1113 2972 1342 3040 perimus
1377 2969 1597 3042 (Matth.
1619 2967 1774 3042 _VI|I,
1805 2968 1918 3039 25).
1958 2967 2062 3023 Per

481 3044 844 3096 usconoutiam
894 3039 1200 3095 dormiebat
1257 3041 1309 3095 in
1351 3039 1567 3110 navigio
1616 3039 1911 3110 Dominus,
1949 3053 2060 3093 non

481 3112 704 3166 nescius
745 3111 894 3165 illius
931 3112 1077 3173 quod
1119 3110 1362 3165 futurum
1401 3109 1540 3172 erat,
1573 3125 1672 3165 nec
1712 3109 2062 3165 serenitatem

474 3183 755 3240 inducendi
789 3193 1049 3253 potestate
1077 3184 1291 3237 carebat
1318 3185 1524 3237 :sciens
1551 3196 1678 3237 vero
1705 3196 1848 3235 mare
1875 3181 2055 3236 turba-

471 3267 579 3308 tum
610 3254 741 3325 fore,
768 3255 973 3310 dualms
1000 3255 1068 3309 de
1089 3254 1265 3325 causis
1293 3253 1615 3325 dormiebat:
1649 3262 1705 3325 ιιι
1731 3268 1824 3321 per
1842 3260 2056 3325 tempe-

470 3332 662 3397 statem
704 3322 1048 3397 redargueret
1094 3324 1446 3397 labentemet
1476 3324 1795 3397 imbecillam
1823 3322 2057 3397 discipu-

469 3395 641 3466 lorum
676 3393 936 3457 ﬁdemfet
960 3394 1250 3466 potentiam
1277 3394 1568 3466 divinitatis
1588 3410 1697 3466 sua:
1727 3394 1838 3466 illis
1853 3393 2054 3462 liquido

466 3464 1076 3523 demonstraret.Videre
1089 3476 1211 3520 erat
1233 3466 1428 3534 itaque,
1447 3481 1479 3519 ο
1499 3464 1694 3529 dilecti,
1721 3465 2048 3534 vigilantem,

465 3537 640 3605 quoad
675 3552 891 3606 corpus,
935 3538 1239 3602 Dominum,
1270 3532 1450 3605 seipse
1478 3532 2051 3606 vehementioremfa-

465 3604 696 3671 ctum,et
716 3604 930 3662 ventum
952 3608 1017 3661 ad
1035 3609 1341 3677 Speluncam
1355 3604 1511 3661 suam
1525 3606 1825 3677 clanculum
1849 3604 2053 3677 fugien-

468 3686 600 3739 tem,
628 3679 976 3748 pelagnmque
998 3675 1102 3731 non
1136 3679 1269 3731 ultra
1299 3688 1482 3748 contra
1514 3675 2051 3748 apostolieunt_ttavi-

464 3748 608 3816 gium
639 3745 809 3802 minas
850 3745 1225 3811 intentantem,
1275 3746 1368 3800 sed
1392 3746 1582 3801 fluctus
1598 3749 1662 3798 ad
1685 3745 2050 3799 adorationem

466 3832 525 3871 se
546 3829 937 3874 eonverteutes.
960 3819 1104 3874 Talis
1130 3829 1211 3873 est
1227 3818 1385 3885 hujus
1414 3820 1533 3871 vita:
1562 3830 1772 3879 cursus,
1793 3816 1861 3867 ita
1883 3826 1939 3868 ut
1964 3829 2051 3885 res

467 3888 517 3960 in
545 3890 734 3943 eodem
763 3900 902 3944 statu
935 3905 1202 3960 nunquam
1236 3884 1605 3960 permaneant,
1626 3884 1722 3940 sed
1767 3884 2051 3960 aliquando

468 3958 520 4010 in
567 3974 697 4029 pace
744 3958 1227 4029 tranqttillae'sint,
1270 3971 1428 4027 atque
1476 3958 1849 4029 alimentorum
1898 3958 2051 4024 copia

463 4026 755 4095 abundent;
781 4026 1042 4085 interdum
1065 4046 1190 4086 vero
1210 4026 1649 4086 commoveantur
1665 4026 2045 4094 fluctibusque,

465 4109 522 4152 nt
547 4116 715 4168 mare,
739 4102 1024 4171 agitentur,
1045 4104 1235 4171 partim
1255 4099 1469 4169 quidem
1503 4098 1847 4171 barbarorum
1875 4095 2050 4149 incur-

462 4165 738 4241 sionihus,
773 4165 962 4240 partim
1014 4165 1383 4241 mamma
1409 4165 1851 4241 machinamentis
1878 4175 2053 4241 clune:

460 4235 732 4306 gotiorum’
771 4235 1209 4307 perplexitatihus
1230 4281 1244 4307 ,
1278 4237 1565 4307 multisque
1590 4235 1708 4289 aliis
1730 4236 2051 4307 tumultibus

461 4303 517 4360 et
546 4303 1057 4375 perturbationibus.
1090 4303 1505 4376 Nmn’prurdicta
1535 4304 1602 4359 de
1627 4303 1922 4376 apostolico
1953 4318 2050 4355 na-

465 4373 605 4447 vig'io
646 4378 865 4434 historia
912 4380 1054 4434 hunc
1102 4373 1265 4435 habet
1305 4390 1562 4440 sensum;
1608 4373 1741 4427 nihil
1785 4373 1981 4447 quippe
2018 4387 2049 4426 a

737 4450 945 4497 utemur
964 4451 1069 4497 est
1086 4449 1247 4511 quam
1264 4447 1601 4511 TnySteﬁum
1647 4455 1753 4493 non
1806 4443 2046 4495 haberet.

460 4512 587 4567 Mari
637 4514 828 4568 similis
866 4524 950 4569 est
989 4514 1104 4567 lucc
1145 4515 1269 4578 vita;
1303 4511 1532 4579 navigio,
1567 4511 1795 4563 humana
1822 4520 2002 4565 natura
2029 4554 2042 4579 ,

462 4594 679 4653 portans
710 4584 857 4655 quasi
901 4596 1142 4639 vectores
1168 4593 1218 4637 et
1243 4582 1657 4655 gubernatorem
1699 4581 2048 4655 cogitationes

460 4665 513 4708 et
540 4652 795 4710 mentem.
831 4654 943 4709 lloc
971 4657 1147 4724 itaque
1175 4652 1438 4724 navigium
1459 4652 1923 4724 ,naturascilicet
1951 4652 2048 4706 hu-

462 4739 638 4789 mana,
661 4725 714 4780 in
749 4725 849 4780 hac
871 4726 975 4779 vita
1003 4721 1228 4795 agitatur
1246 4739 1274 4776 a
1297 4722 1489 4795 diaboli
1514 4721 1765 4795 nequitia,
1793 4738 1821 4773 a
1848 4722 2049 4795 (Ime-

460 4795 616 4849 nihus
645 4796 904 4859 hostibus,
935 4791 1402 4865 qui'cupiditatum
1430 4791 1621 4845 lluctus
1650 4794 1921 4865 excitant;
1952 4793 2048 4847 fal-

458 4879 572 4935 sam
606 4867 933 4935 voluptatum
955 4862 1226 4933 Vspumatn
1260 4864 1310 4917 in
1342 4864 1609 4935 internum
1657 4862 1892 4935 animum
1925 4879 2048 4931 pro-

453 4934 684 5005 jiciunt,
734 4933 803 4991 ac
864 4948 1097 4991 mentem
1169 4933 1597 5003 gubernatricem
1667 4933 2045 5005 cupiditatibus

456 5004 797 5061 eonimovent
825 5016 881 5060 et
919 5006 972 5059 in
1014 5015 1291 5075 peceatum
1323 5005 1664 5073 immergunt.
1693 5004 1844 5071 Quod
1868 5014 2043 5060 autem

2169 509 2330 564 homo
2378 511 2600 581 quilibet
2642 528 2668 565 a
2716 514 3040 581 voluptatum
3086 512 3305 571 ﬂamma.
3351 523 3647 568 commotus
3691 517 3740 568 in

2166 592 2440 649 peceatum
2459 583 2824 652 immergatnr,
2858 584 2931 649 id,
2958 599 3258 638 sermonem
3283 599 3457 637 meum
3476 597 3737 646 asserens.

2167 660 2387 705 testatur
2429 652 2590 722 David
2636 655 2909 722 propheta.
2939 652 3071 708 Cum
3097 656 3239 709 enim
3279 656 3419 709 circa
3459 667 3742 722 continen-

2170 722 2294 792 tiam
2327 721 2656 792 naufraginm
2705 721 2949 788 fecisset,
2982 724 3248 779 elamahat
3276 724 3460 778 dicens
3488 742 3502 778 :
3542 721 3665 792 Veni
3689 727 3740 776 in

2166 791 2484 876 al‘t’itu‘dinelu
2523 791 2683 876 maris
2704 836 2717 855 ,
2762 804 2810 875 et
2853 804 3118 876 tempestas
3162 795 3396 848 demersit
3423 809 3523 876 .me
3571 791 3742 876 (Paul.

2167 859 2395 934 LXVIII,
2424 863 2503 932 5).
2545 863 2657 934 Non
2690 867 2830 918 enim
2873 859 2973 918 hoc
3018 880 3236 934 usquam
3264 865 3559 933 reperimus
3580 859 3638 934 in
3663 864 3744 917 hi-

2166 935 2324 1004 storia
2357 933 2423 987 de
2468 933 2663 987 Davide
2693 952 2707 989 :
2740 935 3075 1004 quandonam
3101 933 3285 989 David
3326 933 3635 1002 navigavit?
3658 935 3744 989 vel

2169 1003 2219 1075 i_n
2248 1005 2509 1075 ιιιιοιιιειιΐ
2528 1004 2637 1075 iter
2658 1003 2822 1070 agens
2851 1005 3126 1060 demersus
3153 1006 3276 1060 est?
3306 1020 3567 1075 nusquam
3591 1019 3742 1075 sane.

2166 1072 2301 1146 Quid
2327 1073 2424 1126 sibi
2455 1074 2566 1128 vult
2608 1075 2762 1143 igitur
2780 1076 2816 1146 li
2836 1074 2889 1129 In
2920 1077 3017 1130 hac
3047 1076 3227 1146 utique
3268 1076 3371 1146 vita
3409 1072 3658 1146 tanquam
3688 1074 3745 1129 in

2170 1143 2352 1212 pelago
2382 1158 2622 1217 versans,
2651 1160 2713 1198 ac
2737 1145 3094 1213 voluptatibus
3120 1143 3271 1217 quasi
3299 1143 3545 1217 fluctibus
3572 1145 3745 1217 agita-

2169 1222 2273 1285 tus,
2301 1224 2460 1281 atque
2486 1215 2656 1285 soluta
2687 1217 3065 1285 cogitationum
3098 1215 3410 1285 compagine
3435 1257 3449 1278 ,
3478 1215 3743 1285 intus_ad.

2169 1284 2331 1336 misso
2359 1284 2659 1351 cupiditatis
2700 1283 2863 1340 ﬂuctu
2887 1328 2900 1349 ,
2932 1300 2994 1340 ac
3022 1287 3116 1340 viri
3147 1283 3452 1340 fortitudine
3479 1301 3574 1354 per
3603 1283 3742 1341 Urit!

2168 1368 2386 1425 uxorem
2413 1356 2688 1425 spoliatus,
2709 1358 3049 1410 continentia:
3072 1356 3399 1425 naufragium
3427 1371 3616 1425 passus
3635 1366 3742 1410 est.

2166 1421 2293 1477 Ideo
2323 1421 2534 1479 dicebat
2565 1444 2576 1477 :
2616 1423 2741 1478 Veni
2763 1428 2814 1480 in
2843 1427 3158 1481 altitudinem
3202 1421 3376 1489 maris,
3404 1421 3451 1479 et
3479 1436 3745 1490 tmpestas

2166 1494 2396 1548 demersit
2415 1512 2510 1548 me.
2533 1497 2731 1551 Deinde
2753 1498 2940 1550 iterum
2957 1498 3297 1565 resipiscens.
3320 1506 3376 1551 et
3393 1511 3457 1549 ex
3484 1495 3746 1564 profundo

2169 1565 2367 1631 peccati
2412 1566 2603 1620 iterum
2642 1567 2981 1621 continentia:
3020 1568 3224 1621 clavum
3271 1581 3630 1636 recnperans,
3662 1565 3744 1620 vi-

2168 1644 2381 1706 tamque
2408 1650 2558 1706 suam
2589 1638 2830 1691 castitate
2859 1646 3161 1705 temperans
3185 1680 3199 1699 ,
3236 1638 3399 1692 Deum
3434 1637 3750 1706 precabatur

2166 1703 2350 1758 dicens
2379 1723 2392 1758 :
2424 1704 2545 1759 Non
2574 1723 2653 1760 me
2690 1708 2945 1775 demergat
2974 1703 3239 1775 tempestas
3265 1703 3446 1773 aqum,
3471 1722 3628 1776 neque
3652 1709 3747 1759 ab-

2166 1778 2363 1847 sorbeat
2390 1792 2468 1829 me
2493 1780 2805 1847 profundum
2833 1777 3005 1846 (Psal.
3038 1778 3261 1840 LXVIII.
3296 1778 3406 1845 I6).
3441 1777 3569 1847 Tale
3594 1777 3750 1847 quid—
3816 1788 3817 1791 ‘

2168 1845 2305 1912 piam
2325 1845 2610 1914 Apostolus
2624 1845 3083 1917 tutoque,mysticc
3099 1848 3437 1904 subindicans
3459 1845 3747 1901 humanam

2167 1917 2562 2001 mtturamdicit
2591 1936 2602 1970 :
2636 1917 2735 2001 er
2761 1920 3083 2001 naufragium
3125 1920 3239 2001 (cci.
3289 1919 3424 2001 Quid
3464 1917 3752 2001 enimah!

2166 1983 2609 2060 TerAnauﬁaninm
2631 1989 2746 2060 [ειῂ
2777 1983 2920 2042 nocte
2943 1983 2991 2042 et
3014 1983 3172 2060 die_in
3200 1983 3456 2060 profundo
3485 1988 3642 2060 maris
3670 1990 3749 2058 fui

2166 2055 2233 2123 (II
2256 2054 2371 2111 Cor.
2390 2054 2497 2119 'Xf.
2528 2054 2643 2128 25);
2687 2058 2793 2114 Ter
2821 2060 2960 2113 enim
2984 2054 3309 2129 naufragium
3353 2058 3477 2114 fecit
3516 2054 3751 2112 humana

2165 2137 2387 2181 natura:
2419 2129 2606 2194 semel,
2635 2131 2686 2183 in
2720 2129 2965 2195 paradiso
2993 2145 3085 2195 per
3109 2131 3585 2195 transgressionem
3612 2145 3629 2189 ;
3669 2144 3756 2184 sc-

2163 2196 2358 2270 cundo,
2383 2200 2433 2252 in
2482 2198 2681 2270 diluvio
2714 2199 2866 2265 Noe;
2895 2201 3071 2270 tertio,
3104 2211 3225 2268 post
3260 2196 3431 2270 legem
3471 2206 3756 2267 acceptam

2165 2269 2391 2334 populus
2433 2270 2484 2323 in
2526 2268 2791 2324 idolorum
2830 2269 3029 2325 cultum
3080 2270 3294 2330 incidit.
3320 2268 3499 2325 donec
3525 2270 3761 2326 veniens

2164 2337 2459 2410 animarum
2514 2348 2815 2394 nostrarmn
2866 2339 3191 2410 gubernator
3243 2340 3526 2404 Christus,
3570 2342 3760 2397 crucis

2164 2407 2339 2479 velum
2371 2410 2423 2462 in
2445 2410 2615 2463 media
2645 2420 2781 2464 terra
2812 2407 3010 2465 sistens
3031 2450 3047 2471 ,
3080 2410 3483 2479 tempestatibus
3521 2409 3755 2467 liberam

2162 2478 2317 2533 nobis
2347 2479 2571 2551 providit
2596 2479 2647 2533 in
2675 2482 2859 2534 urbem
2885 2482 3161 2551 caelestem
3187 2482 3597 2551 navigationem.
3639 2481 3755 2536 Νο-

2162 2558 2239 2622 cte
2264 2548 2418 2622 etdie
2442 2551 2493 2602 in
2520 2551 2776 2621 profundo
2801 2552 2956 2605 maris
2975 2552 3075 2622 fui.
3098 2548 3581 2622 Noctenfappellat
3602 2550 3751 2607 illam

2164 2617 2216 2672 in
2243 2617 2533 2688 caliginoso
2574 2617 2759 2675 errore
2802 2617 3026 2683 moram,
3056 2636 3175 2689 quia;
3209 2617 3748 2677 Christ'i'adventnm

2162 2691 2479 2761 antecessit;
2520 2692 2660 2745 diem
2691 2705 2839 2752 vero.
2870 2692 3017 2745 illum
3047 2691 3096 2744 in
3126 2692 3301 2748 lucido
3345 2692 3614 2761 baptismo
3642 2704 3755 2748 sta-

2164 2765 2295 2825 tmn,
2326 2762 2415 2829 qui
2444 2760 2637 2834 Christi
2670 2771 2885 2816 secutus
2904 2772 2989 2817 est
3015 2762 3320 2834 adventum.
3349 2760 3483 2818 cum
3514 2772 3629 2818 tota
3659 2763 3759 2834 igi-

2164 2838 2248 2902 iur
2269 2840 2453 2885 natura
2484 2832 2711 2885 humana
2740 2847 2836 2901 per
2861 2834 3147 2902 nequitiam
3169 2833 3386 2900 diaboli,
3413 2845 3469 2887 ut
3488 2832 3753 2902 diximus,

2154 2898 2478 2968 jactaretur;
2513 2902 2565 2957 id
2609 2898 2795 2957 videns
2840 2898 3074 2958 Verbum
3127 2903 3238 2965 Dei,
3288 2905 3338 2957 in
3374 2898 3527 2957 hanc
3584 2898 3753 2959 vitam

2161 2971 2379 3044 veniens
2399 3012 2413 3037 ,
2445 2972 2740 3043 ingreditur
2768 2973 2820 3044 in
2847 2973 3130 3044 cavitatem
3153 2974 3346 3043 navigii
3384 2974 3613 3044 virginis
3645 2974 3760 3031 Ma-

2160 3041 2252 3095 riae
2285 3059 2299 3096 :
2326 3045 2479 3113 cujus
2507 3041 2686 3112 typum
2718 3044 2768 3097 in
2795 3042 2929 3113 Iona
2960 3042 3216 3113 propheta
3242 3041 3560 3113 eitpressnm
3602 3046 3761 3101 inve-

2160 3114 2354 3167 nimus.
2401 3112 2627 3168 Mittitur
2662 3114 2802 3168 enim
2863 3112 3027 3169 Jonas
3082 3112 3349 3180 Niniven';
3401 3113 3659 3171 Christus
3702 3117 3759 3171 in

2158 3181 2296 3256 hanc
2335 3183 2690 3256 vitamhvenlt
2719 3182 2924 3256 {Ionas
2961 3184 3071 3256 abit
3098 3185 3147 3238 in
3180 3187 3465 3256 navigium,
3494 3195 3549 3239 et
3584 3188 3636 3240 in
3661 3203 3759 3243 ca-

2158 3254 2323 3307 vitate
2351 3253 2544 3323 navigii
2572 3254 2806 3318 dormit;
2850 3253 3081 3310 Verbum
3113 3257 3273 3311 etiam
3310 3253 3400 3312 Dei
3432 3271 3524 3324 per
3549 3272 3752 3313 novem

2159 3337 2372 3379 menses
2393 3324 2453 3394 in
2486 3333 2669 3379 ventre
2696 3325 2909 3394 virginis
2949 3324 3126 3379 Maris:
3152 3324 3262 3381 fere
3286 3326 3588 3382 dormiebat
3618 3331 3754 3383 taci-

2159 3403 2356 3466 turnus
2388 3393 2712 3450 hominibus.
2739 3393 2888 3449 Tunc
2919 3396 3085 3466 magis
3111 3398 3339 3452 excitata
3367 3410 3446 3451 est
3476 3397 3753 3454 diabolica

2159 3464 2409 3532 nequitia:
2437 3466 2688 3533 procella.
2716 3466 2872 3521 sicuti
2907 3464 3091 3521 contra
3129 3466 3340 3522 Jouam.
3370 3466 3473 3522 Sed
3502 3482 3628 3521 cum
3660 3468 3756 3524 Jo—

2159 3548 2255 3606 nas
2278 3535 2330 3606 in
2356 3550 2502 3591 mare
2524 3537 2789 3606 projectus
2805 3547 2906 3602 est,
2937 3536 3037 3592 hoc
3057 3549 3158 3601 est,
3179 3553 3297 3591 eum
3320 3538 3474 3593 Jesus
3502 3553 3532 3592 e
3564 3550 3760 3595 ventre

2159 3604 2390 3674 Virginis
2430 3606 2492 3677 in
2524 3604 2683 3662 hanc
2732 3609 2891 3662 vitam
2936 3608 3165 3677 prodiit.
3212 3620 3267 3664 et
3308 3608 3483 3663 omnis
3528 3624 3754 3677 quoque

2158 3687 2348 3730 ventus
2376 3676 2632 3731 adversus
2658 3676 3063 3732 obmutescebat
3085 3720 3100 3741 ,
3131 3679 3303 3733 donec
3341 3678 3541 3732 balrena
3572 3680 3625 3731 in
3660 3676 3759 3733 0r—

2155 3760 2277 3798 cum
2310 3748 2631 3814 perveniret,
2661 3749 2825 3801 multa
2844 3749 2992 3815 signa
3019 3759 3069 3800 et
3101 3748 3333 3816 prodigia
3363 3746 3531 3802 edidit
3563 3748 3617 3800 in
3654 3747 3760 3802 hac

2157 3817 2263 3869 vita
2282 3817 2562 3887 navigans.
2594 3816 2814 3870 Intravit
2842 3816 3003 3887 Jonas
3038 3817 3087 3869 in
3125 3817 3383 3871 habenam
3411 3852 3423 3874 ,
3455 3825 3506 3866 ct
3538 3816 3756 3887 lllein-

2159 3886 2318 3940 travit
2355 3884 2636 3940 in'orcum
2673 3901 2685 3936 :
2721 3894 2829 3938 tres
2873 3884 2989 3937 dies
3025 3894 3078 3934 et
3123 3895 3232 3936 tres
3275 3891 3495 3948 noctes,
3527 3886 3757 3941 totidem

2157 3966 2287 4023 quot
2314 3955 2496 4023 Jonas,
2522 3954 2573 4006 in
2591 3967 2727 4023 orco
2739 3952 3091 4023 consumpsit.
3127 3951 3347 4022 Ejicitnr
3370 3952 3536 4008 Jonas
3562 3971 3632 4009 ex
3664 3956 3760 4011 ha-

2158 4021 2289 4097 Iiena
2320 4025 2369 4077 in
2399 4022 2660 4097 Niniven;
2693 4021 2936 4097 Christus
2974 4038 3041 4076 ex
3085 4021 3309 4097 mortuis
3335 4025 3526 4097 surgit.
3584 4037 3757 4097 atque

2158 4095 2209 4148 in
2258 4092 2401 4149 hunc
2443 4093 2697 4147 mundum
2739 4093 2996 4145 venit.....
3040 4092 3291 4161 praadieat
3338 4092 3759 4162 ptenitentiam;

2156 4164 2481 4238 resipiscam
2502 4162 2749 4238 _Ninivit:e
2770 4203 2784 4227 ,
2814 4172 2973 4231 atque
3003 4162 3158 4231 hujus
3183 4164 3361 4217 mundi
3385 4165 3629 4238 incolae:
3662 4183 3761 4238 per

2156 4240 2266 4285 tres
2295 4231 2409 4286 dies
2438 4232 2701 4301 jejunant,
2729 4242 2782 4288 et
2808 4241 3096 4287 servantur
3122 4249 3419 4289 numerosae
3451 4231 3762 4293 multitudi-

2156 4316 2292 4379 n_es_;
2322 4303 2456 4356 sicut
2493 4303 2653 4356 etiam
2697 4303 2748 4379 in
2780 4302 2973 4379 Ninive
3006 4304 3284 4379 duodecim
3317 4304 3599 4379 hominum
3632 4324 3758 4379 my-

2154 4372 2331 4444 riades
2357 4383 2630 4444 etpecora
2663 4373 2911 4441 plurima.
2945 4374 3168 4429 Domino
3196 4376 3337 4429 enim
3373 4372 3760 4444 paenitentiam

2154 4451 2210 4495 et
2242 4443 2398 4496 ﬁdem
2424 4442 2545 4497 huic
2572 4444 2771 4498 mundo
2791 4444 3130 4511 pnedicante,
3155 4442 3436 4500 servantur
3458 4448 3763 4505 duodecim

2157 4514 2324 4585 tribus
2367 4510 2551 4568 Israel'.
2591 4510 2814 4585 Quando
2843 4516 2986 4568 enim
3028 4516 3287 4585 plenitudo
3326 4518 3555 4585 gentium
3583 4518 3763 4574 intra-

2153 4584 2298 4649 verit,
2323 4594 2445 4658 tunc
2471 4585 2633 4658 omnis
2658 4583 2818 4658 Israel
2844 4585 3012 4639 salvus
3029 4583 3121 4654 '/iet
3148 4583 3431 4658 (ΒοηιῘΧΙ,
3463 4587 3764 4658 25).ριιοι1

2153 4663 2330 4726 autem
2372 4654 2537 4709 Jonas
2567 4655 2762 4710 Christi
2794 4663 2953 4725 typus
2980 4666 3122 4726 esset
3142 4654 3165 4719 ,’
3193 4658 3446 4711 Dominus
3479 4654 3603 4726 ipSe
3626 4654 3769 4716 dicit

2154 4722 2205 4795 in
2237 4724 2525 4795 EVangt-lio
2558 4744 2570 4779 :
2602 4725 2746 4780 Sicut
2773 4722 2904 4779 enim
2936 4726 3035 4795 fuit
3060 4724 3224 4782 Jonas
3249 4729 3301 4780 in
3328 4722 3633 4784 ventre—ceti
3663 4734 3765 4785 tri;

2153 4793 2243 4848 bus
2276 4793 2447 4849 diebus
2476 4805 2522 4849 et
2553 4797 2709 4850 tribus
2735 4793 2984 4859 noctibus,
3015 4798 3087 4851 sic
3114 4799 3206 4850 erit
3240 4796 3406 4853 Filius
3435 4800 3668 4855 hominis
3708 4804 3765 4856 in

2152 4866 2470 4940 cordeterra:
2495 4867 2661 4940 trilms
2675 4867 2849 4920 diebus
2870 4876 2915 4919 et
2939 4868 3351 4940 tritiusnoctibus
3377 4867 3601 4940 (Matth.
3634 4871 3765 4937 XII,

2150 4936 2261 5060 Ἀθ).
2302 4937 2379 4991 11ιί
2415 4936 2487 4991 sit
2532 4937 2698 5008 gloria
2739 4946 2795 4994 et
2831 4937 3067 5007 potentia
3107 4939 3160 4992 in
3204 4936 3395 4994 secula
3413 4936 3765 4998 seculorum.

2201 5022 2343 5060 men.

2201 5022 2343 5063 men.

2108 5134 2162 5152 .-
2202 5142 2213 5152 Ι
2234 5139 3671 5155 _.._—_——_———-

485 5214 617 5277 VII.
663 5231 954 5275 transnatat
984 5230 1049 5274 IN
1092 5229 1282 5273 ILLUD
1320 5233 1335 5272 :
1384 5231 1602 5275 smne
1646 5231 1760 5277 errr
1803 5209 2067 5278 REGNDM
2140 5235 2452 5280 amoenas
2494 5235 2708 5281 sumo
2751 5235 2991 5280 SINAPIS
3038 5218 3296 5300 (Matth.
3334 5219 3517 5294 XIII,
3568 5225 3705 5307 31).

527 5382 663 5451 Quid
719 5381 891 5451 majus
941 5395 1105 5451 regno
1152 5382 1433 5447 caelorum,
1463 5390 1517 5436 et
1560 5382 1684 5452 quid
1737 5384 1911 5437 minus
1964 5392 2047 5437 est

493 5469 623 5507 rano
646 5453 884 5523 sinapis?
907 5452 1173 5523 quomodo
1189 5454 1775 5507 iuunensumccelorum
1800 5468 2043 5521 regnum.

493 5470 623 5507 ratio
646 5470 846 5520 smapts
866 5470 883 5504 ι
907 5470 1173 5523 quomoao
1189 5470 1505 5506 Immensum
1519 5470 1775 5507 C(BIOI'IIIII
1800 5470 2043 5521 regnum.

454 5470 612 5580 facile
636 5522 907 5576 metiendo
939 5524 1399 5593 minutissimoqne
1425 5538 1591 5592 grano
1613 5525 1965 5578 assimilavit?
1987 5523 2044 5579 Si

459 5610 586 5649 vero
614 5594 1003 5663 perpendamus
1029 5594 1153 5663 quid
1191 5596 1260 5648 sit
1294 5609 1514 5663 granqu
1543 5595 1768 5661 sinapis,
1804 5595 2046 5649 invenie-

459 5678 575 5720 mus
603 5679 759 5733 quam
790 5665 1009 5733 pulchre
1032 5674 1086 5718 et
1109 5665 1398 5719 secundum
1427 5675 1666 5718 naturam
1702 5681 1862 5719 unttm
1893 5666 2046 5720 alteri

459 5742 816 5806 comparetur.
846 5735 980 5802 Quid
1025 5745 1108 5790 est
1151 5750 1370 5806 regnum
1416 5736 1676 5792 cmlorum
1705 5779 1718 5801 ,
1754 5737 1852 5806 nisi
1894 5736 2047 5805 plane

456 5805 741 5867 Christus?
763 5803 889 5862 dicit
909 5806 1052 5863 enim
1078 5806 1146 5863 dc
1166 5803 1376 5878 seipse:
1402 5811 1528 5861 hcce
1551 5823 1758 5880 regnum
1788 5803 2046 5863 Dei‘iutra

2152 5400 2235 5438 eos
2264 5393 2334 5439 est
2366 5384 2513 5455 (Luc.
2547 5383 2703 5449 XVII,
2730 5384 2846 5451 2t).
2880 5383 3017 5450 Quid
3048 5393 3225 5438 autem
3269 5386 3446 5453 majus
3470 5398 3559 5444 est
3587 5391 3756 5448 Chri-

2150 5466 2235 5509 sto
2265 5457 2559 5525 secundum
2593 5455 2868 5525 deitatem,
2901 5467 2953 5508 ut
2984 5456 3299 5525 prophetam
3340 5456 3533 5511 audire
3565 5474 3655 5516 est
3677 5465 3767 5517 di-

2152 5539 2360 5580 centem
2391 5544 2403 5579 :
2437 5524 2536 5579 Hic
2563 5536 2633 5578 est
2666 5524 2800 5579 Deus
2830 5524 3019 5590 uoster,
3051 5536 3095 5578 et
3126 5542 3225 5578 non
3251 5525 3595 5584 azstimabitur
3623 5534 3766 5589 alius

2152 5598 2392 5669 adversus
2422 5612 2553 5649 eum.
2570 5594 2962 5669 _Hic_adinvenit
2989 5611 3187 5649 onmem
3207 5596 3695 5669 piantmdisciplinw,
3717 5617 3767 5660 ει

2153 5668 2361 5720 tradidit
2386 5668 2527 5721 illam
2552 5665 2712 5719 Jacob
2750 5683 2904 5735 puero
2950 5682 3064 5729 suo,
3107 5676 3153 5720 et
3196 5665 3362 5721 Israel
3400 5665 3592 5725 dilectu
3645 5665 3764 5729 suo.

2155 5737 2279 5791 Post
2308 5738 2413 5792 han:
2439 5743 2491 5790 in
2520 5740 2663 5789 terris
2690 5737 2822 5791 visus
2865 5746 2937 5793 est
2961 5777 2975 5801 ,
3006 5746 3050 5790 et
3075 5753 3193 5791 cum
3220 5738 3515 5794 hominibus
3547 5760 3764 5800 conver-

2154 5819 2290 5862 satus
2333 5818 2402 5862 cst
2453 5806 2709 5883 (Barttch.
2758 5807 2820 5861 III
2848 5850 2861 5878 ,
2894 5807 3118 5877 56—58).
3165 5807 3325 5863 Isaias
3351 5808 3519 5866 etiam
3571 5816 3643 5871 de
3670 5815 3768 5872 illo
