4194 6472
354 343 437 400 9.3

360 459 531 530 dicit,
550 460 822 516 concordi
837 475 971 518 voce
1002 470 1183 519 utens.
1200 462 1342 530 Quid
1373 465 1517 521 enim
1549 465 1667 520 ait?
1696 465 1982 521 Laborarit

358 529 648 606 Afggptus
686 542 737 606 et
769 535 1154 602 negotiationes
1186 529 1592 606 Ethiopum,“
1622 536 1839 591 Sabaim
1880 539 1982 592 riri

360 603 634 672 sublimes
653 602 1204 672 adtetrausibunt.et
1225 606 1322 659 tibi
1354 602 1763 672 e'rrunt'servi.et
1784 618 1900 672 post
1933 620 1983 665 te

362 671 718 744 ambulabth
755 671 912 723 vincti
956 670 1168 725 manicis
1194 680 1241 744 et
1269 679 1316 724 te
1351 671 1639 725 adorabunt
1669 688 1718 744 :_
1711 670 1831 744 quia
1866 690 1920 726 in
1951 690 1998 728 te

368 743 631 797 Dominus
662 740 804 796 Deus
827 782 842 805 ,
875 750 922 795 et
948 758 1050 795 non
1075 751 1149 795 est
1198 741 1334 796 Deus
1364 752 1548 809 prazter
1574 752 1639 797 te.
1676 740 1753 797 Tu
1779 745 1913 797 enim
1943 759 1996 798 et

373 813 537 877 Deus,
596 823 646 867 et
696 813 1085 879 nesciebamus,
1115 812 1252 867 Deus
1305 812 1476 867 Israel
1520 813 1764 869 Salvator
1818 814 1988 878 (1εαὶ.

374 886 539 946 XLV.
571 886 664 951 14,
695 884 814 953 15).
864 883 1064 939 Beatus
1109 885 1272 939 etiam
1324 885 1515 939 Petrus
1559 900 1748 942 vocem
1794 887 1990 940 emittit

376 957 617 1012 eamdem
647 956 762 1011 vim
794 955 1115 1019 habentem;
1144 956 1217 1009 ait
1241 956 1386 1009 enim
1415 971 1429 1008 :
1464 953 1695 1020 Fratres,
1724 974 1817 1013 nec
1842 958 1989 1013 aliud

373 1045 548 1083 nomen
575 1038 653 1082 es:
684 1026 779 1081 sub
801 1026 931 1100 etnlo
960 1026 1137 1100 datum
1172 1026 1502 1100 hominibus,
1530 1027 1585 1081 in
1617 1045 1717 1100 quo
1754 1040 1985 1098 aporteat

365 1117 457 1153 nos
501 1099 680 1153 salvos
710 1098 827 1166 ﬁeri
855 1096 1010 1166 (Act.
1042 1096 1131 1161 IV,
1163 1098 1283 1168 12).
1313 1096 1452 1165 Quid
1480 1096 1657 1154 autem
1688 1096 1864 1155 minus
1901 1111 1985 1156 est

360 1171 587 1226 Christo
615 1169 915 1241 Secundum
947 1169 1332 1241 incarnationis
1354 1168 1842 1241 dispensationem,
1887 1174 1976 1241 qui

355 1241 534 1297 factus
564 1250 653 1296 est
693 1238 903 1310 angelis
930 1250 984 1294 et
1016 1239 1326 1295 hominibus
1352 1238 1618 1295 inferior?
1651 1242 1788 1296 Audi
1822 1238 1980 1297 Davi-

354 1312 484 1383 dem
530 1312 809 1368 dicentem
849 1310 1123 1383 quomodo
1169 1312 1341 1366 lactus
1385 1312 1454 1365 sit
1495 1312 1700 1383 angelis
1757 1312 1975 1371 minor:

355 1382 504 1448 Quid
528 1393 608 1438 est
644 1382 798 1437 homo
820 1380 960 1451 quod
986 1397 1178 1436 memor
1199 1399 1252 1437 es
1288 1383 1396 1453 ejus
1417 1383 1443 1437 ?
1463 1392 1551 1435 aut
1573 1380 1728 1450 'ﬁlius
1756 1385 1978 1441 hominis

348 1455 604 1523 quoniam
632 1455 809 1524 visita}
839 1470 956 1509 eum
973 1454 1000 1508 Σ)
1029 1454 1258 1508 minuisti
1274 1470 1390 1508 eum
1415 1455 1572 1524 paulo
1597 1455 1766 1510 minus
1794 1455 1857 1510 ab
1881 1473 1975 1511 ano

346 1526 482 1596 gelis
512 1525 695 1596 (Psal.
726 1522 866 1591 VIII,
899 1524 955 1588 5,
1002 1523 1078 1594 6).
1125 1524 1277 1593 Quod
1323 1522 1500 1580 autem
1544 1525 1707 1580 David
1748 1529 1865 1583 huic
1906 1528 1975 1584 de

345 1595 575 1667 gliristo
616 1598 889 1667 loquatur,
932 1597 1128 1651 Paulus
1172 1596 1264 1651 tibi
1312 1596 1577 1665 interpres
1619 1606 1701 1651 est
1741 1598 1970 1655 dicens:

353 1664 493 1721 Eum
521 1664 719 1735 autem,
743 1668 833 1737 qui
860 1667 1063 1721 modico
1089 1683 1243 1737 quam
1267 1666 1438 1738 angeli
1460 1664 1745 1738 minoratus
1770 1680 1863 1736 est,
1892 1672 1971 1724 vi-

343 1740 534 1810 demus
574 1736 761 1793 Iesum
783 1748 995 1810 propter
1032 1736 1319 1808 passionem
1342 1736 1532 1810 mortis
1559 1736 1578 1810 (
1602 1738 1731 1793 Ileb.
1780 1740 1841 1799 Il.
1874 1740 1963 1805 9).

342 1808 621 1881 Similiter
670 1807 834 1881 etiam
882 1807 1191 1864 hominibus
1232 1810 1411 1864 minor
1458 1807 1631 1866 factus
1677 1821 1780 1867 est.
1828 1812 1966 1881 Quid

338 1880 478 1954 dicit
506 1881 676 1936 Isaias
703 1882 730 1934 ἲ
768 1880 1003 1954 Vidimus
1024 1897 1136 1954 eum
1161 1923 1176 1945 ,
1208 1896 1367 1954 neque
1391 1890 1500 1933 erat
1527 1889 1782 1954 aspectus,
1809 1901 1969 1954 neque

337 1952 523 2017 decor,
555 1963 606 2007 et
637 1962 874 2024 aspectus
917 1952 1029 2023 ejus
1061 1952 1172 2007 sine
1214 1951 1406 2004 honore
1425 1994 1440 2017 ,
1470 1960 1517 2004 et
1544 1952 1785 2078 dejiciens
1808 1951 1966 2025 supra

337 2038 523 2078 omnes
552 2024 689 2078 tilias
717 2024 984 2078 hominum
1025 2025 1041 2078 l
1065 2021 1192 2076 Isai.
1221 2021 1369 2078 LIII.
1393 2021 1451 2078 2.
1479 2023 1515 2078 5
1538 2023 1574 2078 i.
1630 2026 1832 2078 ’ropter
1863 2026 1964 2078 hoc

337 2038 523 2078 omnes
549 2021 984 2093 [ilias'hominuin
1025 2021 1192 2095 (Isai.
1221 2021 1369 2095 LIII,
1393 2021 1451 2095 2,
1479 2023 1574 2093 5).
1608 2021 1832 2095 Propter
1863 2021 1964 2083 hoc

338 2108 591 2150 vermem
623 2109 686 2152 se
711 2110 931 2169 quoque
960 2093 1281 2169 appellavit.
1303 2093 1441 2169 Quid
1474 2096 1615 2169 quin)
1645 2093 1835 2169 dicit:
1846 2097 1961 2169 Ego

335 2174 513 2238 gutem
534 2182 653 2238 sum
674 2163 859 2238 vermis
883 2174 931 2220 et
957 2163 1234 2238 non}.me
1265 2166 1282 2235 (
1306 2163 1453 2219 Psal.
1484 2164 1607 2238 XXI
1627 2208 1642 2238 ,
1674 2166 1768 2238 7).
1798 2167 1866 2222 Et
1896 2163 1957 2224 in

333 2233 500 2307 Isaia,
525 2237 690 2292 Pater
719 2237 792 2291 illi
823 2237 954 2292 dicit
985 2254 999 2290 :
1033 2234 1162 2291 Noli
1187 2233 1382 2303 timere,
1409 2237 1592 2291 vermis
1607 2233 1772 2292 Iacob
1797 2237 1951 2307 (Isai.

335 2305 480 2379 XLI.
515 2309 633 2379 14).
666 2309 743 2364 De
776 2307 980 2365 celebri
1021 2310 1139 2377 ejus
1177 2317 1351 2362 morte
1390 2305 1956 2379 mrenticnemlnciens

332 2377 501 2452 dicit:
521 2374 601 2434 Et
617 2380 995 2449 operimentum
1013 2374 1160 2452 tuum
1179 2380 1273 2433 erit
1297 2378 1478 2432 vermis
1510 2374 1939 2452 (Is_ai.XlV,lI).

331 2447 594 2518 Oportuit
643 2447 788 2507 enim
822 2465 973 2516 eum,
1006 2459 1063 2505 ut
1110 2450 1433 2521 piscatorem
1472 2448 1814 2519 prudentem,
1847 2447 1947 2507 lul-

330 2523 485 2591 genti
515 2521 683 2576 hamo
711 2522 1011 2577 divinitatis
1040 2522 1452 2592 circumponere
1483 2536 1719 2576 vermem
1748 2523 1948 2590 carnis,

327 2590 385 2647 et
441 2593 726 2649 dimittere
778 2594 832 2649 in
880 2592 1204 2663 profundum
1251 2590 1418 2660 hujus
1471 2592 1635 2654 vitm,
1666 2600 1827 2663 atque
1877 2596 1948 2649 ita

327 2664 635 2720 draconem
670 2666 951 2731 inescare,
985 2673 1042 2718 ut
1068 2679 1196 2718 vere
1220 2663 1534 2731 impleretur
1559 2664 1703 2733 quod
1751 2666 1803 2719 in
1847 2665 1951 2722 Job

325 2735 593 2791 scribitur
623 2753 637 2790 :
667 2737 748 2790 An
774 2737 1048 2790 extrahere
1087 2735 1273 2805 poteris
1299 2734 1573 2787 draconem
1591 2736 1821 2804 hamo?(
1849 2735 1950 2789 Job

330 2805 451 2869 XL,
484 2806 583 2862 20.
618 2806 639 2878 )
678 2808 862 2862 Simile
905 2817 980 2861 est
1008 2807 1169 2878 igitur
1197 2822 1411 2875 regnum
1436 2805 1678 2878 caelorum
1698 2824 1859 2878 grano
1874 2810 1948 2863 si-

325 2876 697 2950 napis._Dicet
729 2881 911 2950 itaque
931 2892 1000 2933 ex
1028 2876 1370 2950 audientibus
1410 2876 1604 2946 aliquis
1630 2896 1642 2932 :
1667 2876 1949 2946 Quomodo

325 2950 474 3003 idem
505 2948 683 3005 factus
710 2960 794 3006 est
821 2948 1047 3021 regnum
1070 2949 1329 3004 caelorum
1352 2958 1410 3021 et
1426 2963 1660 3021 granum
1677 2950 1700 3003 ?
1719 2965 1946 3021 magnus

325 2966 474 3003 luem
505 2966 683 3005 tactus
710 2966 794 3006 est
821 2966 881 3005 re
922 2966 1047 3004 nttm
1070 2966 1329 3004 caelorum
1356 2966 1410 3003 et
1436 2966 1660 3015 granum
1681 2966 1699 3003 ι
1719 2966 1946 3021 magnus

325 3030 383 3076 et
431 3034 636 3092 parvus
679 2966 956 3092 quomodo
999 3021 1141 3076 idem
1199 3019 1369 3075 sunt?
1411 3019 1676 3087 Quoniam
1726 3031 1948 3092 propter

322 3091 766 3162 magnitudinem
816 3092 1205 3148 misericordiae
1249 3107 1375 3161 erga
1433 3094 1744 3161 ﬁgmentum
1787 3091 1945 3150 suum

319 3162 588 3218 omnibus
618 3164 801 3219 omnia
840 3162 1015 3219 factus
1044 3174 1128 3219 est
1148 3206 1164 3231 ,
1192 3172 1252 3218 ut
1287 3163 1528 3217 lucretur
1557 3178 1766 3219 omnes.
1802 3165 1945 3221 Deus

319 3244 469 3306 erat,
498 3236 641 3289 sicut
671 3244 727 3290 et
771 3243 855 3290 est
891 3245 949 3291 et
989 3235 1093 3290 erit
1133 3250 1230 3306 per
1270 3245 1519 3306 naturam
1565 3237 1858 3305 pr0priam,
1889 3247 1946 3292 et

323 3304 498 3359 homo
528 3306 707 3361 factus
730 3316 816 3362 est
841 3314 1063 3377 promer
1100 3304 1347 3377 nostram
1369 3305 1621 3360 salutem.
1654 3306 1700 3361 ο
1724 3308 1942 3363 altitudo

321 3377 630 3451 diuitiarum
675 3376 957 3451 sapientite
978 3387 1025 3431 et
1061 3379 1286 3451 mentite
1312 3376 1411 3451 Dei
1434 3418 1449 3443 ,
1472 3393 1627 3451 quam
1656 3378 1943 3451 incompre-

320 3447 610 3522 hgnsibilja
649 3460 769 3522 sunt
789 3449 991 3522 judicia
1030 3450 1174 3520 ejus,
1219 3458 1266 3503 et
1303 3448 1675 3522 inuestigabiles
1699 3453 1794 3505 via:
1828 3447 1942 3522 ejus

319 3516 506 3591 (Rom.
537 3518 636 3585 XI,
662 3521 758 3590 ’55)
784 3522 798 3575 !
829 3518 875 3575 Ο
902 3516 1151 3591 granum,
1182 3535 1278 3590 per
1304 3520 1444 3590 quod
1477 3516 1648 3575 factus
1668 3532 1752 3576 est
1779 3516 1937 3576 muni-

316 3590 450 3657 dus,
472 3608 573 3658 per
593 3592 735 3660 quod
760 3590 999 3647 tenebrae
1020 3591 1313 3662 dissipatae,
1331 3599 1386 3646 et
1414 3591 1654 3647 Ecclesia
1683 3602 1937 3650 renovata

318 3664 447 3733 est!
485 3662 603 3716 Hoc
647 3678 876 3732 granum
910 3664 962 3717 in
1001 3678 1164 3718 cruce
1211 3677 1531 3733 suspensum
1573 3672 1773 3717 tantam
1828 3665 1937 3721 vim

317 3731 535 3804 habuit,
562 3740 621 3786 ut
641 3731 948 3802 quanquam
979 3734 1154 3804 ipsum
1177 3731 1322 3790 esset
1347 3734 1605 3797 vinctum,
1626 3733 1791 3789 verbo
1815 3745 1935 3790 tan-

318 3813 436 3876 tum
469 3803 743 3876 latronem
774 3819 803 3858 a
833 3805 978 3876 ligno
1002 3803 1251 3874 raperet,
1282 3815 1339 3860 et
1364 3805 1428 3876 in,
1452 3806 1672 3861 delicias
1702 3806 1934 3876 paradisi

316 3872 743 3948 circumferret:
771 3872 1123 3948 hocvgran‘ut‘n
1150 3876 1214 3948 in!
1232 3876 1400 3948 latere
1420 3875 1605 3948 lancea
1634 3872 1933 3948 perfossum

316 3944 752 4017 itttmortalilalis
785 3957 976 4017 potutn
998 3944 1306 4017 sitientibus
1332 3944 1654 4017 di‘stillavit':
1684 3948 1789 4001 hoc
1811 3964 1936 4017 gra-

320 4032 451 4070 num
482 4015 696 4085 sinapis
716 4031 745 4070 a
774 4012 919 4087 ligno
948 4014 1183 4087 delatum
1209 4024 1262 4069 et
1295 4014 1348 4087 in
1380 4012 1536 4069 horto
1565 4017 1797 4087 positum
1817 4012 1937 4073 ier-

319 4103 434 4143 ram
468 4102 695 4142 onmem
721 4086 889 4142 ramis
918 4086 1294 4142 obumbravit:
1316 4086 1419 4139 hoc
1441 4100 1666 4154 granum
1696 4086 1748 4141 in
1777 4086 1936 4145 l~orto

318 4161 584 4228 positum,
613 4158 828 4213 radices
856 4172 984 4213 suas
1016 4157 1070 4212 in
1096 4155 1370 4212 infernum
1399 4156 1710 4223 demittens,
1741 4167 1791 4213 et
1814 4162 1931 4215 ani-

314 4245 436 4286 mas
484 4245 611 4298 qua:
656 4230 731 4284 ibi
775 4238 933 4286 erant
970 4243 1153 4284 secum
1188 4228 1496 4298 abripiens,
1530 4228 1667 4282 intra
1698 4229 1932 4286 triduum

314 4300 373 4355 in.
412 4298 619 4357 ccelum
663 4300 785 4371 illas
814 4300 1038 4356 retulit:
1069 4299 1175 4371 hoc
1216 4314 1441 4370 granum
1469 4298 1675 4369 sinapis
1701 4298 1753 4353 itt
1787 4299 1934 4371 ligno

314 4374 622 4426 contritum
648 4370 1024 4429 advel-sarium
1056 4370 1212 4426 nobis
1238 4380 1542 4440 serpentem
1579 4371 1802 4426 humore
1822 4370 1932 4427 acri

311 4443 569 4500 alliciens
594 4443 907 4499 obscuravit
925 4485 942 4510 ,
972 4453 1028 4497 et
1066 4441 1335 4497 infernum
1362 4456 1391 4495 a
1429 4455 1622 4496 somno
1650 4443 1890 4497 excitans
1912 4486 1927 4509 ,

312 4514 367 4569 in
398 4514 663 4570 eumdem
692 4530 856 4584 quem
886 4514 1177 4582 reliquerat
1203 4513 1380 4568 locum
1410 4513 1585 4568 redire
1609 4513 1805 4583 coegit.
1840 4514 1932 4570 Si-

311 4586 438 4667 mi.’_e
474 4586 653 4668 igitur
702 4596 777 4641 est
820 4601 1035 4668 regnum
1069 4585 1318 4668 caelorum
1364 4601 1525 4668 grano
1550 4585 1766 4668 sinapis,
1796 4587 1933 4656 quod

312 4654 581 4726 accipiens
603 4656 757 4712 homo
774 4654 1037 4711 seminavit
1062 4657 1113 4710 in
1141 4657 1288 4710 horto
1310 4671 1424 4710 suo.
1451 4654 1667 4710 Semina
1690 4657 1792 4712 hoc
1808 4654 1933 4728 gra-

311 4742 447 4781 num
475 4729 684 4798 sinapis
713 4729 764 4782 in
789 4730 946 4783 horto
970 4729 1166 4782 anima:
1182 4737 1308 4792 tute,
1335 4736 1396 4781 ut
1421 4736 1476 4780 tu
1507 4742 1720 4798 quoque
1740 4729 1890 4784 dicas
1915 4747 1928 4785 :

311 4800 512 4868 Surge,
540 4798 756 4869 Aquilo,
779 4810 827 4855 et
852 4799 988 4866 veni,
1016 4799 1220 4862 Auster,
1252 4798 1418 4869 ρει-πᾳ
1438 4798 1647 4869 hortum
1675 4814 1863 4867 meum,
1885 4810 1933 4856 et

311 4815 512 4868 Surge,
540 4815 756 4869 nquito,
779 4815 827 4855 et
852 4815 988 4866 vent,
1016 4815 1220 4862 auster,
1289 4815 1418 4868 ετμα
1442 4815 1647 4852 nortum
1675 4815 1863 4867 meum,
1885 4815 1932 4856 et

307 4871 486 4941 ﬂuant
528 4881 769 4925 aromata
815 4888 929 4924 utea
980 4869 1165 4940 (Cant.
1195 4815 1301 4935 ΙΨ,
1348 4868 1417 4925 16
1437 4867 1478 4941 ὶι
1507 4869 1566 4925 Si
1598 4871 1701 4926 hoc
1728 4871 1932 4941 sinapis

307 4940 546 5012 granum
577 4942 781 5013 habeas
807 4944 859 4998 in
879 4943 1036 4997 horto
1056 4943 1252 4997 anima:
1281 4950 1407 5005 tute,
1428 4940 1568 4996 dicet
1596 4941 1688 4995 tibi
1719 4940 1932 5013 quoque

306 5014 585 5085 propheta
613 5030 627 5065 :
656 5012 728 5085 Et
757 5015 859 5069 eris
892 5014 1037 5085 quasi
1066 5014 1246 5085 hortus
1267 5013 1499 5085 irrigans
1517 5054 1532 5078 ,
1564 5022 1610 5066 et
1637 5014 1764 5085 sicut
1793 5012 1928 5085 fons,

307 5082 467 5157 cujus
496 5101 603 5138 non
627 5084 866 5153 deﬁcient
892 5082 1040 5155 aqua:
1064 5085 1083 5157 (
1108 5083 1240 5139 lsoi.
1265 5082 1447 5149 LVIII,
1482 5084 1545 5139 11
1564 5086 1610 5157 ί).
1643 5085 1702 5139 Si
1730 5082 1932 5142 habeas

306 5154 419 5212 hec
468 5172 704 5226 granum
734 5157 790 5212 in
835 5154 996 5211 horto
1034 5154 1229 5211 anitum
1274 5165 1487 5227 tuayet
1525 5156 1643 5224 ejus
1672 5159 1930 5227 unguenti

306 5224 591 5298 particeps
617 5229 714 5294 sis,
746 5228 839 5283 tibi
866 5228 1029 5283 etiam
1065 5228 1262 5298 dicitur
1288 5245 1308 5298 ς
1343 5224 1933 5298 0dor_vestimen'tarum

304 5295 684 5372 tuorum—sicut
701 5299 832 5354 odor
846 5300 1012 5353 thuris
1031 5298 1204 5372 (Cant.
1220 5295 1541 5372 _IV._H,_12,
1567 5298 1682 5369 15);
1707 5297 1809 5372 hoc
1825 5308 1926 5365 est,

303 5371 559 5426 carnium
577 5381 792 5426 tuarum
810 5372 946 5427 odor
966 5380 1026 5426 ut
1041 5370 1179 5426 odor
1195 5370 1369 5425 thuris
1398 5387 1410 5423 :
1432 5370 1608 5424 hortus
1632 5370 1930 5438 conclusus,

308 5451 434 5514 fons
461 5443 721 5512 signatus,
766 5444 1061 5514 emissiones
1092 5451 1212 5495 tute.
1247 5441 1361 5514 lIoc
1384 5456 1611 5514 granum
1642 5442 1845 5510 sinapis
1876 5444 1928 5497 in

310 5509 461 5584 ligno
493 5509 787 5569 contritum
818 5509 1219 5567 etiermcntum
1259 5509 1457 5567 factum
1486 5512 1555 5567 ab
1580 5509 1777 5568 artium
1815 5528 1934 5569 om-

310 5600 464 5640 mum
500 5587 671 5655 perita
705 5595 763 5640 et
788 5584 1081 5639 inunortali
1109 5585 1397 5654 sapientia,
1430 5586 1656 5641 mixtum
1687 5600 1807 5640 cum
1839 5585 1931 5640 tri-

307 5658 406 5710 bus
428 5660 622 5725 farina
648 5657 802 5721 satis,
836 5656 939 5709 hoc
963 5664 1047 5709 est
1070 5698 1085 5719 ,
1119 5657 1320 5718 anima,
1353 5671 1582 5726 corpore
1610 5667 1665 5712 et
1693 5658 1885 5727 spiritu
1911 5699 1926 5724 ,

308 5739 490 5798 totum
525 5742 705 5798 genus
737 5728 1033 5798 humanum
1067 5729 1118 5780 in
1153 5742 1314 5782 unam
1357 5728 1517 5783 ﬁdem
1563 5728 1928 5785 fermentavit.

304 5797 478 5867 Iltu'us
524 5797 780 5871 mysterii
822 5797 1113 5870 imaginem
1156 5798 1431 5856 Abraham
1479 5809 1536 5855 et
1575 5799 1696 5872 ejus
1734 5800 1933 5868 conjux

1691 371 1943 429 SPURIA
1978 372 2297 441 domum

3612 387 3686 443 ει

2096 485 2233 568 Sara
2246 486 2635 568 habitantesin
2659 491 2901 568 tentet-id
2921 490 3027 568 sub
3047 505 3256 568 quercu
3275 493 3523 568 Manthre
3551 514 3686 568 pro-

2094 559 2230 627 priis
2251 557 2510 635 manibus
2532 560 2845 635 pinxerunt.
2861 557 3122 635 Cugimur
3141 563 3308 628 enim,
3333 580 3366 619 ο
3389 557 3595 635 ἀίΙθοιῖ,
3626 571 3681 626 itt

2094 642 2347 710 gerntone
2366 628 2762 699 digressionem
2788 628 2986 710 facere.
3000 632 3135 710 Quis
3157 635 3545 710 sit‘Ahraharn,
3562 628 3685 710 quae

2094 697 2251 778 Sara,
2284 697 2861 778 quae_quet'cus,_quid
2899 697 3226 769 tenterium,
3255 706 3341 778 vel
3375 708 3468 778 qui
3510 697 3683 778 panes

2090 769 2443 847 subginericii
2472 788 2485 824 :
2511 785 2682 840 quare
2712 769 2783 826 ibi
2818 782 2930 827 tres
2958 788 3231 847 mensum.
3262 769 3606 847 similagit'tis,
3627 791 3683 834 et

2092 837 2179 914 hic
2202 837 2752 914 farinae,_necesse_est
2773 854 3027 898 accurate
3048 843 3376 914 disquirere.
3392 837 3531 914 Quid
3555 837 3680 906 tan-

2088 904 2210 988 detn
2247 916 2333 988 est
2362 910 2673 988 Abraham?
2700 914 3004 988 esplicatur
3023 904 3175 988 patei
3195 904 3679 988 electusfmultitu-

2088 975 2270 1052 dinis._
2290 977 2426 1044 Quis
2452 996 2582 1036 vero
2609 975 2783 1052 fuerit'
2817 993 2968 1052 pater
2991 975 3220 1049 electus,
3253 986 3357 1041 nisi
3394 987 3534 1044 Deus
3559 990 3582 1043 ?
3611 991 3678 1045 de

2086 1062 2197 1129 quo
2219 1048 2426 1129 dictum
2451 1059 2569 1129 est:
2598 1049 2665 1107 In
2701 1048 2906 1129 omnem
2934 1064 3143 1129 terrain
3162 1048 3328 1129 exivit
3348 1074 3508 1129 sonus
3538 1059 3676 1129 ejus.

2084 1126 2134 1169 et
2158 1118 2214 1197 in
2237 1119 2371 1197 ﬁnes
2402 1122 2545 1197 orbis
2574 1131 2728 1197 terrm
2755 1124 2909 1197 verba
2935 1125 3048 1194 ejus
3077 1122 3356 1197 (_Rom._X,
3393 1127 3506 1197 18).
3534 1118 3675 1194 Quid

2085 1196 2266 1241 autem
2302 1189 2469 1266 Sara?
2490 1192 2797 1266 explicatur
2823 1189 3141 1266 imperatris
3174 1205 3230 1249 et
3251 1189 3489 1252 ductrix'.
3519 1189 3677 1266 Q'uze-

2083 1271 2210 1311 nam
2232 1274 2362 1315 vero
2382 1259 3164 1334 fuerithostruminiperatrix
3199 1274 3253 1319 et
3293 1259 3561 1332 ductrix:
3568 1271 3676 1324 nisi

2084 1340 2311 1406 prorsus
2335 1332 2600 1406 sapientia
2621 1331 2839 1406 Patris?
2858 1331 2999 1400 Quid
3021 1335 3315 1389 tentorium
3338 1338 3444 1392 sub
3466 1331 3673 1406 quercu

2082 1398 2357 1455 Mambre‘t
2376 1398 2521 1457 certe
2542 1402 2786 1458 Ecclesia
2806 1418 2835 1456 a
2858 1398 3023 1460 cruce
3040 1414 3205 1459 tecta.
3225 1407 3373 1461 Crux
3396 1398 3674 1464 assimila-

2080 1472 2449 1542 tttrdquercui.
2484 1487 2550 1527 eo
2577 1472 2723 1542 qttod
2749 1474 2955 1542 lignum
2987 1476 3225 1529 validum
3256 1477 3328 1531 sit
3347 1487 3401 1532 et
3433 1478 3669 1533 ﬁrmum.

2080 1536 2344 1615 Quidtres
2358 1536 2628 1615 mensura).
2647 1536 3006 1615 similaginis?
3029 1546 3254 1599 omnino
3272 1561 3432 1613 sane,
3458 1558 3519 1603 ut
3545 1558 3672 1605 ante

2078 1608 2209 1674 dixi,
2232 1621 2427 1688 natura
2459 1613 2718 1688 humana,
2749 1629 2814 1688 ex
2831 1608 3023 1688 'anitna
3045 1623 3098 1668 et
3124 1617 3317 1688 spiritu
3339 1626 3395 1671 et
3419 1608 3672 1688 corpore

2076 1688 2358 1734 constans.
2374 1679 2604 1755 l_t_aenim
2622 1699 2722 1738 nos
2735 1679 3248 1755 docuitApostol'us.
3267 1687 3458 1744 dicens
3483 1708 3496 1743 :
3532 1679 3671 1744 Deus

2079 1751 2689 1825 uer_t_)_custod_iat_corpus
2709 1751 3039 1821 nostrumfet
3074 1756 3395 1821 animant,et
3425 1760 3671 1825 spiritum

2079 1818 2122 1896 (_l
2153 1818 2332 1896 Thess.
2358 1819 2428 1896 _V,
2467 1818 2600 1896 25)(
2625 1825 2836 1895 Accipit
2865 1818 3033 1896 igitur
3060 1818 3332 1896 sapientia
3368 1818 3464 1884 Dei
3509 1829 3670 1895 Sara,

2073 1890 2291 1971 doctrix
2326 1892 2444 1980 sive
2482 1890 3105 1980 imperatri:x;'accipit,
3126 1890 3391 1980 :inquam,
3419 1890 3668 1980 _corpus,

2074 1963 2312 2040 animum
2341 1972 2396 2017 et
2418 1963 2695 2040 spiritum,
2714 1973 2784 2040 _et_
2808 1963 3097 2040 abscondit
3126 1967 3181 2022 in
3216 1963 3525 2040 ignerhoc
3544 1963 3668 2036 'est,

2075 2030 2420 2086 inexstinctac
2450 2030 2727 2106 divinitati
2759 2036 2907 2091 faces
2937 2030 3266 2106 praeferens?
3290 2030 3511 2094 et'facit
3559 2030 3670 2096 tres

2112 2115 2244 2156 anes
2265 2112 2531 2176 secretos,
2557 2105 2658 2157 hoc.
2678 2114 2772 2176 est
2801 2107 2856 2176 in
2891 2105 3103 2162 secreto
3125 2109 3309 2163 carnis
3331 2118 3565 2176 I'IOSU'IB,
3613 2110 3669 2165 in

2098 2172 2289 2244 fatrem
2303 2184 2352 2226 et
2376 2171 2573 2225 Filium
2596 2183 2649 2227 et
2673 2171 2941 2244 Spiritum
2962 2185 3212 2231 sanctum
3233 2171 3665 2236 confessionem.

2069 2238 2390 2320 Qpportune
2418 2244 2595 2320 vobis,
2621 2258 2655 2298 ο
2683 2238 2893 2310 dilecti,
2922 2245 3123 2301 lectum
3165 2256 3250 2302 est
3285 2247 3664 2320 Evangelium.

2069 2307 2418 2388 Eermentum
2479 2312 2535 2367 in
2608 2329 2779 2382 panes
2834 2307 3262 2388 transmutatur,
3312 2307 3543 2388 granvum
3609 2323 3663 2375 in

2060 2382 2207 2456 olera
2252 2400 2285 2456 :7
2311 2398 2479 2455 panes
2531 2400 2664 2440 vero
2708 2393 2765 2441 et
2807 2386 2952 2442 olera
3010 2382 3341 2456 jejuniorutn
3387 2404 3512 2448 sunt
3551 2396 3667 2450 via-

2061 2452 2162 2508 tica
2190 2471 2204 2509 :
2228 2455 2301 2536 ad
2318 2452 2456 2536 qua:
2508 2471 2606 2511 nos
2651 2457 2871 2536 dirigath
2893 2452 3329 2536 honiinusiesus
3348 2463 3465 2519 sine
3484 2467 3662 2536 culpa,

2057 2538 2180 2609 eum
2226 2525 2418 2596 jcjttnii
2461 2542 2689 2609 cursant
2732 2525 3069 2609 cit'ttlicimus.
3103 2529 3290 2609 Simile
3332 2525 3665 2609 est_regttutu

2057 2595 2490 2670 ctelorutngrano
2519 2598 2733 2670 sinapis.
2764 2599 2885 2655 Vim
2919 2598 3078 2669 hujus
3104 2602 3469 2660 similitudinis
3507 2595 3665 2664 inulla

2055 2667 2163 2744 alio
2201 2667 2363 2744 modo
2394 2667 2690 2738 poterimus
2726 2667 3048 2744 concipere,
3090 2673 3191 2727 nisi
3233 2676 3379 2744 prius
3406 2678 3661 2735 substan-

2058 2739 2474 2818 tiam,_colorem
2494 2783 2531 2818 ,_
2564 2751 2620 2796 et
2645 2741 3063 2818 magnitudinem
3111 2739 3313 2814 sinapis
3357 2753 3662 2818 perpenda-

2056 2823 2195 2863 mus.
2215 2810 2309 2865 Est
2330 2813 2473 2866 enim
2490 2813 2661 2883 sinapi
2684 2810 2827 2868 mole
2846 2814 3063 2891 quidem
3088 2810 3306 2891 parvdm
3329 2810 3659 2891 {postquam

2054 2895 2183 2935 vero
2223 2891 2398 2938 satum
2442 2893 2497 2938 et
2535 2894 2718 2938 natum
2759 2893 2874 2952 est,
2916 2885 3065 2940 olera
3103 2889 3283 2943 omnia
3326 2885 3660 2949 incremento

2055 2961 2303 3029 superat,
2330 2964 2496 3029 atque
2521 2954 3211 3029 altitudineramnrumque
3231 2961 3381 3029 copia
3405 2971 3459 3017 et
3482 2966 3661 3018 multi-

2053 3022 2237 3081 tudine
2279 3022 2528 3080 foliorum
2557 3036 2752 3081 caetera
2772 3027 2936 3082 vincit
2968 3046 2980 3081 :
3014 3022 3258 3085 umbram
3287 3022 3430 3087 enim
3458 3034 3646 3092 efﬁcit.

2050 3093 2188 3176 adeo
2216 3103 2275 3176 dt
2303 3111 2432 3152 aves
2450 3097 2764 3176 advolantes
2786 3097 2994 3167 possint
3023 3099 3258 3176 insidere
3283 3112 3338 3157 et
3361 3104 3449 3176 illa
3475 3108 3659 3176 quiete

2052 3164 2177 3244 frui.
2210 3165 2379 3222 Gustu
2406 3184 2623 3244 quoque
2646 3164 2846 3244 bonum
2890 3180 2971 3225 est
2996 3170 3171 3244 Valde,
3205 3184 3258 3227 et
3279 3164 3537 3244 qualitate
3565 3193 3656 3232 ca-

2051 3236 2221 3293 litlnm
2243 3279 2260 3306 ,
2292 3236 2454 3313 atque
2494 3236 2563 3295 ad
2601 3241 2855 3313 interiora
2899 3242 3136 3296 sananda
3159 3236 3380 3313 apto-tn.
3411 3246 3656 3304 Hominis

2051 3316 2281 3377 tantum,
2327 3311 2635 3381 nulliusque
2677 3312 2902 3366 alterius
2950 3311 3398 3371 animalis'cihus
3445 3329 3547 3374 est.
3594 3321 3651 3376 In

2048 3381 2336 3452 superﬁcie
2363 3382 2539 3438 rufum
2567 3391 2652 3437 est
2670 3424 2686 3449 ,
2721 3383 2863 3437 intus
2891 3397 3023 3438 vero
3048 3384 3226 3439 album
3253 3400 3494 3453 apparet.
3524 3389 3653 3446 ﬂare

2047 3463 2132 3505 εει
2159 3453 2321 3507 oleris
2352 3464 2562 3517 natura,
2589 3464 2644 3509 et
2673 3453 2895 3508 seminis
2919 3454 3244 3509 encomium.
3285 3456 3342 3512 Si
3375 3475 3503 3514 vero
3534 3477 3648 3517 rem

2046 3534 2295 3606 accurate
2317 3524 2619 3606 disquirere
2645 3525 2892 3606 velimds,
2922 3526 3317 3606 comperiemus
3340 3531 3648 3599 parabolam

2045 3592 2146 3661 ipsi
2168 3592 2446 3673 Servatttri
2464 3605 2793 3673 competere.
2813 3595 2910 3650 Est
2933 3592 3077 3673 enim
3101 3597 3188 3673 ille
3211 3592 3407 3667 parvus
3421 3616 3650 3673 conspe-

2046 3673 2157 3741 Etn,
2186 3665 2444 3741 brevisin
2476 3667 2579 3722 hoc
2593 3665 2826 3741 Intundo,
2856 3678 2912 3722 et
2939 3670 2991 3722 in
3019 3670 3158 3741 callo
3171 3665 3416 3741 magnus.
3447 3665 3652 3730 Hic-est

2044 3735 2215 3791 Filius
2246 3737 2478 3794 hominis
2513 3747 2570 3793 et
2619 3739 2760 3794 Deus
2786 3780 2799 3803 ,
2830 3754 2954 3795 cum
2981 3741 3052 3794 sit
3081 3739 3248 3795 Filius
3264 3735 3368 3798 Dei
3394 3761 3407 3795 :
3436 3744 3522 3799 hic
3550 3764 3651 3801 nu-

2044 3823 2225 3881 meros
2248 3824 2437 3865 omnes
2463 3819 2676 3880 superat
2698 3852 2714 3875 ,
2743 3820 2979 3867 aeternus
3004 3821 3107 3875 est,
3141 3812 3444 3881 invisibilis,
3474 3819 3646 3873 cccle-

2043 3880 2162 3951 stis,
2192 3881 2283 3951 qui
2310 3882 2378 3936 ab
2404 3881 2711 3936 hominibus
2743 3890 2951 3938 tantum
2977 3882 3223 3938 ﬁdelibus
3252 3880 3640 3943 manducatur:

2044 3947 2131 4024 hic
2157 3947 2421 4024 contritus
2460 3953 2561 4008 fuit
2579 3996 2593 4017 ,
2621 3961 2675 4007 et
2699 3964 2823 4023 post
2849 3954 3153 4024 passionem
3180 3953 3354 4010 iactus
3380 3966 3464 4011 est
3489 3960 3648 4013 albus

2042 4022 2182 4074 sicut
2221 4023 2303 4093 lac
2337 4043 2349 4078 :
2377 4024 2463 4080 hic
2494 4025 2666 4093 major
2692 4022 2776 4078 est
2803 4022 2923 4080 aliis
2948 4026 3200 4081 omnibus
3243 4028 3477 4085 oleribus
3508 4047 3521 4082 :
3555 4029 3644 4086 hic

2042 4101 2124 4169 _c_st
2155 4090 2478 4169 indiv‘isibile
2505 4090 2677 4150 Patris
2702 4096 2940 4169 Verbum
2973 4114 2985 4149 :
3016 4097 3103 4151 hic
3128 4106 3212 4152 est
3235 4098 3288 4153 in
3315 4114 3423 4169 quo
3449 4101 3644 4156 volati-

2042 4159 2111 4214 lia
2141 4163 2262 4216 caali
2302 4164 2640 4240 inhabitant;
2670 4168 2947 4240 prephetre
2973 4169 3226 4224 nimirum
3247 4211 3263 4236 ,
3317 4159 3546 4240 apostoli
3590 4182 3645 4228 et

2041 4245 2230 4304 omnes
2267 4235 2356 4302 qui
2401 4235 2574 4290 vocati
2612 4244 2780 4289 sunt:
2817 4238 2903 4291 hic
2947 4247 3032 4290 est
3077 4240 3169 4304 qui
3205 4235 3400 4293 animae
3444 4252 3645 4293 nostra:

2041 4301 2258 4376 morbos
2288 4301 2501 4376 calore
2523 4305 2623 4358 sibi
2657 4306 2875 4375 proprio
2914 4301 3200 4376 repurgat,
3227 4308 3329 4363 sub
3369 4323 3478 4375 quo
3520 4323 3646 4363 rore

2040 4375 2396 4450 aspergimur,
2423 4374 2652 4450 subzquo
2675 4377 2743 4430 ab
2762 4374 2930 4444 hujus
2954 4374 3135 4450 mundi
3163 4374 3644 4450 fervore’contegi—

2040 4456 2168 4516 mur
2198 4460 2211 4498 :
2237 4445 2325 4500 hic
2350 4454 2432 4500 est
2460 4445 2677 4515 quiper
2715 4457 2943 4516 mortem
2976 4449 3030 4501 in
3056 4457 3197 4503 terra
3233 4459 3382 4503 satus
3425 4459 3540 4516 est,
3565 4445 3645 4505 vet

2041 4512 2113 4567 ibi
2148 4513 2376 4570 fructum
2406 4512 2542 4578 tulit,
2569 4512 2692 4584 post
2719 4514 2952 4568 triduum
2974 4521 3191 4568 sanctos
3217 4527 3280 4570 ex
3306 4512 3644 4571 mortuorum

2041 4586 2304 4654 sepulcris
2332 4586 2609 4641 suscitavit
2638 4603 2651 4639 :
2680 4584 2767 4640 hic
2804 4596 2887 4639 est
2925 4584 3018 4655 qui
3050 4599 3147 4654 per
3187 4588 3642 4643 resurrectionem

2040 4657 2294 4730 omnibus
2338 4657 2615 4730 prophetis
2644 4656 2816 4730 major
2857 4657 3107 4730 apparuit
3135 4673 3150 4710 :
3185 4657 3272 4711 hic
3309 4667 3394 4730 est
3429 4660 3517 4728 qui
3547 4674 3645 4730 per

2040 4725 2314 4799 elﬂttvium
2341 4725 2518 4783 Patris
2546 4725 2740 4781 omnia
2756 4725 2941 4783 servat
2964 4744 2978 4781 :
3013 4727 3099 4782 hic
3123 4739 3207 4783 est
3232 4729 3320 4799 qui
3345 4743 3375 4782 a
3404 4725 3561 4785 terra
3574 4731 3645 4784 ad

2039 4801 2209 4856 caelos
2233 4798 2491 4865 effloruit,
2521 4800 2613 4870 qui
2640 4801 2693 4852 in
2723 4801 2947 4870 proprio
2972 4813 3102 4869 agro
3132 4798 3427 4855 seminatus
3455 4810 3557 4866 cst,
3586 4802 3643 4856 in

2042 4870 2244 4926 mundo
2270 4871 2498 4935 scilicet,
2523 4882 2577 4926 et
2602 4885 2695 4925 eos
2720 4873 2808 4941 qui
2833 4873 2887 4925 in
2911 4885 2971 4927 se
2995 4870 3291 4925 credebant
3317 4872 3461 4926 Patri
3486 4872 3644 4927 obtu-

2041 4943 2121 4998 lit.
2151 4942 2196 4999 Ο
2225 4958 2411 4998 semen
2434 4942 2557 4997 vine
2580 4957 2610 4996 a
2644 4941 2753 4997 Deo
2778 4943 2935 4998 Patre
2961 4943 3013 4995 in
3044 4952 3185 4998 terra
3213 4942 3575 4999 seminatuml
3607 4959 3644 4998 o

2039 5014 2460 5069 immortalitatis
2488 5028 2706 5084 germen
2734 5029 2765 5068 a
2792 5021 2844 5069 te
2873 5014 3102 5069 nutritus
3130 5031 3253 5070 cum
3300 5016 3408 5069 Deo
3446 5028 3641 5069 recon-

2038 5086 2263 5141 cilians!
2297 5102 2330 5141 o
2356 5086 2518 5140 arbor
2541 5085 2792 5152 excelsa,
2820 5102 2941 5156 quas
2981 5099 3009 5137 a
3041 5086 3163 5142 solo
3206 5088 3365 5142 Patre
3405 5085 3639 5141 colitur!

2041 5158 2168 5212 ΙΙωο
2208 5158 2368 5212 arbor
2394 5172 2458 5211 cx
2490 5157 2655 5211 corde
2700 5157 2873 5212 Patris
2917 5164 3035 5212 orta
3060 5166 3178 5225 est,
3210 5160 3325 5213 haec
3367 5156 3529 5211 arbor
3572 5170 3641 5212 ex

2041 5229 2310 5284 thesauris
2339 5228 2738 5299 Omnipotentis
2775 5227 3014 5284 efﬂoruit
3043 5247 3057 5282 :
3088 5229 3205 5284 haec
3233 5228 3394 5299 arbor
3421 5228 3474 5281 in
3500 5228 3645 5285 calo

2039 5300 2249 5354 radices
2276 5300 2457 5367 habet,
2491 5298 2544 5354 in
2573 5300 2774 5355 mundo
2799 5311 2975 5356 autem
3002 5314 3292 5369 apparens,
3314 5298 3385 5355 ab
3410 5298 3642 5354 homini-

2040 5371 2140 5427 bus
2167 5372 2492 5440 decerpitur.
2523 5372 2568 5426 υ
2597 5373 2775 5441 planta
2820 5388 2941 5442 qua:
2970 5372 3022 5424 in
3049 5380 3192 5442 terra
3231 5372 3343 5425 visa
3370 5378 3475 5436 est,
3506 5384 3562 5426 et
3589 5373 3643 5428 in

2040 5444 2194 5498 etelis
2236 5443 2503 5499 efﬂoruit!
2544 5460 2577 5498 ο
2602 5459 2789 5499 semen
2830 5441 3050 5511 parvum
3094 5441 3311 5512 quidem
3341 5456 3644 5513 apparens,

2039 5515 2181 5584 apud
2225 5515 2436 5585 Patrem
2485 5524 2664 5570 autem
2708 5514 2881 5584 majus
2932 5513 3219 5571 omnibust
3272 5514 3383 5569 lloc
3421 5529 3644 5585 germen

2041 5588 2204 5641 etiam
2237 5587 2291 5640 in
2319 5584 2530 5641 inferno
2556 5587 2784 5642 mortuis
2808 5594 3061 5641 exortum
3085 5595 3169 5640 est
3200 5603 3214 5640 :
3251 5585 3412 5655 hujus
3438 5586 3645 5641 fructus

2040 5658 2138 5712 luit
2183 5658 2457 5712 hominum
2500 5659 2872 5713 resurrectio:
2902 5659 3005 5712 hoc
3050 5658 3211 5713 morti
3254 5657 3439 5728 injecit
3481 5658 3644 5712 telum

2043 5728 2377 5785 mortiferum
2413 5747 2427 5784 :
2457 5729 2561 5785 hoc
2587 5728 2881 5785 adorarunt
2903 5728 3088 5784 tartari
3112 5730 3365 5800 parietes,
3390 5732 3639 5800 genugvis

2041 5799 2364 5861 ﬂectendum
2413 5801 2729 5859 inclinantes
2760 5818 2774 5860 ;
2801 5800 2961 5873 hujus
2990 5798 3127 5858 rami
3166 5810 3339 5859 totum
3382 5798 3645 5857 mundun?
