4194 6552
559 405 637 462 25
1919 398 2164 455 spuma
2204 398 2538 467 quidamst.
3771 410 3839 466 es

558 514 946 572 adtunbrarunt
972 532 983 567 :
1009 512 1109 568 hoc
1130 526 1155 564 a
1180 509 1379 581 Spiritu
1404 516 1599 581 sancto
1616 515 1892 581 movetur:
1917 508 2018 565 hoc
2042 524 2149 566 non

561 586 727 656 tangit
770 593 933 638 aestus
976 584 1171 637 nimius
1217 602 1230 635 :
1280 581 1380 656 sub
1424 580 2143 656 hacplanta_ohlecteris_et

557 649 782 711 choreas
808 656 971 709 ducas
997 669 1117 709 cum
1145 651 1369 721 angelis,
1400 650 1704 721 glorificans
1734 649 1946 704 Patrem
1967 660 2022 705 et
2057 650 2148 707 Fi~

559 869 726 930 Vill.
774 885 1061 928 Ewsnmt
1107 882 1170 926 tzv
1217 883 1443 937 tLLUD,
1490 883 1545 925 ει
1590 883 1713 935 oua
1758 883 1822 926 IN
1868 883 2165 939 cnatsro,
2212 883 2379 928 nova
2424 885 2759 928 caenum
2806 887 2822 926 :

2258 513 2384 591 lium
2413 529 2460 571 et
2512 516 2764 591 Spiritum
2794 526 3059 581 sanctum,
3088 533 3225 573 nunc
3254 526 3308 573 et
3336 534 3570 591 semper,
3598 531 3654 575 et
3681 520 3731 576 in
3756 536 3840 578 se-

2250 587 2368 640 cula
2394 589 2719 644 seculorum.
2751 591 2942 643 Amen.

2909 785 3832 808 ___________________

2872 887 3119 930 VETEBA
3147 889 3590 936 TBANSIERUNT
3615 897 3632 948 ς
3680 896 3833 941 ECCE

1423 991 1590 1034 nova
1636 990 1833 1034 FACTA
1874 989 2034 1032 sum
2076 989 2275 1034 θυεμ
2324 971 2409 1052 (ΙΙ
2437 972 2589 1034 Cor.
2627 972 2702 1041 V,
2738 971 2837 1053 17)
2859 973 2969 1053 (α).

627 1118 812 1194 Magna
839 1122 1052 1191 quidem
1083 1118 1351 1189 diligentia
1389 1116 1869 1194 ‘agrieolasemina
1917 1117 2139 1194 ερειηεῖι,

555 1186 839 1264 postquam
858 1186 863 1191 ’
882 1208 1065 1264 arvum
1097 1186 1451 1259 expurgattnn
1478 1186 1730 1264 viderit;
1762 1194 1815 1240 et
1845 1201 1942 1264 nec
1968 1189 2143 1264 spina-

557 1256 672 1320 rum
698 1256 911 1332 'c0piam
941 1263 1151 1332 adesse,
1169 1256 1300 1328 qua:
1331 1259 1663 1332 nascentium
1692 1256 1946 1332 impediat
1973 1258 2145 1332 incre-

557 1326 815 1396 mentum,
838 1348 1008 1402 neque
1038 1326 1289 1399 lapidem,
1313 1330 1400 1402 qui
1431 1341 1664 1381 aratrum
1688 1326 1951 1402 olfendat:
1977 1328 2146 1397 major

550 1415 725 1458 autem
754 1398 980 1463 facilitas
1026 1398 1109 1456 est
1145 1403 1192 1454 ei
1241 1399 1328 1468 qui
1379 1413 1679 1452 sermonem
1714 1398 2012 1465 prolaturus
2039 1407 2141 1463 est,

549 1490 669 1529 cum
704 1484 939 1543 paratum
980 1473 1277 1527 auditorem
1312 1469 1519 1543 viderit.
1552 1468 1722 1523 Video
1766 1469 1907 1543 enim
1956 1484 2142 1543 arvum

550 1539 853 1615 purgatum,
900 1559 1071 1610 neque
1099 1542 1301 1615 uSpiam
1324 1540 1586 1615 _est_5pina
1616 1539 1921 1615 germinans
1952 1557 1965 1592 :
1993 1540 2143 1615 spina

548 1608 724 1670 autem
747 1624 830 1669 est
849 1608 1151 1668 divitiarum
1167 1608 1490 1674 sollicitudo,
1510 1626 1627 1678 qure
1649 1608 1876 1663 sufferat
1898 1610 2140 1664 verbum.

552 1686 674 1740 lla:c
704 1698 879 1739 autem
911 1686 1051 1747 dico,
1099 1698 1204 1737 non
1232 1683 1353 1751 quia
1406 1696 1510 1751 non
1562 1679 1757 1733 adsunt
1803 1679 2015 1751 divites,
2048 1679 2142 1751 sed

556 1772 845 1825 pauperum
881 1749 1268 1825 philosophiam
1302 1753 1352 1805 in
1384 1750 1651 1825 audiendo
1695 1749 2145 1825 sermonedecla-

541 1821 692 1881 rans.
716 1826 830 1881 Non
857 1821 995 1880 enim
1025 1821 1371 1879 conciouante
1393 1822 1564 1876 solum
1588 1835 1723 1889 opus
1738 1828 1841 1883 est,
1866 1821 1958 1874 sed
1981 1821 2141 1875 etiam

550 1898 810 1965 prudente
829 1898 1068 1963 auditore
1093 1910 1106 1948 :
1132 1902 1419 1959 utrumque
1438 1892 1579 1945 enim
1593 1889 1821 1965 requirit
1839 1889 2137 1965 Scriptura,

547 1960 841 2037 sapientem
868 1960 1071 2037 nempe
1088 1965 1368 2037 doctorem
1394 1971 1448 2016 et
1476 1961 1788 2037 prudentem
1818 1960 2138 2037 auditorem,

549 2031 623 2092 ne
643 2055 709 2092 ex
734 2031 1032 2091 auditorum
1062 2036 1269 2103 ignavia
1305 2034 1454 2086 labor
1489 2044 1673 2085 noster
1700 2031 1903 2086 inutilis
1927 2031 2136 2103 evadat.

547 2108 863 2162 Sollicitudo
888 2108 1030 2163 enim
1062 2102 1365 2160 divitiarum
1398 2118 1502 2157 non
1533 2103 1792 2171 permittit
1822 2110 1879 2155 ut
1906 2117 2025 2171 qua:
2056 2102 2140 2156 di-

547 2189 740 2232 cuntur
786 2181 836 2232 in
883 2186 1114 2231 mentem
1145 2175 1397 2236 incidant,
1430 2175 1523 2227 sed
1554 2172 1883 2227 audientium
1924 2172 2137 2227 intelle-

545 2261 688 2303 ctum
716 2250 928 2317 abripit.
975 2247 1107 2315 Quia
1137 2247 1294 2315 igitur
1343 2258 1536 2317 omnes
1578 2243 1851 2317 conspicio
1883 2255 2134 2310 paratos;

547 2336 668 2373 nam
697 2314 902 2375 secreta
930 2314 1090 2373 animi
1119 2314 1224 2370 nun
1256 2330 1418 2369 nosco
1453 2332 1466 2368 ε
1497 2314 1825 2383 singulorum
1856 2329 1981 2367 vero
2011 2328 2140 2367 ocu~

546 2389 627 2445 los
667 2392 877 2444 curiose
925 2390 1156 2448 intueor,
1181 2396 1234 2441 et
1288 2385 1569 2455 palpebras
1619 2393 1887 2455 tanquam
1934 2398 2136 2455 cornua

546 2472 755 2515 erectas
785 2460 958 2524 video,
990 2454 1408 2525 oculosquenori
1439 2463 1687 2508 nutantes
1714 2454 2136 2525 immobilitatem

544 2533 706 2585 auitni
736 2532 1049 2596 indicantes,
1079 2524 1470 2597 atqueomnetn
1500 2533 1731 2597 mentem
1748 2525 1816 2597 ab
1836 2524 1991 2591 hujus
2015 2528 2136 2581 vita:

543 2604 686 2656 curis
710 2607 1001 2656 immunem
1032 2595 1047 2660 ς
1080 2595 1510 2667 unumquemque
1556 2595 1659 2649 hoc
1684 2595 1853 2667 solum
1885 2607 2134 2665 spectan-

546 2681 673 2735 tem,
700 2674 800 2728 hoc
823 2673 1164 2741 cogitantem,
1193 2665 1465 2741 quomodo
1480 2682 1544 2741 ea
1571 2683 1688 2734 qua:
1717 2665 1965 2741 dicuntur
1988 2668 2147 2741 aeci-i

546 2744 685 2811 piat:
712 2737 966 2812 ampliore
990 2757 1115 2795 cura
1144 2737 1377 2812 mentem
1403 2738 1655 2812 adhibete
1679 2754 1691 2789 :
1715 2738 1930 2812 pa_ndite
1957 2737 2132 2792 sinum

543 2807 755 2877 animm,
782 2807 836 2867 tit
890 2812 1096 2866 facilius
1141 2810 1459 2877 dejiciantnr
1485 2809 1710 2862 semina.
1763 2807 1867 2862 Per
1912 2807 2129 2877 longum

541 2886 684 2938 enim
714 2894 921 2953 tempus
948 2882 998 2953 in
1024 2881 1166 2936 Pauli
1190 2895 1428 2953 mensam
1453 2879 1686 2953 linguam
1697 2877 2129 2953 _vo_lo_ditnittere:

547 2970 721 3024 neque
750 2948 908 3008 finem
962 2951 1153 3024 faciam
1198 2952 1276 3024 sic
1307 2950 1453 3004 illum
1486 2948 1731 3024 vocandi.
1762 2949 2002 3024 idiotam,
2030 2948 2132 3024 ob-

541 3018 780 3091 scurum,
840 3023 1147 3093 ignobilem.
1198 3020 1659 3093 tabernaculorum
1714 3020 1980 3093 opificem.
2039 3018 2132 3093 lla:

542 3106 666 3148 sunt
690 3088 819 3150 mem
844 3088 1228 3163 praerogativae,
1262 3092 1374 3163 haec
1396 3106 1510 3163 mea
1533 3088 1797 3163 encomia,
1826 3088 2132 3163 quodtales

542 3165 764 3219 habeam
798 3159 1100 3234 magistros.
1137 3179 1241 3234 non
1275 3162 1429 3231 hujus
1459 3161 1581 3234 vita:
1627 3161 1828 3234 divitiis
1854 3199 1867 3221 ,
1901 3159 1994 3213 sed
2025 3165 2133 3234 spi-

541 3237 821 3291 ritualihus
850 3229 996 3290 recte
1022 3233 1176 3290 factis
1204 3229 1486 3303 fulgentes.
1510 3229 1564 3286 Si
1595 3230 1958 3303 tnilii_Gra~.cus
1982 3230 2131 3303 quis-

543 3308 680 3369 piam
732 3308 949 3370 dixerit,
977 3308 1145 3372 Quem
1208 3299 1374 3358 habes
1425 3300 1750 3372 doctorem?
1804 3299 2126 3372 respondeo,

540 3369 1031 3433 Tabernaculorum
1058 3372 1304 3444 opificem
1342 3391 1355 3426 :
1389 3382 1444 3428 et
1470 3388 1633 3444 qnem
1657 3371 1817 3425 alium
1842 3369 1867 3422 Ὺ
1894 3369 2127 3425 Piscium

543 3449 873 3503 venditorem
904 3466 916 3501 :
947 3442 1252 3517 quem—vero
1274 3444 1479 3517 alium?
1502 3442 1854 3517 Publicanum
1879 3457 1891 3494 :
1922 3451 2131 3517 etquos

538 3518 722 3589 alios?
749 3520 927 3589 Magos
966 3510 1034 3572 ἐι
1090 3516 1424 3589 meretricem
1457 3531 1471 3568 :
1502 3512 1663 3584 quem
1704 3511 1883 3589 adhuc
1920 3510 2079 3589 aliinn
2106 3511 2130 3566 Ἰ

539 3581 858 3644 Latronem:
885 3589 1070 3658 Neque
1101 3588 1169 3643 de
1201 3587 1282 3640 his
1308 3581 1594 3658 erubesco,
1624 3583 1717 3658 sed
1747 3582 1968 3658 glorior:
1997 3581 2129 3658 (llo-

539 3661 694 3731 riaris
712 3660 850 3731 quod
884 3653 1196 3731 magistrum
1221 3658 1417 3731 habeas
1447 3653 1968 3731 circumforaneum?
1990 3654 2128 3709 Sane

538 3723 773 3798 quidem.
807 3723 1020 3798 Quare'?
1050 3731 1310 3797 Quoniam
1357 3726 1403 3782 si
1442 3725 1616 3798 vilitas
1641 3724 1883 3798 discipuli
1910 3723 2012 3777 vim
2036 3740 2127 3777 os-

541 3795 711 3855 tendit
735 3795 993 3871 magistri,
1020 3795 1194 3854 vilitas
1224 3797 1459 3871 magistri
1477 3795 1719 3871 ostendit
1745 3795 1976 3871 divinam
2006 3809 2128 3850 esse

541 3864 989 3939 praedicationem.
1025 3872 1134 3926 Etsi
1173 3864 1590 3939 enitn'homines
1624 3864 1768 3919 illam
1800 3865 2124 3939 pried_icave-_

540 3935 618 4006 re,
652 3959 757 3996 non
787 3952 962 3998 tamen
990 3943 1234 3995 homines
1259 3940 1400 3993 illam
1430 3938 1712 3999 invenere;
1742 3939 1785 3991 si
1811 3937 2051 3989 homines
2076 3935 2127 3989 id

541 4014 935 4079 prardicavere,
970 4021 1279 4067 nontamen
1330 4010 1573 4063 homines
1626 4006 1677 4079 id
1737 4006 2121 4079 produxerunt.

541 4074 794 4138 Homines
825 4074 1176 4138 instrumenta
1204 4090 1351 4142 sunt,
1378 4080 1515 4133 Deus
1536 4076 1725 4131 artifex
1740 4074 1770 4128 7:
1803 4077 1873 4128 illi
1906 4084 2029 4127 sunt
2052 4074 2128 4127 ci-

539 4153 686 4207 thara
716 4196 730 4220 ,
765 4156 881 4209 itare
912 4168 1098 4209 manus
1124 4161 1423 4222 praapotens
1471 4146 1725 4222 chordatn
1777 4144 2127 4222 inmiti-Ideo

539 4215 817 4289 propheta,
850 4226 950 4275 etsi
982 4240 1076 4275 rex
1103 4215 1321 4283 e'rat,'et
1352 4232 1579 4285 purpura
1611 4216 1911 4289 amictuset
1938 4215 2123 4269 diade-

536 4286 678 4344 inate
704 4286 943 4357 ornatus,
973 4293 1265 4360 orbemque
1292 4289 1589 4357 alloquens,
1622 4286 1801 4360 relicta
1835 4286 1921 4335 illa
1968 4297 2125 4360 secu-

538 4361 634 4415 lari
664 4378 875 4432 pompa,
892 4351 957 4417 ne
979 4363 1096 4432 quis
1114 4351 1319 4431 pularet
1336 4351 1848 4432 ipsumregiayerba
1866 4351 2122 4432 proferre,

534 4424 746 4487 dicebat
777 4424 803 4487 ε’
825 4424 1085 4486 Ενιιειὰυἱι
1115 4424 1211 4485 ἐον
1250 4424 1412 4483 meum
1438 4426 1638 4481 verbum
1661 4424 1869 4486 bonum,
1900 4424 2013 4476 dico
2034 4440 2124 4491 ego

535 4512 688 4567 Opera
712 4510 820 4551 mea
846 4503 990 4568 Regi.
1014 4502 1215 4565 Lingua
1238 4498 1595 4568 nteocalantus
1615 4495 1793 4557 scriba:
1813 4492 2122 4562 (Ps.XLlV,

535 4564 612 4639 2).
643 4572 748 4623 Cur
768 4564 1028 4622 calamum
1060 4564 1218 4639 vocas
1244 4566 1266 4619 ?
1317 4564 1382 4639 Ut
1413 4573 1465 4639 tu
1493 4564 1669 4617 discas
1699 4579 1802 4639 non
1851 4579 1970 4618 esse
2002 4580 2120 4639 mea

533 4634 654 4708 qua:
681 4639 1007 4703 scribuntur,
1037 4636 1131 4691 sed
1155 4636 1393 4708 tenentis
1421 4634 1676 4708 dexterae.
1697 4634 1947 4708 Calamus
1978 4636 2120 4689 enim

541 4704 646 4763 non
677 4726 770 4779 per
786 4712 1020 4780 seipsum
1042 4706 1247 4780 scribit,
1277 4706 1370 4759 sed
1391 4704 1646 4780 quidquid
1679 4705 1906 4780 voluerit
1933 4720 2123 4759 manus

536 4776 689 4833 illuni
716 4776 922 4833 tenens.
961 4780 1024 4832 Et
1054 4778 1227 4848 lingua
1256 4792 1371 4831 mea
1419 4776 1656 4848 calamus
1687 4776 1875 4829 scriba:
1898 4786 1977 4829 est
1996 4792 2021 4848 7;
2049 4788 2125 4830 te-

537 4859 626 4904 net
654 4853 794 4905 enim
825 4848 968 4904 illam
1000 4845 1231 4918 Spiritus
1256 4858 1490 4901 sanctus.
1538 4845 1670 4918 Cum
1700 4862 1827 4916 ergo
1855 4847 1944 4900 tibi
1975 4847 2123 4901 dixe-

535 4917 1160 4986 ritGraecuszQuisest
1210 4918 1463 4988 magister
1494 4917 1654 4988 tuus?
1700 4933 1765 4970 ne
1810 4925 1862 4971 te
1894 4917 2118 4986 pudeat,

536 5007 707 5060 neque
729 4991 1036 5059 erubescas,
1066 4990 1161 5060 sed
1191 4989 1277 5043 dic
1304 5004 1317 5039 :
1346 4987 1837 5060 Circumforaneus,
1868 4989 2123 5060 tentorio-

533 5058 649 5116 rum
700 5060 899 5130 epifex,
929 5062 1018 5131 qui
1048 5060 1099 5114 in
1130 5059 1248 5115 foro
1273 5060 1466 5131 stabat,
1481 5059 1577 5131 qui
1609 5058 1773 5131 pelles
1800 5059 2117 5115 consuebat.

533 5128 784 5202 Magister
810 5128 1088 5185 vero—tuus
1111 5131 1229 5200 quis
1255 5140 1337 5185 est
1362 5129 1386 5183 Ἰ
1436 5130 1605 5195 Plato,
1626 5128 1982 5202 Pythagoras,
2015 5144 2117 5202 non

531 5199 1011 5265 circumforaneus,
1059 5199 1151 5256 sed
1205 5202 1570 5270 phi|050plms.
1622 5200 1677 5252 Si
1708 5215 1837 5254 vero
1891 5199 2117 5255 dixerim

529 5286 631 5342 ego
665 5291 678 5325 :
707 5271 955 5342 Magister
984 5281 1124 5337 tuus,
1147 5269 1266 5341 quis
1293 5280 1376 5327 est
1396 5272 1418 5325 ἲ
1441 5269 1795 5339 Philosophus
1822 5287 1837 5336 ;
1869 5272 2121 5341 magister

532 5352 655 5396 tuus
703 5344 870 5411 patria
926 5343 1154 5408 nobilis;
1186 5343 1438 5412 magister
1474 5350 1596 5395 tuus
1642 5342 1834 5412 dives;
1868 5352 2120 5411 magister

533 5416 921 5484 tuushnguam
971 5413 1174 5469 habens
1222 5411 1452 5475 acutam,
1486 5414 1614 5483 ipsis
1660 5411 1838 5466 ﬂuviis
1867 5412 2120 5484 ﬂueu:ior

529 5493 630 5545 est,
667 5483 869 5555 honore
896 5485 1096 5550 fruens,
1122 5484 1522 5555 progenitorutn
1549 5484 1832 5555 splendore
1856 5483 2116 5553 gaudens,

531 5554 724 5624 ubique
753 5554 1085 5610 honoratus:
1117 5570 1270 5610 meus
1322 5571 1450 5611 vero
1494 5565 1682 5610 contra
1725 5569 1783 5609 se
1810 5554 2011 5609 habet:
2046 5554 2119 5611 ita

557 5792 566 5801 .
593 5731 665 5801 (α)
698 5731 817 5783 Haec
839 5732 992 5801 oratio
1014 5730 1072 5781 ad
1095 5724 1313 5801 ineptum
1337 5731 1612 5801 Graeculum
1625 5730 1902 5801 referenda
1925 5740 2017 5791 est,
2045 5731 2116 5801 la-

526 5793 675 5844 eiulas
708 5793 1259 5858 gentiiniglirysostomi
1291 5798 1563 5858 sermonis,
1594 5796 1724 5846 sicut
1738 5793 1966 5858 graculus
2012 5793 2117 5857 plu-

526 5864 627 5904 mas
654 5858 867 5918 pavonis,
891 5856 1093 5907 ridicule
1117 5856 1421 5907 induentem.

2252 1117 2405 1171 nobis
2429 1117 2809 1187 manifestaest
2830 1116 3071 1172 victoria.
3101 1117 3417 1185 Quomodo?
3445 1121 3576 1187 Quia
3605 1124 3836 1181 circum-

2249 1188 2646 1267 foraneusﬂvicit
2675 1186 3045 1267 philosophum
3077 1205 3353 1267 :yaupter,
3385 1186 3626 1256 divitem;
3654 1194 3829 1267 lingua

2250 1258 2667 1335 ca_rens,_lluviis
2698 1256 3030 1335 fluentiorem
3055 1276 3069 1325 ;
3100 1256 3321 1335 flagellis
3340 1256 3550 1335 cresus,
3580 1279 3704 1335 eum
3731 1256 3832 1335 'qui

2252 1329 2383 1402 nihil
2415 1328 2517 1402 tale
2548 1344 2731 1395 passus
2763 1328 3284 1402 est._lu:pqnalis'est
3311 1333 3471 1393 acies,
3514 1343 3569 1387 ut
3597 1328 3832 1402 Splendi-

2249 1399 2368 1473 dius
2396 1400 2465 1473 sit
2494 1409 2766 1473 trepteum.
2792 1399 3077 1473 Soloecizat
3117 1416 3285 1473 meus,
3316 1412 3372 1455 ut
3398 1399 3641 1459 atticizet'
3672 1415 3791 1461 tuus
3817 1424 3834 1473 ;

2250 1470 2341 1544 sed
2368 1471 2689 1544 solmcizans
2711 1471 3068 1544 atticizantem
3116 1472 3243 1525 vicit
3275 1489 3287 1523 :
3321 1473 3591 1527 solmcizat
3631 1470 3831 1544 lingua,

2248 1541 2340 1594 sed
2374 1550 2553 1594 mente
2584 1541 2989 1608 philosophatur
3019 1559 3033 1595 :
3065 1557 3168 1594 non
3212 1557 3347 1609 opus
3372 1552 3445 1596 est
3479 1544 3606 1597 mihi
3634 1541 3832 1609 verbis,

2247 1612 2341 1665 sed
2368 1611 2665 1665 sententiis.
2692 1610 2833 1665 Meus
2860 1620 3003 1665 tuum
3031 1612 3155 1665 vicit
3180 1629 3192 1664 :
3226 1612 3535 1682 quomodo?
3564 1616 3723 1671 idiom
3750 1632 3836 1673 sae

2250 1683 2510 1754 pientem,
2543 1684 2773 1754 rusticus
2803 1681 3093 1754 eraterein.
3149 1683 3214 1736 Et
3245 1681 3400 1738 unde
3423 1725 3438 1749 ,
3472 1685 3660 1754 inquit,
3712 1702 3834 1742 eum

2248 1753 2437 1806 vicisse
2468 1752 2630 1822 liquet
2655 1753 2678 1805 ?
2707 1751 3015 1820 lmpudens.
3059 1768 3236 1807 norinc
3263 1754 3410 1809 vides
3445 1751 3694 1822 resipsas
3718 1757 3833 1811 cla-

2247 1822 2434 1877 mare?
2463 1821 2559 1878 Ubi
2587 1832 2669 1876 εει
2698 1823 2845 1878 Plato
2873 1824 2895 1875 ?
2947 1824 3128 1877 nullibi
3162 1841 3175 1875 :
3209 1824 3295 1877 tibi
3347 1821 3585 1881 Paulus?
3630 1826 3682 1880 in
3713 1843 3832 1881 om-

2187 1899 2201 1910 '
2247 1894 2390 1947 nium
2421 1910 2533 1948 ore.
2569 1892 2668 1948 Ubi
2699 1894 2896 1947 Plato?
2923 1893 2990 1949 de
3019 1895 3109 1948 illo
3130 1895 3335 1953 siletur.
3369 1895 3621 1950 oblivioni
3670 1897 3835 1953 tradi-

2248 1973 2373 2018 tur:
2406 1964 2491 2018 ubi
2537 1980 2665 2036 vero
2693 1964 2923 2018 Paulus?
2978 1965 3181 2036 regiam
3227 1966 3367 2033 cepit
3397 1965 3638 2028 Romam,
3673 1983 3832 2036 quam

2245 2050 2350 2088 non
2380 2035 2540 2090 modo
2561 2035 2746 2088 vivens
2769 2036 3025 2103 possedit,
3048 2034 3147 2090 sed
3175 2044 3229 2089 et
3258 2044 3501 2090 mortuus
3524 2038 3666 2091 vicit.
3693 2034 3831 2093 Mor-

2245 2113 2365 2177 tuus
2411 2116 2491 2160 est
2544 2120 2795 2175 corpore,
2847 2115 2903 2159 ut
2950 2108 3092 2160 vivat
3147 2106 3337 2173 spiritu
3380 2123 3393 2159 :
3439 2105 3703 2177 discerpta
3752 2118 3833 2165 est

2242 2176 2448 2242 charta,
2494 2186 2550 2232 et
2603 2186 2821 2231 manent
2870 2177 3104 2242 litterae;
3160 2191 3264 2229 non
3322 2185 3437 2231 erat
3482 2176 3629 2232 enini
3681 2189 3828 2234 atra-

2243 2256 2423 2301 mento
2449 2249 2668 2317 scripta,
2693 2247 2785 2301 sed
2813 2249 2999 2313 spiritu
3029 2247 3255 2317 firmata.
3291 2245 3519 2317 Facilius
3547 2257 3633 2303 est
3658 2249 3828 2305 Solem

2244 2316 2613 2388 prtetergredi,
2646 2334 2803 2387 quam
2833 2317 2978 2388 Pauli
3011 2318 3192 2388 verba.
3221 2316 3358 2382 Quid
3389 2318 3530 2370 enim
3571 2318 3697 2373 dicit
3738 2322 3828 2388 qui

2241 2387 2315 2441 illi
2343 2385 2499 2443 verba
2528 2385 2749 2458 largitus
2776 2386 2895 2440 est?
2917 2385 3112 2458 Cadunt
3133 2397 3178 2440 ct
3197 2389 3651 2458 terroptronsibunt.
3679 2385 3830 2446 verba

2239 2468 2406 2531 cutem
2428 2475 2537 2512 mea
2562 2456 2663 2511 non
2692 2458 2975 2531 transibunt
3005 2456 3215 2531 (Matth.
3260 2456 3449 2531 XXIV,
3477 2457 3599 2531 55)ἑ
3626 2460 3678 2514 Si
3705 2476 3797 2515 ver
3820 2496 3823 2497 ν

2241 2528 2306 2582 ba
2340 2538 2542 2583 tantum
2571 2537 2715 2590 sunt.
2740 2528 2944 2593 refota;
2974 2529 3017 2581 si
3051 2543 3136 2582 res
3164 2537 3310 2594 sunt,
3351 2528 3751 2583 adora.'C¢elum
3781 2542 3829 2584 et

2240 2609 2375 2654 terra
2403 2600 2707 2663 transibunt,
2740 2598 2888 2651 verba
2907 2609 3074 2652 autetn
3101 2614 3211 2651 mea
3240 2616 3340 2652 non
3364 2601 3667 2653 transibunt.
3722 2600 3828 2655 Fa-

2239 2670 2392 2726 cilius
2420 2680 2503 2724 est
2527 2671 2693 2724 solem
2716 2669 3005 2738 exstingui.
3033 2679 3085 2723 et
3114 2669 3307 2722 cmlum
3335 2684 3367 2723 c
3392 2681 3679 2736 conspectu
3710 2672 3821 2726 tolli

2238 2757 2395 2809 quam
2421 2741 2580 2795 verba
2605 2739 2810 2794 Domini
2843 2741 2945 2794 mei
2972 2740 3212 2793 dissolvi.
3237 2744 3410 2809 Atque
3441 2756 3618 2794 rerum
3659 2756 3826 2810 expe-

2236 2812 2424 2866 rientia
2452 2811 2537 2866 his
2566 2811 2809 2879 perhibet
2834 2810 3217 2872 testimonium,
3252 2812 3504 2878 temporis
3518 2812 3677 2864 etiam
3711 2814 3826 2865 lon-

2235 2882 2418 2952 gitudo
2447 2892 2501 2937 et
2532 2882 2760 2937 hostium
2810 2882 3173 2945 incursiones;
3204 2880 3254 2935 id
3297 2881 3450 2952 enim
3475 2882 3827 2937 admiratione

2237 2951 2453 3023 dignum
2481 2962 2583 3016 est,
2618 2967 2723 3005 non
2752 2953 2909 3005 modo
2936 2952 3074 3021 quod
3130 2966 3234 3005 non
3277 2951 3536 3023 dissoluta
3567 2955 3695 3017 sint,
3727 2954 3822 3007 sed

2235 3026 2393 3076 etiam
2423 3023 2563 3092 quod
2596 3022 2734 3077 bello
2770 3024 3006 3089 impetita
3037 3023 3361 3090 superarint.
3389 3022 3586 3077 Sedulo
3610 3024 3827 3078 attende

2234 3093 2391 3147 dictis
2422 3095 2575 3150 meis.
2602 3092 2939 3150 Vociferatus
2990 3102 3072 3146 est
3126 3092 3343 3159 Paulus,
3367 3092 3691 3147 vociferatus
3740 3103 3825 3148 est

2234 3163 2470 3234 Joannes
2498 3165 2728 3234 piscator
2757 3172 2811 3219 et
2839 3163 3299 3234 evangelista,qui
3355 3172 3472 3217 rete
3512 3164 3734 3232 projecit
3772 3176 3830 3219 et

2235 3233 2580 3306 Evangelium
2602 3236 2760 3306 cepit,
2785 3235 2870 3304 qui
2896 3233 3108 3306 demisit
3129 3233 3393 3306 calamum
3410 3234 3749 3306 piscatorium
3769 3244 3824 3289 et

2233 3308 2374 3374 cepit
2391 3303 2608 3360 verbum
2624 3303 2877 3375 Magistri.
2893 3305 3029 3373 Quid
3044 3303 3361 3358 vociferatus
3377 3312 3540 3371 esl,et
3556 3304 3680 3373 quid
3693 3305 3828 3359 dixit

2236 3377 2467 3445 piscator
2492 3378 2515 3430 τ
2558 3374 2846 3431 Videamus
2885 3392 2951 3428 an
3003 3376 3247 3443 expiscer
3275 3374 3436 3430 verba
3466 3376 3745 3444 piscatoris
3770 3386 3828 3431 et.

2232 3461 2339 3501 non
2372 3450 2682 3515 piscatoris:
2715 3446 2990 3515 piscatoris
3016 3445 3514 3515 quidem,quoniam
3544 3445 3643 3498 hoc
3669 3447 3819 3500 voci-

2234 3517 2431 3572 feratus
2453 3530 2533 3573 est
2557 3533 2572 3583 ;
2605 3533 2709 3572 non
2739 3517 3016 3586 piscatoris
3038 3531 3187 3579 vero,
3216 3518 3467 3585 quoniam
3492 3517 3651 3586 verba
3670 3527 3824 3571 erant

2231 3588 2481 3656 Spiritus.
2508 3588 2648 3656 Quid
2678 3584 2820 3641 enim
2847 3589 2915 3641 ait
2939 3586 2961 3640 ?
2989 3585 3056 3639 In
3086 3584 3336 3656 principio
3364 3597 3471 3639 erat
3501 3584 3739 3652 Verbum,
3769 3597 3818 3641 et

2285 3604 2481 3644 )trttus.
2508 3604 2648 3656 Quid
2678 3604 2820 3641 enim
2847 3604 2915 3641 an
2943 3604 2960 3640 ι
2989 3604 3056 3639 ut
3122 3604 3336 3656 mncipia
3364 3604 3471 3639 erat
3504 3604 3739 3652 verbum,
3769 3604 3818 3641 et

2285 3661 2455 3714 erbum
2484 3670 2591 3713 erat
2615 3658 2755 3728 apud
2787 3656 2967 3719 Deum,
2992 3604 3206 3710 algeas
3227 3668 3332 3711 erat
3368 3656 3582 3728 Verbum
3615 3656 3819 3728 p(Joan.

2233 3728 2269 3794 l,
2302 3732 2378 3801 l).
2409 3730 2546 3797 Quid
2600 3727 2733 3801 dicit
2755 3728 3013 3801 Juda'us?
3043 3727 3297 3801 Magnum
3338 3728 3477 3794 sapit
3518 3727 3585 3801 de
3615 3727 3819 3801 Moyse,

2229 3797 2350 3868 quia
2378 3816 2526 3856 mare
2551 3800 2764 3856 discidit
2788 3810 2841 3853 et
2871 3800 3114 3868 pelagum
3146 3798 3324 3851 divisit
3353 3811 3416 3851 ac
3458 3797 3708 3868 resumit,
3739 3808 3823 3868 at-

2229 3864 2333 3939 que
2361 3886 2540 3926 aerem
2570 3872 2810 3933 mutavit,
2829 3864 3030 3939 petram
3049 3868 3299 3939 dissecuit
3323 3877 3376 3939 et
3393 3882 3582 3939 manna
3606 3864 3818 3931 detulit,

2232 3935 2389 3994 urbes
2421 3956 2542 3992 cum
2595 3938 2782 3993 incolis
2812 3935 3027 3998 excidit,
3062 3948 3220 4001 atque
3248 3936 3298 3990 in
3342 3935 3489 3989 hellis
3514 3937 3629 3988 sine
3654 3939 3822 3990 armis

2228 4010 2399 4063 vietor
2429 4008 2545 4062 fuit.
2573 4009 2770 4062 Ideone
2797 4007 2959 4077 altum
2986 4007 3167 4077 sapis?
3193 4007 3327 4060 Audi
3352 4006 3478 4075 quid
3507 4006 3715 4077 Moyses
3742 4008 3822 4060 di-

2230 4081 2325 4144 xit,
2352 4079 2475 4148 quid
2533 4079 2781 4147 piscator.
2807 4087 2863 4131 ut
2915 4076 3094 4148 videas
3131 4079 3360 4148 _qu:e_sit
3406 4079 3579 4144 inopia
3621 4080 3818 4148 veteris

2229 4146 2381 4218 legis,
2411 4159 2464 4203 et
2510 4146 2629 4219 quae
2657 4147 2978 4202 abundantia
3009 4146 3209 4215 gratiae.
3256 4146 3400 4219 Quid
3453 4158 3630 4201 autem
3664 4147 3822 4219 dixit

2230 4216 2472 4289 Moyses?
2501 4216 2565 4272 Iit
2596 4219 2842 4288 principio
2866 4220 2981 4289 fecit
3007 4219 3140 4289 fleas
3168 4218 3348 4271 calum
3374 4229 3419 4271 et
3442 4228 3624 4289 terram
3652 4216 3815 4289 (_Gen.

2229 4287 2269 4352 Ι,
2301 4287 2374 4360 l).
2408 4290 2542 4354 Quid
2558 4287 2703 4360 vero
2731 4287 2984 4358 piscator?
3014 4287 3281 4360 Nusquam
3304 4288 3619 4360 ponitillod,
3651 4287 3816 4349 Fecit;

2228 4356 2519 4428 scd'quid?
2548 4358 2613 4413 In
2659 4356 2907 4428 principio
2957 4369 3065 4412 erat
3113 4356 3351 4422 Verbum,
3382 4368 3430 4412 et
3466 4357 3683 4413 Verbum
3710 4368 3817 4412 erat

2227 4433 2365 4498 apud
2398 4429 2575 4483 Deum.
2610 4430 2704 4485 llle
2731 4446 2760 4483 a
2789 4432 2947 4484 rebus
2976 4429 3168 4482 creatis
3216 4430 3419 4497 incipit,
3451 4430 3536 4482 hic
3585 4444 3612 4482 a
3646 4431 3814 4483 Crea-

2229 4511 2361 4555 tore.
2392 4501 2553 4557 Vides
2579 4512 2635 4556 ut
2676 4502 2835 4555 altius
2874 4499 3114 4555 ascendit
3140 4514 3295 4568 quam
3325 4500 3573 4570 Moyses?
3601 4500 3817 4554 Audivit

2226 4571 2444 4640 Moysen
2491 4573 2758 4627 dicentem
2789 4572 2929 4641 quod
2958 4573 3152 4641 caelum
3179 4570 3362 4624 fecerit
3385 4571 3558 4634 Deus;
3588 4571 3807 4624 missum

2227 4644 2352 4696 fecit
2377 4643 2594 4707 coelum,
2622 4654 2678 4697 et
2705 4640 2863 4696 altius
2883 4640 3141 4695 ascendit.
3171 4642 3536 4695 Occurrerunt
3561 4642 3609 4695 ei
3637 4641 3811 4710 angeli

2225 4721 2280 4767 et
2312 4714 2683 4781 praetermisit;
2714 4712 3036 4781 archangeli,
3067 4720 3121 4764 et
3146 4712 3470 4781 praeterivit;
3499 4711 3813 4778 Cherubim,

2225 4793 2279 4837 et
2310 4784 2377 4838 ibi
2404 4800 2507 4838 non
2537 4785 2701 4839 stetit.
2731 4784 2848 4850 Quo
2876 4782 3090 4836 curris?
3121 4781 3270 4836 Aliud
3300 4797 3514 4850 quaero:
3541 4783 3586 4836 si
3610 4782 3817 4835 Cheru-

2227 4853 2332 4908 him
2364 4854 2562 4919 lucent,
2597 4864 2772 4908 tamen
2802 4869 2965 4922 opera
2995 4864 3119 4907 sunt
3146 4869 3160 4917 ;
3194 4853 3238 4906 si
3268 4851 3548 4920 Seraphini
3591 4861 3815 4918 canunt,

2223 4935 2348 4979 sunt
2380 4935 2554 4980 tamen
2585 4927 2829 4979 conservi
2858 4933 2913 4978 ut
2941 4938 3059 4994 ego.
3100 4923 3239 4992 Quid
3277 4939 3413 4993 qum:
3431 4926 3472 4977 is
3499 4925 3522 4973 Τ
3571 4922 3625 4978 Si
3657 4923 3814 4992 prin-

2224 4997 2430 5065 cipatus
2459 5005 2514 5051 et
2550 4995 2962 5060 dominationes,
2994 4996 3109 5050 haec
3157 5010 3371 5064 quoque
3396 5009 3545 5047 serva
3575 5002 3630 5048 et
3656 5008 3815 5047 crea-

2225 5075 2358 5120 turte
2388 5077 2549 5132 sunt;
2582 5069 2625 5120 si
2653 5076 2962 5135 potestates,
2979 5075 3080 5119 tuae
3101 5081 3310 5133 quoque
3337 5080 3421 5119 res
3446 5076 3640 5119 creata.-
3662 5073 3813 5118 sunt.

2223 5137 2340 5205 Quo
2363 5137 2525 5192 abis?
2577 5134 2754 5207 Ipsum
2791 5150 2974 5205 quer
3020 5134 3352 5207 Creatorem,
3404 5138 3576 5207 ipsum
3628 5150 3817 5207 quaero

2225 5208 2369 5262 Patri
2415 5205 2923 5263 consubstantialem
2958 5224 2971 5259 :
3006 5221 3104 5260 nec
3154 5206 3405 5260 desistam
3457 5205 3630 5260 donec
3659 5205 3814 5262 illum

2224 5279 2495 5344 invenero,
2528 5289 2584 5333 ut
2631 5279 2794 5332 homo
2837 5287 3007 5346 potest
3037 5278 3295 5332 invenire.
3343 5276 3552 5347 Moyses
3604 5277 3816 5330 locutus

2222 5361 2305 5404 cst
2332 5351 2398 5404 de
2423 5351 2584 5417 eieln,
2610 5360 2663 5404 et
2704 5349 2861 5403 desiit
2893 5365 2906 5401 :
2939 5364 3042 5402 non
3090 5349 3233 5402 enim
3285 5349 3529 5417 spiritum
3581 5347 3809 5415 accepit,

2221 5436 2380 5491 quem
2422 5436 2529 5491 ego
2561 5420 2731 5475 habeo
2764 5419 2940 5490 (fiam.
2964 5418 3107 5491 VIII.
3139 5417 3267 5491 15);
3300 5436 3403 5472 non
3432 5418 3576 5491 enim
3606 5417 3819 5491 accepit

2219 5487 2487 5559 s'pirituui'
2514 5487 2789 5547 servitutis
2841 5490 2892 5544 in
2937 5490 3148 5555 timore,
3180 5490 3273 5543 sed
3317 5490 3521 5559 accepit
3565 5487 3813 5559 Spiritum

2220 5558 2523 5632 adoptionis
2555 5562 2780 5616 ﬁliorum
2808 5561 2874 5615 ad
2901 5561 3253 5616 obedientiam
3285 5559 3426 5614 fidei.
3455 5558 3651 5632 Majora
3676 5558 3817 5632 mihi

2221 5628 2345 5687 suni
2374 5633 2594 5686 credita.
2620 5632 2746 5687 Ideo
2792 5632 3046 5685 Dominus
3094 5646 3242 5686 meus
3274 5647 3336 5684 ex
3385 5630 3627 5698 superuis
3657 5628 3823 5683 deor-

2220 5719 2337 5758 sum
2367 5703 2659 5767 descendit,
2695 5711 2751 5756 ut
2770 5717 2869 5771 ego
2889 5701 3017 5756 infra
3047 5704 3245 5772 positus
3267 5715 3475 5755 sursum
3502 5702 3817 5754 ascendam.

2222 5774 2357 5840 Quid
2386 5776 2619 5844 quatris?
2661 5775 2835 5844 ipsum
2867 5771 3205 5844 creatorem;
3235 5786 3354 5844 cum
3385 5772 3823 5844 ittvctte_ro,_tunc

2220 5839 2646 5914 atabuClnvcnit,
2669 5839 2721 5901 et
2750 5844 2874 5916 quid
2896 5843 3061 5900 dicit?
3087 5843 3149 5897 In
3167 5842 3424 5910 principio
3446 5855 3549 5895 erat
3566 5839 3778 5895 Verbum
3803 5856 3830 5893 :
