4194 6488
372 353 446 408 τι
1759 348 2006 405 solum
2045 349 2379 414 οιτΑεωιι.
3630 364 3703 416 es

375 485 670 540 nusquam,
708 467 849 540 fecit;
882 483 1175 539 nusquam,
1202 469 1397 538 factum
1450 474 1572 540 fit:
1607 482 1712 540 non
1744 468 1889 540 enim
1930 468 1999 540 de

376 536 544 600 rebus
593 536 795 596 creatis
843 553 929 595 est
975 536 1091 593 lucc
1133 536 1399 593 doctrina.
1448 537 1587 592 Ecce
1632 536 1864 591 Verbum
1893 553 1910 591 :
1937 536 1999 591 lu

374 613 638 683 principio
666 622 775 667 erat
806 609 1047 683 Verbum.
1091 611 1232 683 Quot
1271 608 1484 683 tyranni
1529 623 1597 661 ex
1622 623 1728 677 quo
1769 610 2004 677 piscator

373 680 482 741 ltoc
512 680 740 739 verbum
765 681 1001 748 extulit,
1030 681 1330 749 exstirpare
1356 680 1662 749 Voluerunt,
1693 686 1880 749 etnon
1911 695 2004 746 po-

372 768 551 813 tuere:
584 754 707 821 sed,
736 769 1078 823 quocumque
1098 748 1280 823 abeas,
1303 751 1489 823 audis,
1519 748 1585 803 In
1615 748 2001 823 principiogerat
2032 752 2055 767 '

387 826 611 882 Verbum
639 840 659 881 :
687 818 804 879 sive
832 824 966 887 ruri,
992 818 1115 879 'sive
1158 822 1210 876 in
1234 822 1388 883 urbe,
1418 823 1675 890 pratvenit
1716 818 1781 873 In
1811 821 2004 890 princi-

381 901 469 969 pio
494 907 603 951 erat
632 894 959 950 Verbum:et
989 895 1041 969 in
1075 893 1313 969 Perside,
1340 901 1396 969 et
1419 889 1674 969 iandia,
1704 901 1757 969 et
1784 889 2003 969 iuliae-

385 962 688 1024 ritanorum
710 970 932 1036 regione
954 967 1118 1021 micat
1138 965 1238 1018 hoc
1257 963 1492 1036 Verbum
1510 962 1626 1016 sole
1645 962 1999 1036 Splendidius.

388 1041 483 1102 Sol,
502 1043 654 1095 enim
682 1034 915 1093 interdiu
946 1036 1105 1099 lueet,
1138 1045 1298 1089 noctu
1327 1034 1665 1095 occultatur;
1695 1035 1795 1087 hoc
1823 1044 2000 1087 autem

382 1113 587 1165 dictum
606 1111 771 1164 etiam
794 1109 847 1163 in
872 1118 1029 1162 nocte
1049 1107 1308 1177 fulgorem
1330 1121 1484 1159 suum
1503 1104 1719 1177 emittit,
1742 1105 2003 1177 cuiusque

380 1186 569 1236 animo
600 1181 935 1235 inscribitur.
963 1175 1202 1233 Mortuus
1229 1188 1313 1231 est
1338 1177 1427 1246 qui
1456 1175 1691 1243 seripsit,
1720 1186 1773 1229 et
1799 1175 2003 1229 dictum

378 1255 604 1323 ell'nlget
641 1269 657 1305 :
690 1267 887 1319 corpus
912 1252 1031 1317 ejus
1069 1249 1156 1323 qui
1184 1247 1319 1323 dixit
1360 1256 1453 1323 est
1467 1246 1810 1309 dissolutum,
1843 1255 1899 1323 et
1922 1246 2004 1299 di-

376 1318 541 1379 (ιιιιηῖ
558 1322 691 1377 illud
738 1323 1024 1392 plusquam
1068 1318 1150 1392 sol
1203 1321 1388 1392 lucet.‘
1417 1318 1766 1392 Quocumque
1819 1318 2001 1392 abeas,

381 1396 669 1450 antevenit
696 1387 795 1449 hoc
816 1387 1046 1458 dictum,
1070 1390 1139 1445 In
1167 1389 1420 1461 principio
1438 1398 1544 1443 erat
1581 1387 1816 1461 verbum.
1843 1389 2005 1456 Quis-

378 1484 493 1537 que
542 1467 709 1520 etiam
740 1472 796 1519 et
835 1464 1028 1518 mulier
1057 1473 1110 1516 et
1133 1459 1232 1526 vir,
1260 1470 1315 1537 et
1340 1475 1529 1537 servus
1548 1472 1601 1516 et
1617 1459 1868 1537 _li_be_r,_e_t
1908 1475 2004 1537 rex

379 1530 444 1593 et
474 1539 744 1605 privatus,
774 1546 828 1588 et
860 1537 1191 1604 imperantes
1211 1541 1267 1586 et
1292 1531 1520 1605 imperio
1549 1530 1767 1605 subditi,
1800 1531 1929 1585 illud
1951 1532 2003 1605 i_n

377 1601 556 1662 corde
584 1601 1135 1675 uteditantur,'neqne
1156 1605 1295 1658 ullus
1323 1601 1506 1658 delere
1531 1612 1707 1669 potest
1728 1601 1864 1657 hanc
1887 1602 2005 1670 pulo

377 1679 716 1733 uberrimam
748 1677 1143 1741 ltzereditatetn,
1168 1675 1262 1730 sed
1302 1690 1436 1742 opes
1468 1676 1596 1728 istas
1627 1675 1858 1729 retinere
1884 1689 2008 1742 per-

381 1758 630 1805 severat.
656 1747 855 1802 (Italum
894 1758 945 1801 et
996 1756 1131 1801 terra
1159 1746 1465 1809 transibunt,
1498 1743 1647 1799 verba
1686 1755 1854 1797 autem
1896 1760 2009 1798 mea

382 1838 493 1875 non
524 1821 838 1874 transibunt.
891 1818 1147 1873 Diabolus
1177 1831 1283 1871 non
1315 1818 1488 1887 potuit
1514 1815 1715 1871 dictum
1746 1815 1963 1870 abolere
1989 1831 2002 1868 :

378 1892 609 1959 quare?
638 1890 777 1958 Quia
817 1904 924 1944 non
953 1889 1163 1959 dictum,
1201 1888 1431 1957 simplex
1457 1895 1608 1952 erat,
1663 1888 1758 1941 sed
1805 1887 2007 1959 dictum

382 1957 509 2018 Dei.
538 1963 618 2018 Ne
643 1957 805 2030 igitur
834 1960 1041 2030 pudore
1082 1958 1354 2023 afficiaris,
1390 1960 1605 2028 quando
1646 1959 1798 2030 audis
1831 1974 1847 2013 :
1880 1957 2005 2011 Haec

381 2036 631 2103 piscator
653 2026 812 2096 dixit,
837 2026 961 2086 iha-c
980 2047 1299 2103 sagenarum
1328 2026 1603 2103 consutor.
1656 2026 1847 2103 Vidisti
1870 2043 2008 2103 quo-

382 2099 555 2160 ittodo
583 2104 653 2158 ad
679 2106 854 2172 ipsum
878 2099 1207 2173 paupertatis
1229 2102 1676 2173 iulitntnnilocutn
1702 2099 2005 2166 descendit,

380 2189 437 2231 et
463 2178 533 2231 ad
560 2177 832 2246 fastigium
861 2172 1074 2229 virtutis
1100 2174 1365 2230 ascendit?
1390 2172 1496 2227 Sed
1525 2189 1619 2246 ne,
1636 2182 1913 2242 postquam
1938 2173 2007 2246 ab

384 2248 515 2302 aliis
544 2241 867 2315 incepimns,
897 2247 966 2299 ad
991 2246 1096 2299 alia
1123 2246 1465 2300 traducamus
1490 2245 1812 2315 orationem,
1836 2258 1900 2296 ex
1929 2241 2011 2296 di-

380 2329 607 2373 ctorum
633 2318 868 2372 decursu
895 2325 1193 2386 conceptus
1219 2317 1327 2371 alio
1353 2314 1566 2370 deflecti
1594 2314 2007 2383 permittentes;

384 2406 514 2459 age,
544 2388 702 2443 freno
726 2387 795 2441 ad
818 2388 1054 2456 linguam
1072 2385 1343 2451 adhibito,
1372 2386 1708 2459 reducamus
1727 2400 2011 2459 argumen-

387 2455 509 2515 tum
550 2461 623 2514 ad
671 2460 724 2515 id
772 2455 919 2529 quod
962 2460 1109 2527 prius
1138 2458 1502 2529 promisimus.
1530 2458 1671 2529 Quid
1696 2455 1853 2526 igitur
1880 2456 2010 2529 dicit

388 2533 484 2585 ille
516 2527 874 2586 tentoriorum
920 2529 1101 2600 opifex
1121 2527 1153 2600 ,θ
1179 2528 1681 2583 circumforaneum?
1723 2543 1827 2600 non
1864 2527 2008 2581 enim

388 2605 559 2657 tinent
590 2602 784 2656 faciam
808 2604 903 2657 bas
924 2598 1088 2656 voces
1119 2599 1426 2670 frequenter
1453 2598 1850 2669 pronuntiandi,
1882 2613 2010 2668 pro-

390 2685 516 2743 pter
543 2674 690 2744 vulgi
738 2674 1032 2744 hominum
1059 2670 1419 2744 insipientiam
1450 2685 1769 2744 eorumque‘
1793 2680 2012 2744 senten-

389 2738 525 2798 iiatn
557 2761 588 2797 a
621 2738 958 2814 philosophia
986 2738 1241 2814 alienant.
1268 2743 1631 2814 Qttia_nempe
1660 2740 1715 2794 itt
1747 2738 1862 2793 foro
1890 2740 2009 2814 plu:

387 2817 516 2870 rimi
535 2810 798 2870 conviciis
815 2810 1140 2884 impotentes
1164 2813 1369 2875 dicunt,
1388 2810 1824 2884 Circntuforauee
1843 2826 1858 2874 ;
1883 2810 2011 2884 quid

388 2889 493 2940 sibi
522 2887 643 2941 vult
664 2886 816 2949 illud,
845 2882 1287 2940 Circumforanee
1313 2886 1336 2938 ?
1376 2883 1515 2951 Quid
1561 2895 1643 2936 est
1671 2882 2012 2937 circumfora-

390 2974 555 3022 netts,
588 2959 680 3012 die
702 2958 871 3011 mihi?
898 2973 1007 3012 nott
1029 2956 1174 3011 enim
1195 2958 1400 3011 crimen
1422 2964 1504 3009 est
1526 2954 2011 3007 circumforaneum

388 3044 536 3092 esse,
570 3046 681 3083 non
713 3030 920 3083 crimen
953 3029 1105 3082 estin
1137 3027 1254 3080 foro
1280 3038 1425 3082 stare
1451 3037 1505 3080 et
1531 3026 1764 3093 operari.
1793 3021 2009 3079 Crimen

388 3110 481 3153 est
511 3101 665 3155 intus
695 3110 1004 3155 manentem
1036 3115 1122 3154 res
1148 3098 1353 3153 alienas
1376 3112 1588 3166 rapere.
1618 3096 1773 3150 Disce
1792 3095 1917 3165 quid
1945 3096 2015 3150 sit

390 3172 757 3236 contumelia,
780 3172 905 3240 qttid
928 3170 1263 3236 eucomiunt,
1287 3180 1342 3224 et
1369 3170 1476 3223 noli
1507 3168 1734 3221 irridere
1759 3186 1775 3223 :
1805 3181 1909 3220 non
1932 3175 2016 3222 est

389 3245 605 3297 crimen
624 3257 752 3297 esse
780 3244 1284 3305 circumforaneum,
1313 3241 1406 3296 sed
1430 3247 1699 3309 raptorem
1725 3253 1868 3304 esse,
1890 3252 2016 3292 ava-

393 3329 519 3367 rum
551 3329 700 3368 esse.
726 3315 866 3381 Quid
895 3315 1023 3367 nubi
1054 3313 1249 3383 prodes
1272 3328 1395 3366 cum
1422 3311 1580 3366 sedes
1604 3310 1656 3383 in
1681 3309 1937 3383 thalamo,
1962 3317 2018 3363 et

394 3386 560 3455 lupus
577 3400 639 3439 es
659 3386 684 3438 ἶ
706 3380 835 3455 quid
860 3385 989 3439 ntihi
1008 3380 1187 3455 damni
1225 3383 1380 3439 affert
1405 3396 1608 3452 panper
1625 3382 1676 3455 i_n
1703 3380 1820 3434 foro
1844 3392 2012 3455 stans,

394 3452 709 3526 Inivemqtte
727 3452 793 3511 'et
816 3466 1087 3510 aratorem
1120 3454 1381 3509 imitans?
1406 3452 1877 3526 Circtnuforanens
1907 3466 1969 3506 es
1993 3453 2016 3504 ?

393 3524 689 3595 aper-artos
713 3541 776 3582 es
799 3529 824 3581 ?
850 3545 957 3582 non
988 3536 1116 3581 sunt
1160 3525 1275 3580 batc
1299 3525 1527 3580 crimina
1551 3540 1566 3576 :
1594 3524 1838 3595 encomia
1866 3531 2013 3586 sunt,

392 3593 660 3667 quoniam
692 3613 722 3650 a
767 3599 932 3667 justis
971 3596 1246 3652 laboribus
1290 3597 1606 3667 alimentum
1643 3593 1875 3667 colligis,
1908 3608 2016 3648 non

392 3665 596 3722 dmitos
615 3665 822 3724 alienas
843 3670 1060 3725 curiose
1088 3668 1450 3738 frequentans.
1481 3666 1596 3720 Non
1620 3665 1883 3738 estigitur
1907 3669 2014 3720 cri-

396 3755 528 3795 men
571 3741 1062 3795 circumforaneum
1109 3736 1263 3803 esse,
1298 3753 1474 3809 neque
1520 3736 1825 3806 operarium
1869 3752 2013 3809 esse.

394 3813 541 3878 Quid
571 3821 751 3866 autent
774 3825 858 3867 est
881 3812 1127 3867 crimen?
1168 3811 1343 3864 otiose
1374 3807 1553 3863 vivere
1584 3827 1596 3861 :
1626 3816 1785 3878 atque
1813 3807 2015 3862 tttinattt

394 3877 581 3936 otiose
612 3891 819 3937 tantum
869 3892 926 3938 et
952 3898 1058 3937 non
1086 3881 1226 3936 male
1267 3880 1514 3950 aperari!
1543 3877 2018 3950 Circnmforaneus

398 3964 521 4007 erat
572 3953 887 4017 Paulus,et
935 3954 988 4007 iu
1038 3954 1247 4008 officina
1292 3949 1499 4006 stabat:
1526 3965 1698 4021 neque
1744 3949 1865 4004 talis
1904 3961 2020 4004 erat

398 4037 529 4077 ante
555 4024 931 4094 Evangelitnn,
957 4033 1081 4095 post
1113 4024 1456 4093 Evangeliunt
1485 4038 1613 4077 vero
1648 4031 1883 4095 mutatus
1913 4032 2015 4095 est.

400 4098 507 4151 Sed
539 4107 599 4151 et
648 4093 996 4166 pra-dicabat,
1027 4106 1082 4150 et
1103 4096 1268 4164 pelles
1313 4095 1611 4166 consuebat
1646 4107 1661 4166 ς
1698 4093 2020 4166 pra-dicabat

398 4177 456 4221 et
482 4163 747 4222 manebat
773 4167 913 4236 apud
942 4163 1242 4223 Priscillam
1264 4175 1319 4220 et
1343 4165 1614 4233 Aquilam,
1632 4164 1766 4230 Quia
1792 4163 2020 4236 ejusdem

399 4248 513 4290 erat
541 4240 673 4293 artis
698 4255 716 4293 :
747 4233 893 4293 erant
919 4250 1090 4293 autent
1117 4238 1503 4308 scenofactoria:
1520 4237 1644 4288 artis
1666 4236 1803 4303 (Act.
1833 4233 2031 4298 XVlll,‘

399 4311 485 4373 5).
516 4308 568 4364 0
595 4309 938 4379 philosophia
972 4309 1119 4365 Pauli
1150 4310 1165 4363 !
1195 4325 1228 4361 ο
1256 4306 1505 4361 sublimis
1552 4322 1762 4379 sensus,
1794 4317 1850 4360 et
1890 4308 2022 4379 sett-

400 4383 575 4434 tentia
598 4378 762 4434 animi
788 4378 1044 4435 indomita
1070 4385 1084 4434 !
1114 4397 1148 4434 o
1192 4394 1347 4434 mens
1375 4379 1495 4434 coeli
1543 4378 1800 4433 fornicem
1855 4378 2018 4432 attino

397 4468 542 4519 gens
565 4454 581 4507 !
616 4467 651 4506 ο
676 4454 854 4507 anima
875 4452 1103 4507 visibilia
1118 4452 1297 4505 omnia
1319 4450 1653 4519 despiciens!
1678 4465 1712 4502 ο
1742 4466 1894 4504 meus
1913 4453 1975 4473 ‘"
2002 4450 2016 4503 Σ

402 4523 574 4578 telam
609 4539 825 4578 aranea:
844 4539 967 4579 esse
993 4523 1335 4578 existimabat
1361 4522 1484 4575 vita:
1506 4524 1696 4574 fastum
1720 4539 1732 4574 :
1755 4536 1859 4574 non
1890 4521 2022 4576 :tdiit

403 4609 589 4665 reges,
642 4610 750 4648 non
794 4594 1010 4657 divites,
1042 4610 1147 4648 non
1199 4594 1519 4661 locupletes,
1541 4592 1635 4646 sed
1666 4594 2018 4665 tentoriortnu

397 4664 636 4733 opifices
658 4665 812 4732 adiit,
835 4666 960 4737 quia
987 4666 1227 4734 ejusdem
1248 4673 1366 4720 erat
1382 4666 1550 4737 artis;
1576 4679 1674 4718 nec
1701 4664 1921 4737 erubuit
1942 4665 2022 4718 in-

398 4740 658 4807 stitttlum
704 4738 831 4791 vita:
857 4736 972 4793 Sua:
998 4738 1272 4807 detegere,
1298 4736 1393 4791 sed
1437 4736 1540 4789 hoc
1568 4736 1817 4789 omnibus
1843 4736 2020 4805 palam

402 4808 558 4863 fecit.
619 4806 676 4862 In
707 4808 825 4861 foro
852 4809 1024 4873 stetit,
1059 4806 1406 4878 Evangelium
1431 4806 1749 4876 prmdicans,
1780 4816 2021 4861 mortuos

397 4881 704 4942 suscitans,
735 4879 981 4949 leprosos
1004 4881 1286 4942 inundans,
1320 4893 1418 4933 nec
1440 4877 1510 4933 de
1535 4878 1656 4949 loco
1688 4878 1919 4949 pudebat
1957 4878 2023 4932 il-

398 4952 545 5014 lmn,
577 4954 675 5005 sed
706 4951 775 5005 de
792 4944 1189 5005 consuetudine
1215 4949 1561 5020 gloriabatur.
1592 4944 1652 5020 in
1679 4944 1798 5002 foro
1822 4950 2015 5013 stabat,

396 5032 459 5075 et
485 5023 631 5074 alius
648 5022 872 5091 quidem
901 5023 1067 5091 pelles
1086 5018 1267 5081 dabat,
1299 5021 1387 5074 alii
1417 5035 1548 5074 vero
1573 5018 1843 5085 dicebant,
1878 5019 2022 5073 Mora

399 5104 560 5146 tuum
590 5094 791 5147 suscita
817 5110 833 5159 ;
862 5108 927 5148 ac
949 5101 1213 5148 steterunt
1240 5092 1359 5145 dua:
1381 5092 1657 5146 mulieres:
1681 5106 1783 5144 una
1804 5091 2020 5161 quidem
2049 5135 2097 5151 ,,,

398 5165 623 5227 dicens,
652 5164 857 5220 Pellem
888 5164 1019 5218 ntilti
1044 5165 1098 5218 in
1122 5163 1419 5232 stragulum
1441 5165 1678 5225 confice;
1707 5163 1872 5216 altera
1895 5176 2024 5215 vero

398 5250 633 5301 rogans,
662 5233 875 5290 Suscita
928 5234 1096 5290 filimn
1137 5249 1357 5297 meum;
1398 5243 1453 5288 et
1481 5237 1692 5302 utrique
1722 5234 2017 5303 respondit,

396 5316 573 5376 atque
622 5309 765 5363 aliud
796 5308 952 5362 alteri
985 5306 1371 5375 impedimento
1402 5320 1508 5360 non
1538 5305 1638 5359 fttit
1659 5346 1674 5369 ,
1707 5304 1802 5359 sed
1834 5315 1890 5358 et
1915 5310 2057 5357 ψει-κ

400 5395 512 5433 nos
541 5379 882 5445 laborabant,
912 5388 969 5434 et
1007 5380 1175 5446 gratia
1195 5378 1560 5444 Operabatur:
1591 5386 1646 5430 et
1674 5377 1885 5446 utrique
1938 5390 2026 5429 re-

401 5451 712 5517 spoodebat
736 5451 1093 5506 tentoriorum
1115 5446 1477 5519 opifex,alteri
1499 5447 1714 5518 quidem
1736 5448 1870 5501 artis
1885 5462 2018 5512 suae,

403 5523 565 5579 alteri
579 5522 771 5592 gratia:
785 5525 1018 5577 fructum
1043 5521 1294 5592 largiens.
1325 5519 1462 5592 Quid
1492 5531 1546 5573 tu
1570 5520 1683 5573 vis?
1709 5519 1900 5592 pellem
1922 5533 2023 5592 ego

402 5589 644 5651 conficio
685 5595 740 5650 in
782 5593 1082 5663 stragulum
1115 5589 1327 5661 {pelles
1354 5591 1499 5646 enim
1538 5605 1765 5644 eonsuo.
1797 5589 1934 5657 Quid
1956 5599 2022 5663 tu

414 5668 537 5720 vis?
554 5676 831 5721 mortuum
862 5662 1012 5719 tuum
1030 5678 1136 5730 ego
1156 5665 1402 5718 suscitari
1419 5663 1618 5717 curabo
1647 5677 1662 5715 :
1693 5663 1860 5716 Deum
1880 5662 2022 5715 enint

400 5740 636 5808 rogabo.
658 5737 849 5805 Neque
873 5736 1126 5808 dedecori
1148 5748 1245 5808 pars
1268 5740 1402 5789 erat.
1433 5733 1559 5808 ΔΝοιι
1588 5734 1699 5808 ibat
1727 5735 1779 5808 in
1804 5732 2023 5808 domum

395 5804 630 5866 divitem
657 5820 712 5865 et
739 5804 1069 5876 locupletem
1099 5821 1114 5859 :
1146 5806 1315 5874 legent
1359 5806 1500 5860 enim
1532 5804 1740 5860 Domini
1769 5804 2026 5873 implebat

396 5886 676 5937 dicentem
702 5897 718 5935 :
751 5877 819 5934 lu
846 5893 1214 5945 quamcumque
1233 5888 1399 5930 autem
1431 5877 1679 5930 civitatem
1710 5878 2020 5931 autdoutum

2107 470 2430 541 intraveritis,
2452 472 2883 541 itttcrrogateqttis
2909 472 2959 524 iu
2989 489 3048 525 ru
3087 474 3271 541 dignus
3293 475 3376 535 sit,
3406 488 3451 529 et
3479 480 3545 531 ibi
3587 496 3697 532 wa-

2107 551 2217 592 uete
2258 538 2472 617 (Matth:
2499 538 2568 604 Χ,
2600 533 2714 611 ll).
2750 533 2945 617 _E_'ratne
2966 545 3108 617 enim
3135 533 3299 599 fluuio
3317 533 3536 617 dignum
3561 553 3703 617 quod

2106 611 2625 683 essettetttoriortuu
2677 611 2900 681 opifex?
2931 615 3089 682 plane
3137 611 3515 683 quidemftlur
3560 611 3706 675 non?

2105 679 2373 758 siquidem
2408 679 2761 758 tentotjorum
2789 679 2977 758 opifex
3012 695 3128 739 erat
3157 679 3450 742 secundum
3480 705 3707 758 pauper-

2105 752 2231 805 tatis
2255 753 2538 807 amorem?
2566 752 2751 808 Dicam
2806 755 2897 809 tibi
2930 754 3045 824 ejus
3075 757 3379 812 encomium
3407 752 3709 815 diademate

2106 824 2471 888 prmstantius,
2492 834 2640 878 veste
2657 841 2917 893 purpurea
2938 825 3299 883 snlemlitlius?
3321 830 3556 885 Salutate
3586 831 3710 885 Pri-

2106 893 2305 947 scillam
2326 904 2374 947 et
2399 896 2635 967 Aquilam
2681 894 2859 967 (Rom.
2886 894 3025 961 XVI,
3057 896 3111 960 5,
3143 896 3225 966 λι).
3264 899 3330 954 Et
3356 900 3607 956 feminam
3633 921 3707 953 γι-

2109 979 2170 1018 ro
2199 966 2477 1033 pratponit,
2508 978 2565 1019 ut
2594 976 2646 1018 tu
2691 966 2869 1021 discas
2921 970 3176 1034 tuajort'tu
3212 968 3376 1026 fuiSse
3407 974 3458 1025 in
3509 974 3703 1027 femina

2110 1035 2381 1091 virtutem.
2414 1036 2651 1090 Salutate
2683 1037 2971 1093 Priscillam
3000 1048 3045 1092 ct
3063 1038 3320 1106 Aquilam,
3341 1042 3408 1097 ad
3440 1044 3711 1099 lloutauos

2109 1107 2373 1182 scribens,
2395 1108 2481 1178 qui
2503 1125 2594 1182 pro
2615 1112 2787 1162 anima
2802 1127 2913 1182 mm
2936 1126 3055 1163 suas
3075 1113 3290 1166 cervices
3309 1128 3709 1182 supposuerunt.

2114 1175 2302 1232 Vidisti
2323 1175 2647 1254 ettconiiunt,
2683 1181 2858 1234 vidisti
2892 1184 3252 1254 trstesvivos,
3280 1175 3381 1249 Qui
3410 1175 3505 1254 pro
3534 1187 3709 1240 auium

2110 1264 2222 1302 mea
2242 1252 2604 1327 sitasrcrvices
2632 1262 3024 1327 supposuerunt.
3044 1253 3349 1327 Martyrium
3380 1252 3709 1327 absolutum,

2112 1335 2216 1373 non
2238 1321 2499 1377 effusione
2527 1324 2821 1391 sanguinis,
2854 1324 2949 1378 sed
2978 1321 3239 1379 electione
3262 1325 3447 1381 animi.
3476 1327 3550 1382 Ne
3576 1329 3707 1382 mibi

2111 1391 2280 1467 dicas,
2314 1391 2428 1467 Non
2453 1393 2617 1448 occisi
2649 1391 2866 1467 fuerunt
2896 1411 2909 1448 :
2941 1396 3149 1449 etiamsi
3167 1398 3311 1451 enim
3342 1399 3515 1467 reipsa
3546 1400 3711 1452 ιη’(εξςρί

2114 1476 2220 1515 non
2246 1462 2462 1529 fuerint,
2489 1465 2764 1534 proposito
2786 1474 2962 1521 tamen
2990 1468 3152 1522 occisi
3181 1476 3299 1522 sont
3323 1486 3336 1521 :
3367 1462 3504 1522 Dens
3527 1482 3709 1525 autem

2113 1549 2216 1609 non
2247 1535 2473 1609 requirit
2497 1535 2720 1600 exitum,
2752 1536 2847 1591 sed
2900 1538 3269 1593 intentionem.
3331 1541 3607 1609 Siquidem
3657 1551 3718 1594 et

2112 1605 2381 1682 Abraham
2406 1606 2571 1682 ﬁlium
2598 1609 2870 1682 mactavit,
2899 1609 3143 1682 quamvis
3165 1625 3270 1682 non
3302 1605 3574 1677 mactat-it,
3598 1613 3713 1682 gla-

2112 1675 2234 1729 dius
2259 1677 2403 1730 enim
2434 1678 2531 1731 fuit
2561 1675 2932 1751 mundusLtjt‘
2961 1679 3127 1743 dicit,
3163 1679 3284 1751 Non
3314 1675 3580 1751 pepercisti
3601 1675 3714 1750 Ῑῑιῑο

2114 1756 2200 1823 tuo
2233 1758 2439 1816 propter
2475 1765 2554 1802 me
2580 1744 2736 1823 (Geni.
2769 1747 2934 1808 XXII.
2962 1751 3031 1805 12
3054 1761 3102 1823 et
3134 1748 3245 1823 l6).
3270 1744 3389 1807 Non
3429 1744 3713 1822 pepercisti

2112 1819 2313 1883 animo,
2338 1834 2441 1901 ego
2490 1834 2621 1875 vero
2650 1822 2823 1889 reipsa
2858 1819 3233 1901 βαρεῖαι-ραι
3272 1839 3366 1890 pro
3402 1819 3577 1901 quinia
3605 1842 3717 1878 mm

2113 1905 2233 1943 suas
2259 1891 2471 1945 cervices
2493 1902 2890 1961 supposuerunt.
2921 1891 3191 1962 Sanguine
3208 1895 3520 1961 Apestolum
3550 1913 3717 1950 exce-

2115 1971 2331 2037 perunt.
2358 1964 2437 2015 Au
2463 1962 2800 2017 intellexistis
2836 1963 2978 2037 quod
3010 1964 3164 2018 dixi?
3193 1964 3308 2020 Non
3337 1967 3480 2021 enim
3523 1983 3719 2037 porcos

2115 2031 2199 2107 vel
2229 2046 2397 2107 agnos
2427 2042 2770 2107 mactarunt,
2790 2031 2884 2107 sed
2915 2037 3225 2107 sanguinem
3272 2031 3551 2107 proprium
3578 2038 3718 2092 (ιπη-

2113 2102 2330 2157 derunt.
2354 2103 2400 2158 0
2427 2102 2804 2173 hospitalitatis
2827 2102 3093 2173 fastigium
3124 2107 3139 2160 ι
3172 2102 3288 2163 Alii
3304 2108 3348 2161 si
3376 2102 3563 2163 decem
3584 2110 3717 2161 οιιυ-

2115 2173 2195 2227 los
2219 2173 2489 2251 dederint,
2522 2175 2795 2230 molestari
2835 2190 2977 2247 a'gre
3026 2175 3203 2251 ferunt
3232 2196 3245 2232 :
3277 2178 3351 2233 illi
3401 2182 3717 2251 sanguinem

2114 2258 2268 2299 suum
2291 2245 2564 2311 fuderunt,
2584 2255 2639 2301 et
2654 2245 2969 2316 przcsentem
2989 2249 3149 2304 vitam
3167 2245 3602 2304 contemnebant.
3630 2252 3720 2305 \‘ir

2118 2316 2483 2391 hospitalisita
2507 2317 2830 2391 conspicuus
2855 2318 3052 2391 evadit,
3085 2336 3189 2375 non
3218 2321 3408 2376 sicutii
3426 2323 3515 2391 qni
3550 2338 3715 2385 tltlnt',

2117 2398 2269 2461 torvo
2296 2390 2442 2443 vultu
2468 2398 2525 2444 et
2550 2390 2849 2457 superciliis
2893 2390 3066 2455 elatis,
3097 2393 3415 2461 gloriantur.
3443 2390 3488 2448 Si
3530 2391 3717 2449 decem

2115 2460 2307 2515 obolos
2329 2475 2424 2527 per
2448 2475 2637 2515 servos
2665 2474 2792 2514 suos
2822 2463 3038 2529 pauperi
3060 2460 3328 2518 dederint.
3361 2463 3421 2518 lli
3455 2480 3582 2517 vero
3610 2478 3715 2518 nan

2118 2531 2281 2602 item;
2326 2547 2448 2586 nam
2475 2540 2531 2586 et
2555 2532 2653 2602 ipsi
2685 2530 2806 2586 facti
2831 2542 2957 2585 sunt
2986 2534 3151 2587 servi.
3174 2534 3265 2588 Sic
3288 2543 3343 2589 et
3366 2534 3637 2590 Abraham
3662 2545 3719 2588 rt

2116 2601 2249 2657 Sara
2275 2619 2289 2655 :
2323 2618 2445 2656 nam
2474 2603 2559 2657 illa
2580 2601 2923 2658 'eomntiscuit
2947 2603 3304 2665 farinam,non
3321 2608 3613 2662 secundum
3629 2622 3722 2661 ea-

2120 2690 2235 2748 rum
2253 2689 2371 2743 qua:
2391 2689 2533 2748 nunc
2548 2684 2671 2729 sunt
2685 2673 3406 2748 tunliernmAmollitietn,qtta:
3432 2692 3565 2748 auro
3585 2678 3723 2730 srri—

2117 2746 2308 2809 cisque
2334 2745 2572 2799 vestilms
2623 2758 2870 2800 natttram
2899 2745 3063 2801 efficit
3099 2744 3443 2812 ignaviorem.
3474 2744 3567 2802 Illa
3589 2764 3720 2801 vero

2119 2815 2398 2871 molitricis
2426 2816 2541 2871 obit
2559 2832 2780 2872 munera
2801 2834 2814 2869 :
2833 2817 3069 2887 dit-itque
3095 2817 3167 2872 illi
3189 2819 3439 2872 mat-itus:
3464 2819 3717 2877 :tcrelt-rn.

2119 2887 2217 2940 tria
2254 2897 2368 2941 sata
2420 2888 2603 2942 simila:
2640 2888 2909 2942 commisce
2953 2888 3106 2951 tGen.
3159 2889 3345 2954 XVIII,
3392 2890 3470 2958 ϐ).
3539 2889 3722 2959 Neque

2118 2959 2432 3032 respondit,
2463 2959 2710 3032 Hafcciue
2738 2968 2865 3032 sunt
2892 2961 3231 3016 tolerabilia?
3262 2978 3418 3016 mene
3437 2972 3720 3032 cognatam

2117 3029 2371 3099 accepisti
2390 3046 2485 3099 pro
2507 3030 2723 3101 pistoria
2745 3030 2769 3084 ἲ
2789 3046 2968 3085 nonne
2988 3032 3169 3087 dotem
3189 3033 3378 3086 attuli?
3399 3029 3577 3086 nonne
3598 3048 3721 3086 sont

2120 3101 2331 3172 libera?
2355 3117 2477 3169 qua:
2517 3101 2835 3157 famularum
2868 3111 2993 3156 sunt
3020 3104 3253 3172 imperas
3302 3104 3452 3158 tnihi.
3487 3102 3723 3158 Haecine.

2119 3184 2216 3239 spe
2242 3171 2370 3226 fulta
2409 3173 2531 3229 veni
2565 3174 2616 3227 in
2663 3172 2884 3227 domum
2934 3171 3130 3229 tuam?
3161 3173 3299 3228 Nihil
3344 3173 3535 3229 horum
3564 3174 3720 3234 dixit,

2119 3242 2213 3297 sed
2244 3240 2514 3308 festinavit
2534 3253 2588 3298 et
2612 3244 2982 3299 commiscuit:
3004 3260 3140 3300 uxor
3162 3247 3305 3301 enim
3334 3244 3718 3306 eratAbmha-,

2122 3330 2228 3386 non
2259 3315 2531 3386 vittelege
2555 3315 2731 3370 solum
2754 3355 2776 3386 4.
2831 3317 2927 3371 sed
2976 3316 3138 3371 etiam
3192 3317 3454 3386 bonorum
3498 3330 3725 3385 operum

2120 3385 2338 3440 virtute.
2384 3384 2721 3449 Communis,
2753 3384 2944 3455 inquit,
2975 3387 3046 3441 sit
3094 3384 3450 3456 hospitalitas.
3482 3384 3724 3440 commn-

2121 3470 2246 3510 nem
2273 3471 2485 3526 quoque
2512 3456 2741 3510 fructum
2770 3457 3088 3511 referamus.
3124 3457 3429 3512 Thesanrtts
3457 3464 3573 3518 est,
3601 3458 3672 3510 ait
3704 3475 3718 3511 :

2123 3543 2228 3597 una
2257 3528 2426 3581 simus
2455 3528 2740 3597 participes
2765 3544 2778 3580 :
2807 3542 2909 3597 ego
2934 3527 3176 3592 vitulum,
3202 3540 3257 3582 tu
3281 3527 3482 3583 farinas
3503 3530 3725 3582 offeres.

2122 3594 2361 3668 Vitulum
2391 3594 2668 3660 mactavit,
2696 3607 2752 3652 et
2794 3594 3003 3668 accepit
3046 3598 3198 3654 Isaac
3226 3616 3241 3653 :
3269 3599 3466 3653 farinas
3511 3601 3727 3653 miscuit

2124 3669 2232 3734 illa,
2264 3666 2330 3723 Et
2356 3671 2548 3740 factum
2571 3679 2643 3723 est
2666 3685 2834 3723 semen
2859 3666 2971 3740 ejus
3015 3671 3146 3725 sicut
3172 3672 3319 3725 stella
3343 3672 3479 3736 caeli,
3511 3680 3558 3723 et
3595 3671 3728 3724 εἰσ-ιιι

2122 3756 2280 3794 arena
2299 3740 2478 3797 maris.
2507 3740 2632 3795 Ha:c
2651 3740 2774 3795 dico
2797 3742 3086 3795 btunanum
3108 3742 3299 3797 fastum
3317 3742 3643 3811 deprimens,
3675 3753 3729 3796 et

2124 3812 2351 3885 divitum
2371 3813 2610 3866 omnium
2632 3812 2924 3885 amentiam
2954 3825 3328 3880 contemnens,
3358 3828 3729 3885 pauperesqne

2123 3884 2431 3945 Cttttsoluns,
2464 3893 2521 3937 ιιι
2543 3900 2701 3937 nemo
2731 3884 2814 3938 vel
2849 3885 2899 3938 in
2927 3895 3242 3954 paupertate
3286 3900 3345 3939 se
3384 3884 3620 3951 dejiciat,
3647 3885 3728 3937 vel

2126 3955 2177 4007 in
2200 3954 2402 4009 divitiis
2426 3969 2487 4009 se
2515 3955 2740 4008 extollat
2767 3972 2781 4007 :
2814 3955 2927 4009 haec
2955 3969 3136 4010 autem
3162 3955 3322 4010 autbo
3351 3966 3476 4010 sunt
3517 3956 3731 4008 virtutis

2102 4025 2531 4095 impedimenta.
2582 4025 2740 4080 Ratio
2783 4036 2960 4082 autem
2991 4027 3367 4092 gubernatoris
3417 4027 3617 4080 nautici
3648 4029 3727 4078 vis

2123 4112 2241 4152 cem
2267 4097 2493 4159 obtinet.
2531 4113 2651 4165 qua:
2679 4113 2852 4166 neque
2897 4114 2927 4152 a
2979 4105 3299 4167 tempestate
3347 4097 3729 4161 summergitur,

2126 4182 2302 4235 neque
2328 4183 2356 4219 a
2384 4168 2676 4223 serenitate
2719 4168 2934 4224 mollior
2974 4167 3244 4232 efficitur;
3276 4169 3370 4224 sed
3402 4168 3455 4222 in
3486 4177 3732 4237 tempore

2125 4238 2325 4308 dispari
2357 4252 2536 4306 parem
2563 4253 2786 4294 servans
2818 4238 3210 4308 philosophiam
3232 4306 3240 4308 Α
3259 4254 3360 4294 nec
3386 4239 3493 4293 ulla
3513 4238 3733 4308 diversi-

2127 4306 2233 4363 tate
2265 4321 2529 4374 movetur,
2560 4323 2624 4363 ac
2644 4309 2728 4364 vel
2760 4306 2864 4364 hoc
2886 4311 2969 4364 vel
3007 4311 3134 4363 illud
3161 4306 3395 4364 efficitur
3423 4325 3439 4364 :
3468 4310 3605 4363 sicut
3630 4307 3734 4364 Job

2126 4396 2301 4447 neque
2320 4380 2371 4434 itt
2398 4387 2712 4449 paupertate
2732 4380 3079 4450 blaSphemns
3099 4378 3218 4447 fttit,
3250 4394 3425 4450 neque
3454 4382 3504 4434 in
3528 4380 3734 4435 divitiis

2125 4451 2320 4513 elatus.
2348 4451 2441 4505 sed
2465 4466 2585 4505 cum
2616 4451 2769 4506 dives
2789 4460 2951 4513 esset,
2980 4449 3174 4519 jaunas
3203 4449 3413 4520 aperuit
3437 4467 3452 4515 ;
3485 4466 3606 4505 eum
3637 4466 3732 4506 ve-

2128 4537 2413 4592 ropanper
2440 4531 2605 4586 esset,
2658 4523 2819 4576 latera
2853 4524 3139 4593 patefecit:
3168 4530 3295 4577 tunc
3340 4523 3557 4593 quidem
3605 4538 3733 4592 pan-

2129 4595 2345 4662 pertbns
2389 4595 2614 4665 anticus.
2649 4604 2831 4663 postea
2864 4609 2991 4648 vero
3038 4593 3411 4665 philosophos,
3435 4609 3499 4648 ac
3555 4609 3732 4648 rerum

2128 4665 2520 4719 mundanarum
2569 4664 2936 4719 diversitatem
2979 4666 3217 4721 calcans.
3254 4664 3560 4735 ’l’ostquam
3602 4681 3734 4720 vero

2129 4745 2271 4789 tanta
2301 4736 2371 4791 de
2398 4735 2748 4790 tentoriorum
2795 4735 2987 4805 opifice
3011 4737 3266 4802 diximus,
3294 4751 3391 4806 age
3414 4737 3575 4790 etiant
3601 4752 3734 4791 nou-

2129 4808 2274 4862 nulla
2305 4822 2491 4862 eorum
2518 4822 2638 4876 qua:
2666 4809 2988 4876 protulimus
3014 4808 3193 4863 denuo
3218 4817 3531 4869 tractemnus.
3568 4821 3733 4876 pauca

2127 4879 2342 4947 quidem
2374 4878 2537 4932 verba
2561 4879 2612 4932 itt
2642 4877 2877 4949 medium
2904 4879 3261 4949 proferentes,
3292 4878 3735 4949 illllllt‘llSllmin’.‘

2128 4967 2188 5003 ro
2214 4960 2570 5019 eottceptuunt
2599 4947 2818 5019 pelagus
2848 4947 3003 5006 nobis
3047 4951 3176 5019 ipsis
3209 4950 3533 5018 aperientes.
3590 4948 3735 5002 ΤιιΙις

2125 5024 2271 5074 enint
2300 5030 2384 5076 est
2429 5020 2715 5091 thesaurus
2740 5020 3163 5090 Scripturarnm,
3210 5035 3335 5091 quae
3385 5035 3491 5073 non
3542 5019 3734 5091 verbo-

2129 5107 2248 5146 rnxn
2297 5092 2472 5162 copia,
2503 5090 2599 5146 sed
2654 5089 3013 5162 conceptuum
3065 5093 3115 5146 vi
3161 5089 3544 5162 abundantiam
3577 5090 3733 5144 nobis

2129 5160 2404 5218 exhibent.
2453 5163 2590 5230 Quid
2648 5160 2842 5233 igitttr‘
2871 5164 2946 5217 ait
2994 5160 3569 5233 tentorioruntopifex
3601 5177 3734 5233 ,Aos

2127 5236 2414 5289 sanctitate
2489 5230 2752 5303 repletum
2782 5275 2798 5301 ,
2854 5234 3030 5304 lingua
3108 5235 3266 5289 morti
3350 5230 3735 5287 formidanda?

2128 5305 2254 5374 quid
2286 5306 2473 5360 scribit
2515 5306 2736 5359 dextera
2790 5305 2877 5359 illa
2932 5324 2960 5358 a
3011 5306 3241 5361 vinculis
3265 5313 3451 5358 ornata
3476 5344 3492 5367 ,
3535 5314 3592 5359 et
3620 5318 3733 5357 tua-

2131 5377 2264 5430 nicis
2342 5376 2720 5448 circumdata,
2794 5385 3144 5448 mortuosque
3227 5374 3538 5448 suscitans?
3605 5374 3733 5448 quid

2130 5447 2353 5518 scribit?
2379 5447 2506 5518 quid
2536 5447 2806 5517 aitlingua
2831 5448 2955 5502 illa?
2980 5446 3107 5517 quid
3141 5447 3329 5500 scribit
3351 5448 3572 5502 dextera
3603 5446 3689 5500 illa
3709 5447 3733 5500 ’ἒ

2134 5517 2315 5589 Ιιηιιιιε
2343 5517 2453 5581 nos,
2489 5529 2540 5574 et
2565 5520 2610 5574 si
2649 5520 2879 5573 novimus
2922 5520 3199 5587 secundum
3222 5535 3427 5572 carnem
3449 5518 3730 5577 Christum,

2129 5590 2220 5644 sed
2240 5590 2373 5645 nunc
2391 5592 2505 5661 jam
2531 5607 2632 5644 non
2659 5593 2908 5646 novimus.
2934 5591 3107 5660 Siqua
3133 5606 3252 5661 ergo
3277 5590 3329 5643 in
3346 5590 3570 5655 Christo,
3603 5605 3734 5642 uera

2129 5661 2443 5727 creaturalll
2463 5661 2583 5716 Cor.
2606 5661 2784 5728 V',16,
2808 5662 2918 5731 l7).
2952 5661 3200 5725 Attende,
3228 5662 3293 5715 ad
3322 5661 3486 5716 imum
3505 5661 3731 5715 discen-

2130 5734 2330 5788 ditnus:
2361 5734 2422 5788 Si
2457 5749 2559 5803 qua
2585 5750 2704 5802 ergo
2730 5735 2784 5787 in
2830 5732 3054 5799 Christo,
3100 5748 3231 5786 nova
3257 5744 3491 5786 creatura
3520 5747 3539 5785 :
3567 5742 3732 5786 vetera

2131 5805 2461 5877 transierunt,
2511 5821 2628 5859 ecce
2653 5809 2793 5877 [acta
2819 5813 2937 5859 sunt
2964 5804 3137 5877 omnia
3158 5817 3336 5877 nota;
3367 5803 3539 5857 oumio
3560 5813 3732 5877 autfm

2135 5893 2198 5930 ex
2228 5875 2355 5931 Deo.
2391 5873 2696 5930 'l'hesaurtis
2717 5886 2798 5932 est
2824 5876 3169 5930 absconditus
3187 5873 3403 5946 qutdent
3430 5891 3444 5938 ;
3478 5875 3571 5928 sed
3595 5873 3726 5927 elfnc
