4194 6498
497 374 567 429 δι
1852 360 2097 419 SPURIA
2141 360 2471 431 QUzEDAlt.
3767 366 3837 419 ac

499 490 672 546 tende
723 490 1033 561 diligenter.
1065 485 1415 561 Notrfactuni
1437 492 1520 539 est
1547 483 1744 561 omium
1772 499 2117 561 n_ovum,_nee

496 561 585 615 sol
615 555 941 626 novusfnee
960 574 1127 616 terra.
1171 557 1307 626 Quid
1329 556 1474 612 enim
1516 555 1646 609 mihi
1668 556 2039 619 emolumenti,
2073 557 2116 610 si

492 634 705 687 (mlum
760 632 961 688 factum
1015 631 1207 687 fuisset
1250 643 1467 691 novum,
1501 641 1602 695 ego
1629 640 1760 681 vero
1804 629 1855 681 itt
1884 628 2118 696 peccatis

495 719 900 769 permansurus
927 701 1144 757 essem?
1172 699 1297 769 quid
1344 713 1431 752 me
1469 696 1616 768 juvat
1634 706 1728 752 aut
1753 697 1899 752 Iredit
1921 699 2115 752 coelum

497 774 646 829 idetn
672 789 924 837 manens,
948 789 1074 830 cum
1095 789 1196 841 ego
1214 786 1318 825 non
1341 769 1483 841 idem
1504 770 1884 841 permaneant?
1908 769 2114 841 C(c‘lnm

502 859 587 901 c~t
636 845 862 909 domus,
904 861 1008 914 ego
1040 839 1175 897 vero
1202 839 1645 914 sutumorbidus.
1677 839 1732 894 Si
1747 855 1889 914 ergo
1919 840 2117 914 vidi-ris

510 918 783 971 medicum
812 910 1205 987 ingretlieutcm
1234 914 1286 968 itt
1314 911 1556 987 domum,
1587 921 1642 987 et
1668 910 2116 987 nullatuquidem

509 990 707 1043 intirmi
750 981 938 1042 cura'm
990 987 1301 1044 habentem.
1352 982 1447 1039 sed
1490 981 1727 1053 parietes
1752 981 2113 1053 dealbantcm,

506 1060 739 1115 lacunar
785 1074 923 1113 auro
969 1069 1275 1118 ornament,
1326 1051 1507 1109 annon
1532 1052 1764 1119 diceres
1794 1070 1807 1106 :
1837 1051 1882 1107 0
1931 1052 2113 1111 homo.

502 1148 637 1184 cura
662 1130 972 1199 wgrotum?
1000 1128 1109 1183 Cur
1148 1127 1364 1182 domum
1386 1122 1598 1179 ornas?
1627 1124 1872 1178 Christus
1889 1139 2120 1199 unoque

502 1204 561 1257 in
594 1195 743 1256 hunc
795 1201 1056 1277 mundum
1090 1200 1254 1261 venit,
1287 1198 1339 1277 in
1368 1211 1476 1277 quo
1505 1209 1710 1277 a-grani
1730 1195 1927 1277 reperit
1966 1206 2120 1277 tiatu-

502 1290 625 1328 ram
650 1287 853 1326 meum.
884 1272 1091 1325 Rursus
1119 1264 1496 1325 attendedicto
1525 1280 1667 1320 meo.
1692 1264 1860 1320 Intrat
1879 1266 2119 1320 medicus

506 1344 563 1398 in
592 1359 845 1413 magnam
871 1342 1117 1404 domum,
1142 1341 1344 1395 invenit
1367 1337 1639 1413 hominem
1668 1344 1927 1413 aegrotum
1956 1335 2121 1391 febri-

504 1408 791 1477 citantém,
820 1414 1001 1469 ulcera
1022 1413 1307 1468 habentem
1339 1427 1351 1463 :
1380 1426 1447 1463 an
1472 1408 1722 1477 relinquit
1746 1418 2026 1476 aigmtum,
2049 1423 2117 1462 an

504 1487 706 1557 surgit,
738 1485 957 1540 dealbat
987 1484 1244 1552 parietes,
1280 1483 1489 1557 inaurat
1516 1480 1755 1557 lacunar,
1788 1489 1946 1533 ornat
1975 1479 2120 1548 pavi-

506 1551 796 1612 mentum?
822 1551 1169 1625 Nequaquam
1197 1574 1210 1608 :
1243 1552 1370 1607 nihil
1393 1560 1542 1625 curat
1577 1551 1819 1625 domum,
1849 1561 2120 1625 totamque

506 1628 836 1682 industriam
863 1620 933 1681 ad
956 1620 1221 1696 aegrotum
1250 1622 1540 1696 convertit.
1569 1620 1625 1677 Si
1649 1622 1913 1696 sanus__sit
1942 1633 2118 1691 pater-

509 1701 769 1763 familias,
827 1691 1032 1753 (at-tera
1083 1705 1403 1767 sequuntur.
1436 1692 1511 1749 Ita
1537 1707 1748 1767 quoque
1789 1691 2036 1767 Christus
2065 1697 2116 1748 in

511 1771 662 1825 hunc
703 1770 965 1825 mundum
986 1763 1395 1833 venit,'caruem
1425 1763 1734 1833 assumpsit,
1768 1763 1965 1835 ubique
1991 1780 2119 1818 vero

508 1842 896 1911 semperadest
916 1860 930 1895 :
948 1841 1251 1910 ingressum
1266 1848 1444 1911 autem
1459 1838 1576 1906 ejus
1586 1837 1942 1891 meonomiam
1965 1846 2120 1911 vocat

506 1907 814 1982 Scriptura.
843 1907 1126 1978 Ingressus
1161 1919 1247 1965 est
1292 1909 1347 1965 in
1390 1908 1532 1963 Inmc
1554 1922 1804 1982 maguum
1835 1907 2116 1982 mundum,

507 1978 673 2052 quem
706 1984 823 2055 ipse
854 1984 1214 2038 adornaverat
1266 1997 1283 2037 :
1337 1978 1939 2055 a'grota_ntem_invenit
1964 1988 2118 2055 natu:

506 2049 630 2109 ram
659 2049 952 2110 humanam
986 2075 999 2110 :
1032 2062 1290 2125 aegrotant
1320 2049 1425 2106 noit
1449 2051 1502 2105 iu
1534 2052 1671 2125 lecto
1694 2049 1988 2125 jacent_em,
2022 2050 2116 2105 sed

507 2126 571 2179 in
616 2128 857 2197 nequitia
897 2119 1243 2195 prostratam,
1275 2138 1617 2197 communem
1641 2119 1976 2197 harmoniam
2000 2137 2121 2193 pes-

510 2191 849 2265 snnnla'tam,
867 2191 991 2252 aras
1004 2210 1282 2257 accensas,
1307 2193 1551 2248 nidorem
1580 2191 1968 2248 sacriﬁciorum
1994 2191 2118 2248 acra

510 2269 837 2334 undantem,
868 2270 1068 2323 liberos
1116 2283 1147 2320 a
1198 2266 1510 2336 parentibus
1537 2272 1824 2330 mactatos,
1873 2273 2120 2319 naturam

509 2340 912 2402 conculcatam,
942 2339 1091 2410 leges
1113 2348 1319 2410 natura:
1334 2351 1664 2410 concussas,
1687 2336 2123 2410 commiseratio-

520 2428 653 2464 netn
697 2407 1064 2480 contemptam
1102 2428 1116 2466 :
1149 2408 1555 2480 [inmolaverunt
1583 2407 1717 2475 ﬁlios
1741 2423 1862 2480 suos
1891 2414 1938 2459 et
1987 2407 2122 2473 ﬁlias

508 2499 638 2537 suas
670 2477 940 2537 daemoniis
966 2481 1145 2543 (Paul.
1177 2477 1288 2546 CV,
1315 2480 1412 2546 3'7)
1455 2496 1468 2532 :
1507 2478 1754 2533 homines
1786 2478 2004 2546 impune
2032 2480 2124 2533 de-

512 2553 880 2619 bacchantes;
933 2553 1075 2609 hunc
1112 2551 1327 2623 quidem
1353 2549 1643 2613 cintedum,
1673 2548 1817 2604 hunc
1836 2564 1965 2604 vero
1986 2565 2124 2606 utte-

509 2626 702 2685 rhutn,
752 2627 893 2680 hunc
936 2624 1285 2687 homicidam,
1327 2630 1525 2677 terram
1572 2631 1738 2675 t0tam
1784 2629 2121 2691 pereuntem,

514 2696 835 2751 hominibus
886 2697 941 2751 in
1000 2695 1256 2766 nequitia:
1307 2692 1449 2766 Iccio
1493 2690 1820 2766 jacentibus,
1853 2690 2123 2766 diabolum

509 2768 848 2832 adstantem,
892 2763 1167 2822 caminum
1211 2763 1618 2829 accendentem,
1666 2763 1846 2819 ulcera
1892 2763 2123 2833 impleu-

511 2850 655 2902 tem,
698 2839 939 2894 medicos
961 2839 1312 2903 deficientes;
1346 2835 1658 2905 prophetas,
1692 2834 1933 2904 inquam,
1962 2851 2125 2891 aecu-

509 2921 725 2976 santes,
778 2925 886 2964 non
931 2911 1300 2981 corrigentes;
1347 2907 1585 2981 medicos
1613 2905 1936 2981 assidentes,
1965 2905 2127 2981 phar-

511 2996 673 3035 maca
730 2976 1117 3050 pra-parantes,
1169 2993 1269 3035 nec
1316 2976 1634 3046 adjuvaotes
1665 3018 1680 3042 ,
1735 2977 1831 3032 sed
1883 2979 2125 3033 omnium

508 3049 885 3107 accuszttnres.
924 3051 1048 3107 Non
1078 3061 1153 3107 est
1183 3052 1360 3121 justus
1403 3049 1693 3173 qmsﬁtam,
1720 3065 1822 3102 non
1860 3060 1933 3103 est
1954 3051 2127 3133 requi-

508 3140 637 3173 rens
672 3122 837 3173 Deum
866 3122 1050 3173 lPsul.
1100 3122 1234 3173 XIII.
1261 3120 1320 3173 2.
1351 3121 1478 3173 coll.
1560 3123 1699 3173 zeclt.
1756 3118 2000 3173 XXX“.
2032 3120 2066 3173 6
2088 3127 2125 3173 l.

508 3140 637 3197 rens
672 3122 837 3176 Deum
866 3126 883 3190 (
905 3122 1078 3197 ξέειιι.Δ
1100 3118 1234 3197 XIII,
1261 3120 1320 3186 2,
1351 3121 1478 3197 coll.
1510 3118 1699 3174 Ezech.
1719 3189 1730 3197 _
1756 3118 2000 3185 XXXIV,
2020 3118 2066 3176 κϐ
2085 3127 2125 3191 ).

512 3195 561 3249 Il
582 3196 775 3250 rccitte
804 3194 1084 3250 medicus?
1116 3194 1374 3263 Quantam
1405 3193 1567 3262 igitur
1595 3193 1835 3260 spes'est,
1868 3207 1989 3245 cum
2010 3208 2130 3263 me—

516 3267 683 3321 dicus
725 3281 931 3335 aegrum
980 3262 1236 3320 accusat?
1265 3263 1495 3335 Quidam
1533 3278 1664 3318 vero
1711 3263 1963 3317 dicebat:
1996 3262 2128 3334 Equi

511 3347 780 3391 mnatores
829 3338 950 3407 facti
986 3348 1105 3391 sunt
1135 3335 1292 3408 (leta,
1325 3334 1481 3408 V,_8)
1512 3350 1528 3387 :
1555 3336 1897 3408 utiu_sqt_tisq_ue
1914 3335 1983 3408 ad
2002 3352 2130 3408 turo-

511 3425 628 3463 rem
680 3403 906 3479 proximi
942 3409 1023 3463 sui
1071 3403 1333 3463 ltinniebat
1391 3403 1410 3472 (
1447 3403 1563 3479 Jer.
1610 3403 1782 3479 "1,2,
1826 3405 2128 3479 inﬁma).

515 3473 691 3535 Alter'
711 3479 853 3534 sedit
883 3481 934 3532 in
961 3479 1181 3535 deserto
1204 3479 1345 3533 sicut
1370 3477 1589 3541 cornix;
1632 3477 1766 3530 alter
1800 3494 1814 3530 :
1855 3473 1943 3529 Va:
1982 3473 2128 3541 milii,

509 3552 643 3620 quia
673 3552 821 3620 periit
858 3563 1068 3605 sanctus
1099 3551 1163 3605 de
1181 3560 1338 3617 terra,
1370 3557 1614 3620 e_t_rectus
1642 3548 1694 3601 in
1716 3545 2006 3620 hominibus
2030 3565 2132 3601 non

512 3617 593 3676 est
646 3617 840 3691 (tilica.
865 3621 979 3684 Vll,
1008 3622 1074 3693 2)
1102 3622 1116 3677 ε
1158 3621 1296 3676 alter
1324 3638 1341 3693 ς
1375 3617 1709 3693 Maledictum
1736 3627 1783 3693 et
1810 3618 2134 3673 mendacium

516 3705 571 3747 et
618 3689 818 3764 [artum
862 3704 911 3748 et
962 3689 1275 3747 adulterium
1315 3690 1694 3764 inundauerunt
1721 3689 1796 3764 in
1846 3697 2029 3764 {erro}
2057 3693 2135 3745 vir

519 3759 743 3827 fratrem
771 3780 921 3818 suum
948 3765 1017 3818 ad
1047 3774 1261 3819 mortem
1282 3772 1494 3833 venatur
1518 3760 1537 3831 (
1562 3759 1693 3815 Osee
1717 3760 1783 3815 IV
1803 3801 1819 3823 ,
1842 3761 1922 3833 Ξ).
1948 3760 2130 3815 Alter:

534 3835 629 3889 Va:
673 3836 809 3907 genti
838 3836 1108 3905 peccatrici
1156 3832 1512 3907 (lsai.l,l)!
1546 3833 1834 3903 Egreditur
1882 3832 2135 3907 'tnedicus

516 3902 878 3979 lacry'mans':
910 3923 1072 3977 quam
1091 3902 1244 3978 spent
1267 3906 1432 3979 habet
1449 3902 1699 3979 aegrotus,
1723 3919 1845 3960 cum
1869 3902 2134 3959 medicum

517 3976 829 4050 conspiciat
855 3976 1284 4050 Iacrytnantem?
1311 3978 1544 4050 qualem!
1572 3976 1740 4050 habes
1787 3991 1964 4046 spem,
2012 3992 2134 4030 cum

521 4048 686 4105 illum
710 4048 899 4105 videas
933 4048 1350 4120 desperantem?
1378 4048 1505 4172 quid
1534 4048 1659 4102 boui
1682 4048 1751 4102 de
1776 4057 1979 4116 :cgroto
2010 4061 2136 4114 Spe-

521 4137 653 4172 rare
701 4122 907 4172 notes?
939 4123 1255 4172 Quamnam
1290 4135 1376 4172 me
1419 4118 1486 4172 ici
1534 4132 1700 4172 sa-oe.
1728 4119 1935 4172 etiamsi
1966 4118 2136 4172 sciant

519 4137 653 4176 rare
701 4122 907 4191 potes?
939 4118 1255 4192 Quanquam
1290 4118 1486 4174 medici
1534 4132 1700 4192 swpe,
1728 4119 1935 4192 etiamsi
1966 4118 2139 4192 sciant

520 4188 833 4248 extremam
881 4188 1095 4257 horam,
1115 4188 1128 4192 ’
1148 4207 1219 4249 ne
1256 4199 1437 4245 tamen
1464 4190 1794 4260 propinquos
1816 4188 2003 4243 dolore
2024 4190 2141 4243 alli-

521 4265 699 4330 ciant,
731 4264 928 4320 mentis
952 4263 1202 4319 allectum
1237 4261 1572 4332 philosophia
1601 4262 1840 4326 vincunt,
1886 4261 2141 4315 hilarem-

522 4350 639 4405 que
680 4335 891 4389 vultum
948 4351 1070 4391 cum
1120 4335 1431 4404 suspicione
1474 4347 1569 4405 sua
1602 4347 1711 4401 prte
1755 4347 1817 4405 se
1843 4332 2040 4395 I'eruttt,
2073 4347 2142 4389 ne

523 4403 865 4477 aegrotorum
912 4422 1130 4461 sensum
1176 4403 1503 4476 deprimant.
1532 4403 1864 4477 Cumueoim‘
1908 4413 2142 4475 a-grotus

529 4475 808 4533 medicum
841 4478 985 4534 videt
1005 4478 1209 4532 vultum
1237 4475 1555 4537 nauantem,
1587 4475 1715 4544 quid
1743 4475 1871 4529 boni
1919 4490 2142 4544 sperare

532 4551 751 4618 potest?
801 4548 899 4605 llic
944 4559 1124 4604 autent
1172 4547 1310 4603 adeo
1363 4547 1640 4618 praevaluit
1668 4546 1909 4612 morbus,
1952 4546 2144 4615 utipse

532 4616 783 4675 iuediens
812 4621 1029 4689 plorans
1067 4620 1274 4676 diceret
1306 4635 1320 4669 :
1349 4617 1488 4685 Quid
1520 4616 1972 4689 facerepossum?
1998 4619 2145 4673 ulce-

530 4708 621 4757 ra,
670 4687 921 4758 putredo,
973 4707 1206 4757 vermes,
1235 4690 1440 4744 inliuita
1473 4690 1609 4743 mala
1642 4705 1656 4742 :
1702 4687 1790 4744 γω
1809 4689 1947 4760 genti
1966 4704 2146 4759 pecca-

533 4763 654 4816 trici
673 4763 694 4816 !
714 4764 870 4817 Alius
891 4779 1043 4827 vrro,
1074 4762 1337 4818 .Ieremias
1362 4761 1588 4824 scilicet,
1614 4759 1851 4830 integras
1880 4761 2145 4815 lamenta-

512 4836 720 4890 tiones
762 4834 1041 4903 rescripsit
1070 4852 1086 4899 ;
1117 4835 1254 4888 alius
1280 4834 1446 4902 luget,
1476 4833 1613 4903 alios
1642 4834 1985 4893 lamentatur,
2008 4832 2147 4887 alius

532 4902 1005 4964 atttctnhortatnr;
1043 4907 1185 4962 Deus
1203 4919 1439 4975 superne
1457 4944 1473 4969 ,
1501 4902 1723 4974 Reliqui,
1744 4903 2148 4972 inquit,domtmt

535 4992 709 5047 uicani
736 4975 887 5047 (Jer.
904 5047 909 5048 γ
926 4975 1043 5043 XII,
1100 4980 1177 5048 7).
1205 4978 1337 5043 Qtue
1363 4975 1620 5048 deinceps
1646 4990 1770 5046 Spes
1796 4984 1900 5038 est,
1932 4976 2149 5045 quando

540 5046 867 5113 llens’dicit,
897 5047 1105 5117 lleliqui
1129 5046 1332 5109 omnia,
1352 5046 1529 5101 dimisi
1554 5046 1923 5103 han-editatem
1947 5061 2146 5112 meam,

534 5117 667 5173 dedi
685 5118 939 5176 dilectam
956 5120 1190 5175 auimatn
1209 5134 1383 5174 meam
1399 5120 1451 5172 in
1470 5134 1630 5172 manu
1650 5118 1987 5173 inimicorum
2004 5134 2153 5174 meo-

537 5190 705 5245 rum?
731 5191 875 5247 Elias
900 5207 1029 5247 vero
1049 5192 1256 5246 inferne
1277 5190 1515 5264 (clamat)
1543 5208 1556 5244 :
1582 5188 1828 5252 Domine,
1853 5189 2042 5264 altaria
2063 5201 2153 5244 tua

539 5263 932 5329 destruxerunt,
954 5265 1226 5333 prophetas
1243 5261 1356 5316 tuos
1371 5261 1685 5333 accidentia.
1702 5271 1749 5333 e_t
1769 5262 2152 5333 cgoderelictus

535 5350 656 5387 sum
676 5336 835 5398 solus,
859 5345 903 5388 et
918 5331 1151 5403 quierunt
1170 5334 1397 5388 animant
1417 5349 1580 5387 meam
1598 5331 1689 5401 (III
1712 5331 1842 5403 Reg.
1861 5332 2005 5394 XIX,
2039 5334 2147 5401 I0}.

539 5406 602 5459 Si
626 5420 757 5460 vero
774 5405 1026 5462 inludaea
1054 5406 1169 5461 ha-c
1195 5406 1331 5460 facta
1356 5414 1502 5467 sunt,
1523 5405 1611 5459 ubi
1633 5404 1739 5466 lex,
1762 5405 1851 5459 ubi
1873 5406 2151 5474 templum,

474 5511 478 5514 ι
541 5477 636 5529 ubi
666 5491 791 5531 arra
813 5519 829 5542 ,
860 5478 949 5531 ubi
976 5476 1298 5534 saerilicimn
1323 5474 1627 5546 judaicum;
1668 5475 1796 5546 quid
1827 5476 2008 5532 videre
2040 5487 2157 5532 erat

540 5548 633 5602 ubi
667 5548 824 5603 nidor
842 5558 898 5603 et
922 5552 1128 5611 fumus,
1155 5549 1335 5618 iniqua
1360 5547 1676 5614 ministeria,
1708 5547 2041 5618 itnpietates;
2069 5548 2156 5602 ubi

542 5620 675 5674 vitia
705 5635 805 5689 pro
830 5622 934 5676 diis
979 5620 1338 5687 habebantur,
1385 5618 1476 5673 ttbi
1520 5633 1713 5673 canunt
1742 5633 1932 5673 vocem
1979 5619 2153 5673 imita-

543 5690 767 5756 bantur,
786 5694 876 5763 qui
910 5691 1103 5748 Bacchi
1160 5691 1294 5747 festa
1339 5689 1717 5763 celebrabant,
1752 5691 1946 5758 pellem
1974 5704 2154 5760 capra-

543 5778 666 5818 ltttn
696 5774 754 5817 et
777 5762 970 5819 canum
1004 5778 1166 5818 voces
1185 5802 1202 5827 ,
1245 5773 1300 5817 ttt
1329 5762 1659 5816 nobilitatem
1693 5777 1914 5832 prorsus
1943 5772 2158 5816 amitte-

476 5878 481 5883 .
545 5836 695 5888 rent?
712 5835 908 5898 Canes,
937 5849 1151 5907 porcos,
1183 5834 1314 5890 deos
1343 5833 1467 5889 fecit
1497 5833 1778 5907 diabolus,_
1801 5833 2011 5907 viperas
2038 5832 2160 5907 fecit

508 5916 603 5965 λι
624 5903 949 5981 serpentes,
985 5906 1199 5979 aspich
1231 5907 1380 5965 albas
1418 5904 1715 5963 constituit.
1756 5903 1875 5962 Lex
1897 5903 2160 5964 imbecilla

2229 496 2307 540 est
2334 528 2351 553 ,
2383 485 2657 554 prophetat
2684 486 2950 544 incusant.
2978 486 3115 558 Quid
3148 489 3327 555 itaque
3346 527 3361 549 ,
3390 501 3423 538 ο
3452 487 3651 558 miser?
3675 488 3831 545 libri-

2224 568 2338 611 stus
2368 559 2592 624 intrans,
2624 567 2679 615 et
2710 559 2852 615 lnmc
2877 562 3136 615 mundum
3168 558 3504 628 comperiens
3530 557 3667 611 adeo
3694 564 3832 619 male

2224 629 2505 701 habitum,
2551 639 2836 686 ornaturus
2879 640 2995 686 erat
3021 632 3217 688 cmlum
3240 672 3255 694 ,
3287 638 3343 685 et
3368 646 3570 701 mgrum
3610 633 3830 690 missum

2225 700 2500 754 facturus?
2524 703 2594 755 At
2621 702 2722 756 hoc
2761 717 2864 756 non
2900 703 3054 765 fecit;
3087 702 3181 758 scd
3223 701 3289 756 ad
3333 717 3535 773 :rgrum
3563 706 3786 758 accurrit
3815 750 3829 769 ,

2227 782 2441 839 propter
2466 787 2624 843 quem
2666 782 2721 828 et
2765 775 2960 830 cadum
2987 817 3001 839 ,
3050 784 3270 843 promer
3294 782 3452 844 quem
3503 784 3554 828 et
3597 784 3737 830 terra
3777 789 3834 832 et

2225 856 2341 895 mar
2391 883 2403 905 ,
2435 854 2489 898 et
2517 860 2611 899 aer
2645 846 2701 900 et
2729 846 2933 914 reliqua
2960 847 3158 899 omnia.
3192 843 3395 899 Idcirco
3428 861 3602 912 neque
3631 846 3831 903 cmlmn

2208 923 2507 973 Satiaturus
2532 925 2667 979 erat,
2695 916 2788 970 sed
2814 917 3104 999 hominem.
3136 917 3419 1001 Propterea
3450 916 3498 971 id
3521 918 3664 1001 quod
3687 935 3832 1001 πίει-υ

2225 995 2669 1058 cogitantmerat
2692 989 3018 1057 assumpsit,
3053 1001 3107 1044 et
3133 988 3279 1044 venit
3325 998 3577 1056 tanquam
3621 991 3665 1043 si
3717 988 3832 1058 ipse

2226 1069 2370 1124 mger
2400 1057 2487 1111 ille
2513 1055 2720 1122 fuisset,
2753 1055 2890 1114 licet
2903 1075 3006 1114 non
3028 1075 3171 1127 :rger
3190 1067 3366 1114 esset:
3396 1055 3519 1113 nam
3555 1055 3831 1115 Peccatum

2226 1127 2609 1201 nonfecit,_uec
2636 1129 2868 1201 inventus
2893 1140 2965 1185 est
2992 1131 3141 1185 dolus
3161 1132 3213 1185 in
3241 1148 3329 1184 are
3354 1147 3463 1199 ejus
3491 1130 3533 1201 (l
3568 1130 3712 1185 Petr.
3748 1133 3788 1187 II
3811 1172 3828 1196 ,

2224 1197 2292 1265 2;
2322 1198 2450 1271 lsat'.
2483 1198 2611 1263 LIII,
2642 1199 2698 1271 9)
2728 1218 2740 1255 :
2769 1200 2864 1255 sed
2910 1202 3052 1255 venit
3105 1218 3196 1258 vas
3227 1197 3428 1256 habens
3460 1197 3662 1257 natum:
3692 1204 3832 1258 illius

2225 1270 2352 1339 aagri
2380 1270 2686 1341 cognatum.
2712 1271 2826 1326 Non
2856 1273 2998 1327 venit
3028 1287 3149 1327 cum
3181 1273 3319 1328 nuda
3349 1273 3647 1339 divinitate,
3670 1291 3737 1330 ne
3753 1274 3834 1330 ftt—

2224 1350 2376 1411 geret
2396 1353 2651 1411 :egrotus,
2686 1359 2753 1399 ne
2778 1345 3016 1414 abigeret
3041 1344 3275 1412 praedam
3302 1360 3316 1397 :
3342 1360 3526 1398 verum
3556 1345 3695 1400 sicut
3719 1362 3833 1399 me-

2226 1413 2380 1487 dirus
2404 1429 2547 1487 stepe
2572 1429 2772 1484 genere
2792 1468 2794 1471 ,
2816 1416 3008 1471 nobilis
3038 1425 3089 1487 et
3118 1415 3439 1483 conspicuus
3457 1456 3473 1481 ,
3522 1415 3681 1472 claris
3709 1432 3834 1487 pro-

2223 1485 2556 1554 genitoribus
2581 1495 2730 1539 nt‘ltts
2751 1526 2765 1548 ,
2813 1497 2867 1540 et
2912 1486 3101 1541 sericis
3143 1488 3368 1541 amictus
3399 1487 3671 1550 vestibus,
3704 1485 3827 1542 eum

2226 1572 2515 1627 pauperem
2554 1556 2666 1610 adit
2701 1567 3049 1626 aegrotantem
3071 1597 3086 1619 ,
3127 1558 3217 1626 qui
3249 1559 3328 1611 vel
3372 1558 3712 1626 operatione,
3745 1560 3829 1615 vel

2222 1628 2332 1682 alio
2358 1627 2599 1682 remedio
2636 1642 2770 1696 opus
2801 1627 3002 1692 habet,
3037 1640 3216 1684 vestes
3245 1628 3399 1683 exuit
3437 1637 3492 1683 et
3530 1630 3830 1685 claritatem

2223 1698 2482 1767 deponit,
2515 1708 2569 1752 et
2602 1698 2765 1753 linteo
2808 1712 3030 1769 accepto
3059 1716 3120 1753 se
3164 1700 3532 1766 circumcingit
3556 1742 3572 1765 ,
3621 1704 3833 1757 ustione

2224 1770 2307 1825 vel
2339 1770 2577 1842 sectione
2604 1785 2816 1842 usurus,
2847 1786 2945 1825 nec
2971 1771 3214 1842 dignitati
3245 1786 3377 1837 suae,
3407 1771 3501 1825 sed
3531 1773 3719 1826 tnorbo
3745 1773 3826 1827 la-

2225 1840 2467 1897 borantis
2495 1841 2758 1896 curationi
2786 1840 3055 1898 consulit}
3083 1843 3151 1896 ita
3179 1857 3394 1910 quoque
3425 1842 3546 1897 Iecit
3577 1843 3833 1898 Dominus

2223 1914 2577 1983 angelorum,
2627 1916 2781 1980 cujus
2824 1914 2992 1983 gloria
3050 1913 3333 1969 ineffabilis
3383 1932 3397 1969 :
3452 1914 3729 1969 descendit
3776 1925 3834 1969 ut

2227 1987 2418 2058 homo;
2450 1984 2635 2048 linteo,
2663 1993 2853 2058 natura
2878 2001 3073 2058 nempe
3101 1995 3304 2052 nostra,
3329 1999 3389 2042 se
3415 1986 3787 2058 circumeiuxit
3816 2003 3831 2039 :

2224 2055 2315 2125 qui
2343 2055 2494 2127 dives
2520 2063 2656 2120 erat,
2688 2055 2857 2127 factus
2877 2067 2960 2112 est
2989 2055 3210 2127 pauper,
3245 2072 3347 2111 non
3370 2057 3584 2127 amissis
3605 2056 3830 2120 divitiis,

2225 2126 2318 2199 sed
2346 2126 2628 2182 occultatis
2657 2147 2671 2181 :
2703 2125 2861 2182 Scitis
2885 2125 3041 2193 enim,
3072 2125 3166 2193 ait,
3196 2129 3419 2199 gratiam
3443 2126 3669 2189 Domini,
3700 2145 3831 2199 quo-

2226 2198 2367 2251 niam
2396 2207 2604 2267 propter
2632 2213 2725 2252 nos
2752 2213 2940 2267 egenus
2967 2199 3133 2268 factus
3157 2198 3250 2255 est.
3281 2215 3397 2252 cum
3419 2209 3547 2253 esset
3574 2198 3748 2259 dives,
3778 2210 3832 2253 ut

2225 2270 2365 2343 illius
2393 2269 2571 2339 inopia
2611 2286 2704 2324 nos
2734 2268 2914 2343 divites
2949 2287 3171 2326 essemus
3207 2269 3275 2343 (ll
3299 2268 3417 2327 Cor.
3445 2269 3561 2343 Ylll
3583 2312 3598 2337 ,
3629 2271 3707 2343 9).
3736 2269 3831 2325 νίς

2226 2340 2350 2395 disti
2378 2350 2743 2412 paupertatem
2767 2341 3069 2397 divitiarum
3099 2340 3362 2398 matrem?
3391 2340 3568 2397 vidisti
3597 2341 3836 2412 indigeo-

2229 2413 2354 2467 tiam
2392 2411 2733 2468 abundantia:
2769 2413 3148 2469 occasionem?
3177 2414 3330 2469 dives
3377 2412 3549 2467 factus
3592 2422 3676 2468 est
3707 2411 3834 2480 pan-

2231 2500 2345 2553 per,
2374 2494 2427 2539 ttt
2456 2499 2556 2553 ego
2583 2498 2786 2554 pauper
2808 2484 2959 2540 dives
3000 2488 3140 2540 liam.
3186 2484 3257 2540 Ut
3286 2484 3526 2540 medicus
3570 2486 3736 2539 linteo
3774 2500 3834 2537 se

2229 2556 2619 2611 circumcinxit.
2649 2557 2938 2624 Quousque
2963 2555 3287 2613 descendit?
3324 2554 3439 2610 Non
3481 2557 3611 2611 satis
3638 2555 3735 2610 fuit
3760 2556 3831 2609 illi

2232 2640 2476 2682 natttram
2509 2637 2745 2681 nostram
2784 2627 3042 2692 induere,
3072 2628 3168 2683 sed
3216 2638 3272 2684 et
3313 2627 3455 2684 servi
3489 2627 3717 2682 formam
3743 2642 3833 2681 as-

2229 2699 2477 2768 sitmpsit,
2501 2712 2601 2754 nec
2619 2700 2761 2753 servi
2782 2708 3023 2754 naturam
3047 2708 3272 2754 tantum.
3298 2698 3457 2754 Venit
3477 2699 3656 2770 igitur,
3681 2713 3830 2768 repe-

2231 2770 2301 2825 rit
2323 2779 2569 2824 naturam
2608 2778 2847 2825 nostram
2873 2780 3225 2840 aegrotantem
3246 2812 3262 2838 ,
3297 2771 3467 2826 laetus
3493 2779 3579 2826 est
3603 2770 3833 2839 idipsuut

2230 2841 2373 2912 quod
2398 2855 2503 2912 ego
2526 2856 2645 2896 sum
2669 2883 2685 2906 ,
2726 2853 2945 2911 peccato
2984 2850 3242 2911 excepto;
3275 2843 3412 2899 venit
3446 2841 3497 2895 in
3526 2843 3793 2912 tugurium
3818 2882 3832 2905 ,

2234 2911 2322 2968 tibi
2348 2926 2451 2983 ego
2475 2911 2856 2968 decumbebam
2888 2933 2902 2968 :
2926 2913 3063 2969 vidit
3088 2928 3319 2979 vermes,
3343 2912 3473 2967 vidit
3500 2911 3831 2982 putredines,

2232 2983 2367 3039 vidit
2393 2983 2640 3041 ftetorem
2664 2984 2890 3039 multum
2911 3025 2926 3048 ,
2958 2986 3128 3055 legem
3161 2999 3265 3040 non
3291 2984 3677 3054 opitulanlem,
3711 2999 3837 3054 pro-

2235 3055 2424 3124 phetas
2451 3064 2765 3127 accusantes
2788 3096 2803 3120 ,
2838 3066 3116 3125 peccatum
3143 3055 3493 3121 incumbens,
3525 3055 3711 3127 aegroti
3739 3070 3836 3127 cu-

2234 3127 2469 3196 pidinem
2494 3126 2878 3189 inordinatam,
2907 3128 3168 3182 contineri
3197 3128 3469 3182 uolentem
3490 3169 3504 3191 ,
3536 3125 3637 3182 nec
3661 3125 3835 3196 medi-

2233 3195 2328 3252 eos
2368 3198 2785 3254 admittentem:
2833 3197 2953 3253 Non
2996 3198 3194 3253 occides
3219 3237 3232 3258 .
3286 3198 3375 3252 ille
3418 3197 3615 3254 occidit
3649 3215 3662 3252 :
3713 3195 3839 3252 Non

2237 3269 2565 3324 mcecltaberis
2582 3287 2601 3333 ;
2632 3267 2990 3338 Unusquisque
3028 3270 3096 3323 ad
3124 3284 3330 3324 uxorem
3355 3271 3581 3339 promitti
3616 3269 3697 3322 sui
3723 3268 3841 3322 Itin-

2235 3340 2404 3395 uielmt
2444 3339 2591 3413 (Jer.
2621 3340 2686 3406 V,
2716 3339 2783 3410 8)
2815 3358 2837 3413 :7
2866 3340 2989 3413 Non
3031 3345 3243 3413 furtum
3271 3340 3429 3411 facies
3448 3355 3487 3413 ;Δ
3506 3339 3841 3413 Maledictum

2235 3424 2283 3466 et
2328 3409 2668 3475 mendacium,
2696 3420 2743 3465 et
2766 3409 3103 3476 adulterium,
3133 3420 3180 3465 et
3216 3409 3427 3479 furtum,
3469 3409 3840 3464 inundaverant

2237 3482 2384 3552 (Ose.
2418 3482 2567 3551 IV,‘:?.)
2587 3483 2636 3536 in
2653 3492 2872 3537 terram.
2897 3483 3010 3536 Alia
3038 3481 3528 3545 dicebattnedicns,
3550 3480 3651 3535 alia
3679 3481 3842 3536 facie-

2239 3557 2330 3608 bat
2349 3564 2599 3622 a'grotus.
2623 3554 2761 3618 Quid
2784 3553 3117 3609 faciendum?
3141 3554 3382 3608 medicus
3402 3552 3675 3621 praeerit,
3698 3568 3841 3620 aeger

2239 3640 2344 3680 non
2372 3625 2811 3693 obtemperavit:
2860 3625 3083 3680 morbus
3123 3634 3311 3680 auctus
3352 3630 3471 3687 est,
3516 3638 3709 3692 mango
3751 3624 3843 3677 ille

2238 3695 2488 3766 diabolus
2513 3697 2808 3766 permansit
2850 3698 2988 3751 sicut
3029 3711 3219 3753 servus
3261 3695 3534 3766 fugitivus.
3561 3693 3699 3762 Quid
3725 3694 3842 3766 vis?

2240 3778 2423 3839 potum
2469 3765 2718 3837 frigidum
2760 3766 3079 3822 administro
3119 3785 3134 3823 :
3178 3765 3465 3839 quidvis?
3509 3781 3700 3822 carnes
3729 3765 3840 3839 do:

2240 3837 2359 3910 qua:
2386 3849 2733 3908 corrumpant
2769 3841 3107 3910 stomachum
3148 3849 3298 3895 tuum
3344 3837 3533 3903 trado,
3572 3837 3843 3910 comraria

2241 3907 2309 3965 iis
2336 3926 2456 3980 qua:
2488 3907 2727 3967 medicus
2765 3909 2941 3966 offert.
2981 3910 3217 3968 Medicus
3262 3918 3528 3981 prtecepta
3575 3907 3725 3981 dedit
3743 3915 3847 3981 ,_et

2241 3978 2404 4064 abiit—‘3
2435 3981 2686 4064 fugitivus
2713 3981 2850 4064 clam
2878 3984 3157 4064 pigressus
3195 3978 3337 4064 psi,“
3364 3989 3421 4064 et
3445 3978 3842 4064 'otnnia‘dedit.

2245 4052 2337 4107 Vis
2368 4049 2818 4109 fornicationem?
2841 4053 2922 4108 vis
2945 4049 3337 4109 'memlacium?
3365 4050 3669 4123 Respondit
3712 4049 3799 4104 ille
3834 4067 3848 4105 :

2245 4124 2370 4178 llzrc
2398 4124 2540 4188 Volo,
2571 4141 2676 4178 non
2707 4140 2769 4179 ea
2796 4141 2916 4194 qum
2941 4124 3070 4179 dicit
3097 4125 3335 4179 medicus
3359 4142 3372 4178 :
3408 4123 3524 4177 hmo
3553 4122 3694 4185 volo,
3727 4137 3850 4191 qua:

2246 4206 2301 4250 ιιι
2344 4208 2552 4266 narras.
2584 4195 2776 4251 Misera
2813 4211 3040 4266 corpora
3082 4198 3379 4266 perierunt.
3426 4195 3564 4248 licus
3595 4205 3844 4266 accusat,

2247 4265 2524 4335 propheta:
2555 4267 2852 4335 increpant,
2885 4263 2971 4321 ille
3001 4263 3239 4321 carttifex
3271 4266 3487 4328 mansit,
3514 4271 3570 4320 et
3593 4263 3731 4335 tegri
3751 4264 3847 4318 tie-

2246 4333 2502 4392 Siderium
2531 4337 2597 4391 ad
2625 4333 2929 4400 nocentem,
2959 4353 3063 4391 non
3087 4338 3154 4392 ad
3182 4337 3564 4405 opitulantem,
3598 4333 3846 4390 vortitur.

2250 4409 2417 4464 Periit
2452 4417 2618 4462 totum
2649 4424 2838 4478 genus,
2864 4410 3042 4462 omnia
3074 4417 3326 4475 corrupta
3353 4415 3525 4462 erant.
3548 4405 3711 4478 Venit
3739 4422 3851 4458 tne-

2247 4479 2401 4534 dicus
2431 4479 2482 4533 itt
2514 4476 2675 4535 rebus
2702 4478 3010 4534 diflicilibus
3051 4479 3333 4550 expeditus
3353 4519 3370 4543 ,
3402 4478 3542 4550 viam
3572 4476 3851 4550 inveniens

2249 4551 2479 4615 facilem,
2511 4559 2748 4621 apertam
2778 4560 2832 4606 et
2856 4546 3165 4606 Salutarem.
3196 4550 3249 4607 Si
3280 4548 3487 4611 dicam,
3517 4549 3709 4621 inquit,
3738 4546 3852 4621 llo_c

2250 4623 2333 4677 vel
2363 4622 2465 4677 hoc
2487 4618 2678 4688 facile,
2706 4637 2814 4677 non
2841 4622 3059 4679 faciunt.
3093 4624 3207 4689 Qua
3233 4621 3302 4675 de
3330 4619 3533 4675 causa?
3560 4618 3690 4688 Quae
3721 4619 3852 4685 legis

2249 4704 2376 4749 sunt
2403 4708 2510 4748 nou
2540 4703 2899 4761 acceperunt,
2946 4702 3001 4749 et
3044 4710 3162 4763 qme
3206 4693 3394 4764 gratiae
3438 4702 3566 4746 sunt
3605 4689 3855 4764 accipere

2253 4764 2513 4836 possunt?
2542 4765 2791 4821 inferiora
2820 4781 2926 4821 non
2954 4761 3319 4834 acceperunt,
3361 4772 3417 4819 et
3445 4776 3677 4836 superna
3706 4761 3851 4816 acci-

2255 4832 2382 4905 pere
2409 4837 2669 4905 possunt?
2696 4836 2752 4893 Si
2786 4832 3096 4906 prmcipiam'
3114 4836 3375 4906 jejunium
3394 4876 3409 4898 ,
3438 4833 3484 4889 si
3508 4832 3647 4888 sacci
3675 4840 3853 4906 gesta-

2255 4903 2475 4969 inen.'si
2503 4903 2902 4977 pattpertatetn;
2933 4903 2977 4963 si
3007 4903 3317 4977 principiam
3346 4905 3727 4977 virginitatem,
3759 4903 3853 4977 Ito:

2256 4974 2852 5035 parabile—continuum
2881 4974 3145 5044 nesciunt,
3178 4974 3233 5034 et
3275 4978 3346 5034 de
3379 4974 3679 5046 virginitate
3712 4974 3855 5044 loqui

2256 5052 2517 5120 possunt?
2545 5050 2719 5106 aliena
2752 5053 2986 5120 rapiunt,
3005 5061 3060 5106 et
3078 5051 3147 5106 de
3170 5045 3479 5121 paupertate
3502 5047 3693 5121 loquar
3717 5045 3857 5121 illis?

2258 5116 2611 5183 l'ornicantur,
2644 5116 3003 5185 ttttecliantur,
3047 5133 3102 5176 et
3143 5116 3289 5177 sacci
3322 5116 3599 5190 gestamen
3644 5116 3856 5173 dicam?

2257 5194 2394 5263 Quid
2427 5193 2619 5264 igitur?
2645 5193 2807 5249 homo
2835 5196 2987 5254 Iiant.
3020 5204 3273 5265 quantutn
3303 5193 3370 5246 ad
3397 5202 3818 5265 t'arnetumeam
3841 5231 3855 5253 ,

2258 5261 2316 5326 et
2337 5261 2603 5335 :tbjectutn
2634 5267 2790 5320 istum
2816 5261 3060 5335 alloquar
3089 5283 3101 5318 :
3145 5273 3421 5333 peccatum
3450 5261 3714 5335 purgabo,
3745 5268 3802 5335 et
3830 5277 3855 5312 a

2263 5330 2459 5410 genere
2480 5336 2751 5393 hominem
2782 5330 2972 5392 sanum
2993 5351 3115 5392 esse
3134 5330 3515 5410 demonstrabo
3535 5330 3859 5410 {ostendam

2263 5403 2506 5464 naturam
2533 5410 2778 5464 eamdem
2805 5418 2861 5463 et
2890 5425 2994 5463 non
3026 5406 3273 5463 eumdem
3308 5404 3514 5474 lapsum
3539 5419 3555 5467 ς
3587 5403 3860 5459 hominem

2267 5481 2368 5545 Qui
2398 5490 2659 5553 peccatum
2699 5496 2800 5534 non
2826 5482 2941 5550 j'erit
2964 5519 2980 5544 ,
3032 5493 3122 5532 nec
3159 5486 3232 5553 est
3262 5475 3412 5553 dolus
3435 5477 3488 5530 in
3513 5491 3606 5553 ore
3624 5475 3777 5546 ejus;
3810 5480 3865 5553 ut

2265 5552 2340 5607 illi
2373 5546 2464 5619 qui
2491 5546 2835 5619 spectatores
2855 5560 2981 5606 sunt
3010 5565 3162 5613 stzem
3192 5549 3424 5603 habeant
3448 5547 3658 5605 salutis.
3691 5556 3745 5600 et
3773 5546 3862 5617 qui

2267 5619 2587 5677 insidiantur
2611 5622 2885 5689 aufugiam
2906 5663 2922 5684 ,
2951 5630 3009 5677 et
3030 5621 3301 5675 hominem
3338 5619 3556 5675 videant
3587 5627 3873 5689 peccatum

2267 5637 2587 5677 msmtantur
2611 5637 2732 5677 antu
2775 5637 2885 5677 tant
2906 5663 2922 5684 ,
2951 5637 3009 5677 et
3030 5637 3301 5675 nominem
3338 5637 3556 5675 vineam
3587 5637 3867 5689 peccatum

2267 5710 2374 5748 non
2401 5694 2708 5749 habentem.
2735 5637 3042 5760 Erubesce,
3068 5692 3281 5747 diabolo
3308 5710 3323 5748 :
3355 5694 3460 5748 hoc
3483 5706 3610 5746 caro
3636 5698 3740 5752 est,
3767 5687 3867 5760 hoc

2266 5780 2463 5834 corpus
2491 5775 2609 5832 est,
2653 5764 2797 5835 quod
2842 5765 3102 5820 Dominus
3140 5778 3294 5820 meus
3336 5763 3517 5820 habet.
3560 5760 3704 5835 _lde_o
3757 5759 3864 5814 eir~

2269 5830 2507 5893 euntibat
2548 5830 2764 5905 setnper
2785 5836 2970 5892 dicens
3006 5854 3020 5890 :
3064 5837 3118 5893 Si
3142 5835 3309 5891 lidius
3339 5836 3430 5894 Det
3454 5844 3538 5888 est
3560 5832 3646 5887 hic
3668 5830 3828 5885 homo
3850 5869 3862 5887 .

2272 5909 2541 5982 quomodo
2569 5922 2676 5966 non
2719 5909 2944 5980 peccat?
2971 5924 3179 5987 omnes,
3205 5907 3293 5963 alii
3337 5906 3436 5964 sub
3467 5911 3877 5978 peccatosuut.
