4194 6504
544 398 609 452 57
1881 393 2126 451 SPURIA

2238 390 2498 450 ΙτΕΟΑΜ.
3745 397 3816 456 33

538 517 933 593 meusditertm,
963 518 1015 571 in
1039 531 1136 586 quo
1163 512 1298 593 mihi
1308 528 1420 593 _com
1428 510 1619 581 placui.
1650 511 1804 581 Stepe
1834 512 1994 593 igitur
2015 510 2118 565 Pa-

541 598 624 640 ter
664 588 854 642 Filium
900 584 1223 655 nuncupavit
1249 584 1415 638 lilium
1456 598 1610 655 suum
1639 624 1655 647 ,
1684 593 1867 655 utpote
1904 584 2118 655 unicum

541 658 707 711 tilium
735 699 750 723 ,
795 668 849 712 et
899 673 1027 712 \oce
1069 651 1220 725 quasi
1281 670 1439 707 manu
1486 652 1727 723 designat
1756 651 2118 722 Unigeuitum,

542 741 761 798 propter
797 742 891 783 eos
938 727 1028 796 qui
1056 735 1332 798 conantur
1369 740 1397 777 a
1444 725 1628 798 Patre‘
1649 725 1794 778 illum
1844 738 2121 790 separare.

544 792 761 867 propter
789 813 881 852 eos
908 792 997 866 qni
1036 796 1221 852 dicunt
1250 797 1301 850 in
1334 805 1574 862 tempore
1605 792 1946 867 factumesse
1973 807 2119 854 eum,

540 865 763 938 Quincti
792 877 877 923 est
909 865 1283 936 temporanens
1309 882 1323 928 ;
1358 874 1576 934 propter
1601 879 1694 918 eos
1734 865 1821 932 qtti
1861 873 2123 942 creatura:

544 945 900 1011 adnumerant
924 950 1193 1011 auctorem
1222 946 1513 1011 creaturae;
1558 944 1773 1003 pr0pter
1815 949 1909 988 eos
1949 948 2039 1002 qut
2072 948 2123 1011 tn

542 1009 857 1062 servitutem
908 1008 1230 1081 redegerunt
1271 1006 1648 1081 liberatorem;
1672 1014 1889 1081 propter
1915 1018 2007 1057 eos
2034 1006 2129 1081 qui

540 1078 704 1148 alium
745 1071 1262 1148 conlingnnttilimn.
1296 1075 1422 1130 Ideo
1465 1090 1605 1148 saepe
1640 1071 1994 1148 testificatur;
2026 1071 2125 1124 Hic

545 1159 618 1200 est
640 1147 811 1202 Filius
837 1144 977 1202 mens
1008 1147 1243 1210 dilectus,
1272 1164 1323 1198 ιιι
1345 1162 1444 1216 quo
1474 1145 1903 1216 mihicomplacui
1943 1144 2122 1213 (Joan.

544 1218 590 1272 Χ
612 1259 629 1282 ,
658 1219 729 1275 '50
758 1236 775 1283 ;
808 1218 999 1282 XIV,9
1033 1234 1047 1282 ;
1080 1216 1148 1278 Χ,
1181 1218 1289 1282 38;
1343 1214 1461 1270 XIV
1483 1257 1496 1278 ,
1551 1214 1644 1284 28)
1677 1233 1688 1268 :
1722 1219 1890 1280 ipsum
1932 1216 2122 1267 audite.

544 1290 600 1343 Si
628 1289 802 1351 dicat,
835 1287 949 1358 Ego
982 1286 1212 1358 etrl’ater
1237 1304 1393 1340 unum
1419 1303 1626 1358 sumus;
1648 1287 1696 1358 _si
1722 1285 1863 1342 dicat
1881 1286 2024 1358 ,_Qui
2053 1286 2126 1358 vi-

543 1360 628 1412 det
654 1376 752 1424 me,
783 1355 914 1412 uidet
941 1368 987 1411 et
1023 1357 1266 1422 Patrem,
1290 1366 1375 1418 et,
1420 1356 1527 1426 It'go
1556 1359 1607 1409 in
1638 1355 1791 1409 Patre
1815 1367 1862 1409 et
1892 1355 2046 1426 Pater
2074 1357 2131 1409 in

543 1445 625 1483 me
651 1439 724 1481 est
743 1470 758 1491 ,
787 1429 958 1495 ipsmn
1005 1429 1183 1481 audite
1215 1444 1227 1478 :
1257 1427 1301 1496 si
1338 1425 1480 1480 dicat
1503 1468 1517 1489 ,
1556 1427 1654 1493 Qui
1683 1427 1818 1479 misit
1845 1443 1924 1479 me
1950 1425 2124 1496 Pater,

544 1502 711 1569 major
739 1515 818 1552 me
844 1509 916 1552 est
952 1497 970 1568 (
993 1498 1175 1551 Matth.
1226 1495 1418 1560 XXVI,
1444 1496 1548 1569 28)
1572 1514 1586 1551 :
1616 1498 1931 1569 (neutrumne
1957 1498 2128 1553 admi-

543 1566 735 1625 retinui
786 1566 1279 1636 attemperationem
1325 1569 1411 1620 :si
1454 1568 1637 1639 dicat,
1676 1566 1789 1639 Hoc
1833 1578 1905 1620 est
1947 1584 2131 1639 corpus

546 1656 712 1692 meum
735 1680 750 1702 ,
781 1649 829 1692 et
856 1639 1063 1709 sanguis
1092 1640 1175 1706 qui
1207 1654 1298 1704 pro
1338 1639 1509 1709 multis
1538 1637 1827 1709 e/fundetur
1862 1639 1915 1709 in
1957 1637 2132 1693 remis-

546 1711 738 1763 sionem
768 1707 1115 1779 peccatorum,
1145 1709 1314 1775 ipsum
1351 1708 1550 1764 audite.
1591 1708 1838 1779 Nonlioc
1861 1707 1990 1762 dicit
2015 1725 2133 1763 car-

548 1797 669 1834 nem
702 1799 729 1831 a
760 1781 957 1833 dt-itate
984 1793 1272 1848 separatis;
1305 1793 1431 1831 caro
1457 1778 1598 1833 enim
1631 1780 1681 1832 in
1713 1778 1796 1832 his
1823 1780 1998 1833 verbis
2024 1797 2130 1835 non

548 1861 830 1920 separatur
860 1868 873 1904 :
902 1851 1097 1920 etenim
1115 1865 1233 1917 qua:
1255 1849 1319 1902 ad
1346 1863 1541 1917 corpus
1569 1852 1857 1918 pertinent,
1880 1860 2005 1904 sunt
2030 1852 2138 1905 dei-

549 1919 709 1986 tatis;
742 1929 796 1974 et
831 1936 950 1989 quae
984 1919 1049 1973 ad
1080 1920 1329 1972 deitatem
1365 1919 1654 1986 pertinent,
1703 1927 1830 1974 sunt
1867 1923 2128 1983 corporis,

549 2006 725 2058 neque
780 1990 999 2043 alterius
1044 1990 1352 2058 cujusquam
1394 1999 1586 2058 praeter
1642 1993 1837 2058 ipsum.
1874 1990 1928 2045 Si
1968 1992 2130 2054 dicat,

549 2060 735 2131 Tristis
765 2071 836 2113 est
857 2062 1029 2113 anima
1057 2076 1166 2112 mea
1184 2075 1341 2131 usque
1363 2061 1431 2131 ad
1452 2071 1661 2113 mortem
1682 2059 1896 2131 (Matth.
1940 2060 2130 2128 XXVI,

549 2128 661 2201 38),
696 2140 945 2198 tanquam
965 2128 1469 2201 inreprehensibiles
1491 2128 1700 2184 nostras
1728 2133 2001 2199 passiones
2033 2135 2131 2187 sibi

551 2199 903 2255 vindicantem
936 2202 1104 2269 ipsum
1137 2199 1337 2253 audite.
1376 2199 1533 2255 Nulla
1570 2202 1711 2255 enim
1747 2213 1829 2254 est
1867 2206 2134 2270 separatio

550 2273 729 2325 carnis
755 2280 810 2325 et
856 2271 1069 2326 deitatis
1096 2286 1110 2324 :
1142 2271 1320 2323 omnia
1365 2274 1560 2339 quippe
1606 2281 1660 2325 et
1698 2272 1762 2324 ad
1795 2272 2048 2325 deitatem
2081 2282 2137 2327 et

551 2341 619 2395 ad
650 2342 1029 2397 humanitatem
1083 2339 1399 2409 pertinentia
1447 2341 1533 2394 uni
1581 2356 1821 2409 personae
1862 2345 2134 2410 unica-.qne

554 2412 866 2466 substantiae
886 2421 940 2466 et
969 2425 1172 2465 natura:
1202 2410 1459 2465 incarnati
1490 2411 1581 2464 Dei
1608 2413 1774 2465 thSlri
1801 2411 1927 2466 Jesu
1953 2412 2137 2468 Cltris-

557 2482 595 2536 ti
616 2482 930 2551 apponiuius
969 2494 1024 2536 et
1052 2480 1407 2551 assignamus.
1435 2481 1562 2534 llzec
1581 2497 1611 2534 a
1638 2481 1749 2534 Deo
1774 2490 1828 2535 et
1856 2483 2013 2538 Patre
2042 2500 2134 2538 sn-

553 2568 675 2607 mus
704 2552 877 2607 edocti
911 2571 923 2606 :
959 2552 1074 2606 lizec
1104 2555 1172 2605 ab
1204 2551 1476 2623 unigenito
1510 2551 1604 2623 Dei
1637 2551 1772 2607 Filio
1799 2567 1894 2623 per
1918 2554 2133 2609 institu-

557 2624 756 2677 tionem
799 2624 1105 2691 aceepinms
1138 2639 1149 2673 :
1188 2622 1253 2674 ad
1284 2621 1396 2675 [nec
1424 2637 1455 2675 a
1493 2622 1693 2689 Spiritu
1728 2621 1914 2677 sancto
1939 2623 2136 2680 fuimus

556 2693 747 2747 ittitiati
782 2710 796 2747 :
826 2694 940 2747 lt=ec
969 2708 998 2746 a
1026 2691 1191 2745 sacris
1214 2692 1503 2761 Scripturis
1529 2694 1799 2746 enuntiata
1826 2702 1949 2747 sunt
1978 2713 1991 2747 :
2020 2695 2135 2750 haec

550 2778 583 2816 ιι
609 2764 807 2835 sanctis
834 2763 1074 2835 Patribus
1095 2770 1220 2835 sunt
1241 2761 1543 2830 praedicata.
1582 2761 1707 2835 Haec
1733 2764 1909 2833 itaque
1928 2768 2137 2835 accepi-

552 2848 695 2898 mus,
716 2833 831 2886 haec
845 2832 1145 2895 didicimus,
1175 2833 1289 2886 haec
1308 2841 1601 2888 teneamus.
1619 2833 1727 2887 Cur
1741 2832 2135 2893 temerecontra

555 2919 654 2957 nos
701 2903 926 2959 invicem
970 2903 1303 2972 pugnamus?
1331 2918 1427 2956 cur
1456 2918 1553 2958 nos
1596 2914 1782 2958 mutuo
1812 2905 2136 2962 insectantur

552 2972 695 3027 bello
714 3014 735 3046 _,
761 2973 855 3046 qui
904 2975 1063 3027 etiam
1089 2973 1231 3046 _odio
1278 2972 1538 3046 habentes
1581 2974 1832 3046 jnbemur
1871 2976 2135 3046 diligere?

551 3058 649 3114 cur
687 3043 861 3114 tidem
909 3042 1256 3098 amandantes
1293 3084 1309 3111 ,
1354 3042 1645 3099 artiticiuse
1688 3042 2022 3114 disputamus
2066 3049 2135 3105 de

554 3112 701 3168 tide‘l
727 3115 941 3185 genitus
960 3123 1063 3176 est,
1091 3129 1195 3167 non
1224 3123 1306 3168 est
1334 3115 1546 3184 genitus
1569 3131 1582 3179 ;
1609 3112 1798 3183 passus
1819 3126 1922 3183 est,
1949 3127 2001 3171 at
2026 3134 2133 3175 non

552 3195 634 3237 est
688 3199 908 3253 passus;
951 3186 1240 3238 resurrexit
1266 3224 1281 3249 ,
1315 3196 1368 3238 at
1416 3199 1520 3238 non
1570 3186 1881 3239 resurrexit.
1910 3188 2018 3243 Cur
2045 3206 2134 3246 re-

550 3254 887 3323 demptorem
915 3256 966 3308 in
991 3253 1079 3323 jtts
1111 3253 1399 3309 vocamus?
1428 3269 1526 3308 cur
1545 3272 1573 3308 a
1596 3254 1940 3312 benefactore
1966 3261 2132 3316 ratio-

552 3339 649 3396 nes
688 3324 1067 3396 deposctmus?
1096 3324 1271 3380 Semel
1301 3324 1507 3379 libitum
1541 3334 1625 3380 est
1661 3325 1709 3379 ei
1735 3367 1749 3389 ,
1781 3337 1835 3382 et
1876 3329 2011 3383 sicut
2036 3346 2132 3384 vo-

553 3394 649 3448 luit
673 3394 889 3450 advenit
925 3406 980 3450 et
1009 3411 1198 3464 passus
1233 3405 1315 3448 est
1344 3405 1399 3451 et
1436 3406 1678 3449 mortuus
1705 3406 1825 3462 est;
1861 3412 1926 3453 ac
1955 3415 2135 3454 resur-

550 3469 708 3526 rexit.
735 3477 785 3520 et
814 3467 1054 3521 ascendit
1074 3467 1125 3519 in
1154 3465 1342 3531 caelos,
1371 3479 1425 3521 et
1454 3467 1625 3520 veniet
1648 3466 1889 3536 judicare
1912 3470 2060 3525 vivos
2080 3483 2135 3525 et

550 3545 810 3599 mortuos,
835 3546 990 3604 prout
1019 3537 1200 3605 etjam
1243 3537 1424 3603 venit,
1454 3552 1556 3590 una
1590 3553 1709 3591 cmn
1739 3538 1906 3593 forma
1928 3551 2130 3601 nostra.

548 3605 666 3659 Non
707 3607 850 3660 enim
883 3609 1017 3660 hanc
1046 3608 1212 3674 exuit,
1237 3623 1392 3675 quam
1419 3618 1622 3661 tantum
1658 3609 1843 3663 dilexit
1873 3627 1886 3663 :
1919 3627 2022 3665 non
2049 3628 2135 3666 re-

551 3675 707 3744 liquit
760 3677 812 3730 in
872 3679 1121 3747 sepulcro
1168 3678 1409 3746 corporis
1450 3678 1531 3731 sui
1576 3680 2006 3747 operimentum;
2038 3682 2132 3737 sed

550 3747 628 3817 sic
660 3761 846 3817 rursus
875 3749 1048 3801 veniet
1088 3746 1250 3815 judex
1300 3749 1541 3802 vivorum
1582 3746 1637 3803 et
1675 3759 2046 3817 mortuorum;
2077 3767 2132 3807 ut

549 3816 722 3888 videat
753 3815 917 3888 Judas
943 3834 1226 3888 qnetnnam
1272 3818 1553 3873 homicidis
1584 3819 1790 3873 Domini
1817 3815 2128 3888 tradiderit;

550 3896 609 3940 ut
640 3886 1041 3960 Vidttagllldlltlwi
1069 3889 1207 3960 quod
1236 3900 1394 3958 caput
1415 3889 1583 3957 Spinis
1610 3892 2023 3957 coronaverint;
2054 3886 2128 3960 ut,

548 3972 669 4011 cum
712 3958 1087 4012 videriuteum
1130 3958 1183 4011 in
1230 3959 1421 4013 throno
1456 3960 1691 4028 judicent
1739 3963 2012 4017 sedentem
2038 3958 2132 4028 ,et

546 4028 868 4083 cbernbinos
907 4030 1328 4098 seraphinosque
1376 4044 1498 4083 cum
1541 4030 1732 4084 timore
1779 4041 1833 4085 et
1897 4044 2130 4091 ll't‘nIUl'B

548 4098 842 4167 adstantes,
871 4110 925 4154 et
953 4100 1220 4164 dixerint,
1253 4100 1361 4154 Nos
1402 4114 1508 4154 non
1554 4098 1696 4155 lnmc
1733 4104 2128 4172 crucitiximus;

1847 4246 2049 4257 ——_—

2225 508 2390 563 alium
2430 508 2737 578 quempiam
2776 509 2961 564 Iesum
2991 508 3325 564 Nazarenam
3372 510 3812 569 Bctlileliemitatn

2225 580 2734 643 condemnavinuts;
2780 582 3030 634 ostendat
3060 580 3161 634 illis
3210 581 3345 635 latus
3395 592 3450 638 et
3492 583 3704 639 videant
3759 587 3811 641 in

2225 665 2385 718 quem
2404 652 2804 715 translixerunt,
2827 664 2911 715 ac,
2940 650 3021 704 vel
3052 652 3226 718 inviti,
3251 654 3479 708 adorent
3508 654 3678 708 illum.
3708 658 3813 709 Cur

2224 711 2373 785 ergo,
2409 721 2570 774 missa
2596 722 2723 787 title,
2754 711 2874 775 cum
2898 711 3128 775 artiﬁcio
3174 723 3549 777 ratiocinamur
3586 725 3653 778 de
3681 727 3811 785 tide.

2224 804 2323 842 cur
2375 791 2674 865 communis
2702 791 2917 865 _initnici
2949 791 3273 865 desiderium
3309 793 3613 862 impletmts.
3655 795 3813 865 Cogi-

2229 869 2345 933 tans
2374 862 2525 933 enim
2539 859 2805 933 diabolus,
2830 861 3046 915 humani
3084 862 3296 932 generis
3340 859 3640 933 corruptor,
3675 859 3813 929 quod

2227 930 2586 1001 sitranquille
2632 932 2790 984 vitam
2837 945 3056 999 agamus
3079 930 3107 996 ,θ
3127 933 3295 1001 pietas
3321 930 3533 989 tlorebit
3560 977 3575 998 ,
3608 939 3652 989 si
3683 936 3816 992 lides

2228 999 2465 1068 fulgeat,
2493 1001 2647 1074 beata
2666 999 3143 1074 vitaprievalebit,
3171 1019 3235 1058 ac
3261 1019 3419 1057 Cursu
3447 1008 3532 1074 pio
3561 1022 3817 1074 prospere

2230 1081 2446 1137 peracto
2470 1112 2484 1133 ,
2515 1070 2736 1125 felicitas
2776 1070 2849 1125 ita
2898 1073 3200 1128 viventibus
3239 1070 3499 1139 accedet,
3543 1070 3815 1131 Creatoris

2228 1141 2384 1193 amici
2414 1143 2824 1205 constituentur,
2856 1151 2913 1195 et
2940 1144 3006 1194 ad
3028 1143 3385 1199 desideratmn
3428 1145 3573 1199 illum
3600 1164 3813 1203 sursum

2235 1225 2577 1265 accurremus
2600 1252 2615 1273 ,
2648 1222 2704 1266 ut
2733 1212 2857 1265 illuc
2897 1212 3036 1267 unde
3087 1214 3132 1267 is
3178 1215 3377 1269 decidit
3420 1217 3813 1273 ascendamus:

2236 1281 2411 1335 videte
2441 1282 2564 1349 quid
2606 1280 2733 1336 fecit
2756 1323 2770 1344 ,
2816 1293 2869 1337 et
2898 1299 3057 1351 quam
3082 1293 3257 1339 astute
3298 1295 3354 1339 et
3390 1287 3572 1341 dolose
3615 1287 3816 1344 bellum

2230 1352 2514 1405 adversum
2545 1368 2641 1406 nos
2668 1368 2951 1421 apparavet
2967 1352 3028 1418 it,
3054 1355 3312 1408 malorum
3339 1358 3657 1413 artiticiosus
3689 1376 3818 1414 con-

2231 1423 2528 1474 Sareinator
2552 1462 2567 1485 ,
2598 1431 2652 1476 et
2686 1425 2899 1489 sapiens
2947 1424 2997 1476 in
3058 1422 3332 1479 fraudibus
3364 1467 3379 1489 ,
3407 1438 3462 1482 et
3509 1428 3562 1482 in
3607 1429 3817 1485 insidiis

2233 1506 2293 1542 va
2305 1492 2503 1567 rius,et
2525 1492 2674 1567 dives
2698 1494 2750 1567 in
2770 1493 3208 1567 machinamentis
3228 1496 3382 1550 malis
3405 1514 3418 1549 :
3439 1498 3695 1567 quosdam
3716 1516 3815 1567 ap-

2235 1566 2440 1640 paravit
2465 1564 2639 1640 qni_in
2670 1563 2878 1640 pietatis
2898 1565 3084 1640 _Specie
3113 1566 3400 1640 militarent
3424 1609 3439 1633 ,
3457 1563 3524 1622 'et
3551 1563 3818 1640 disquisi—

2238 1632 2434 1685 tionetn
2458 1633 2577 1707 tidei
2607 1646 2793 1707 contra
2839 1634 2996 1689 tidem
3029 1637 3253 1707 armavit
3281 1654 3295 1690 :
3328 1632 3534 1707 piisque
3569 1632 3817 1695 ciuilibus

2234 1702 2593 1777 contentionis
2615 1705 2917 1777 cupidinem
2960 1704 3154 1760 animae
3197 1702 3580 1776 eorruptricem
3614 1711 3815 1777 injecit,

2235 1773 2586 1851 οιβςοιθειιε
2623 1775 2861 1839 membra
2885 1785 3069 1833 contra
3109 1792 3180 1851 _se
3227 1773 3453 1851 iuvit-em
3498 1782 3551 1834 in
3580 1773 3698 1837 acie
3722 1773 3817 1851 po;

2236 1842 2382 1921 snit,
2415 1854 2473 1897 ut
2499 1846 2663 1921 risum
2718 1861 2964 1913 magnum
3016 1847 3322 1921 emitteret,
3349 1849 3535 1904 videns
3583 1866 3676 1906 eos
3722 1842 3816 1921 qui

2237 1913 2402 1980 ipsius
2434 1916 2672 1969 consiliis
2702 1925 2978 1991 uterentur
3006 1917 3073 1971 ab
3102 1918 3216 1991 ipso
3242 1919 3477 1984 delusos,
3514 1936 3712 1991 perque
3731 1913 3815 1981 ea.

2236 2000 2355 2051 quae
2379 1996 2563 2039 contra
2593 2001 2652 2040 se
2682 1997 2865 2040 mutuo
2892 1986 3148 2057 facerent,
3171 1989 3341 2056 ipsum
3369 1986 3716 2057 delectantes,
3737 2006 3812 2054 et,

2238 2068 2475 2128 nepost
2528 2057 2787 2109 malorum
2842 2055 3057 2128 quidem
3110 2055 3516 2128 experientiam,
3548 2055 3818 2117 auctorem

2238 2126 2968 2198 malurnm_cognoscentes.
3000 2127 3108 2182 Nos
3139 2126 3296 2198 igitur
3326 2141 3599 2186 vertamus
3632 2144 3818 2187 contra

2236 2204 2397 2272 caput
2421 2195 2738 2272 sceleratum
2764 2197 2977 2272 idqnod
3006 2195 3178 2272 ipsum
3204 2200 3454 2267 delectat,
3482 2202 3702 2272 ejusque
3729 2204 3817 2259 lae-

2240 2263 2408 2318 titiam
2434 2278 2699 2321 mutemus
2721 2267 2771 2320 in
2798 2263 3036 2324 dolorem
3058 2280 3110 2323 et
3133 2271 3330 2323 luctum
3349 2263 3817 2328 inconsolabilem:

2238 2335 2609 2413 desideremus
2635 2352 2841 2413 pacem,
2873 2354 3031 2413 quam
3062 2340 3172 2392 odit
3202 2341 3291 2413 ille
3318 2356 3333 2393 :
3359 2341 3667 2397 desinamus
3689 2344 3821 2413 dog-

2241 2405 2400 2458 matis
2446 2408 2606 2461 verba
2652 2406 2719 2460 ad
2770 2405 3019 2462 trutinam
3047 2411 3357 2465 examinare
3388 2431 3401 2465 :
3436 2428 3503 2466 ne
3533 2414 3665 2467 ultra
3693 2405 3824 2469 Velvi-

2238 2490 2359 2530 mus
2382 2477 2660 2533 doctorum
2692 2487 2995 2532 nostrorum
3024 2494 3144 2535 esse
3162 2480 3411 2538 doctores
3443 2500 3455 2534 :
3481 2483 3605 2537 odio
3627 2483 3823 2539 habea-

2239 2560 2358 2598 mus
2388 2549 2783 2603 controversias
2815 2548 2933 2603 illas
2961 2551 3028 2602 ad
3057 2552 3387 2606 audientium
3431 2554 3766 2609 eversiOnem
3803 2575 3818 2609 :

2238 2616 2517 2691 credamus
2548 2629 2603 2671 ιιι
2641 2629 2817 2686 patres
2849 2619 3199 2677 tradiderunt.
3228 2621 3342 2677 Non
3369 2639 3553 2677 sumus
3584 2626 3822 2691 patribus

2238 2688 2614 2754 sapientiores,
2643 2704 2748 2743 non
2781 2704 2966 2743 sumus
3010 2692 3277 2761 magistris
3307 2696 3502 2749 nostris
3530 2688 3827 2749 accuratio-

2238 2771 2347 2822 res,
2377 2774 2483 2813 non
2523 2773 2709 2814 smnus
2739 2770 3008 2828 pastorum
3040 2772 3281 2831 pastores
3304 2805 3320 2829 ,
3351 2766 3445 2819 sed
3497 2780 3626 2820 oves
3654 2783 3669 2817 :
3715 2781 3821 2819 nun

2240 2839 2463 2895 pascunt
2505 2845 2633 2884 oves
2664 2838 2903 2903 pastores
2931 2846 3057 2887 suos
3087 2848 3102 2897 ;
3132 2832 3225 2887 sed
3256 2843 3518 2903 pastores,
3546 2849 3692 2889 oves.
3743 2838 3824 2890 Ad

2238 2914 2424 2968 pacem
2460 2914 2558 2955 nos
2608 2904 2816 2954 vocavit
2869 2900 3013 2956 Deus
3037 2942 3052 2967 ,
3085 2918 3190 2956 non
3237 2900 3302 2957 ad
3332 2900 3543 2969 rixam;
3567 2916 3626 2959 ιιι
3651 2908 3824 2960 vocati

2238 2983 2442 3046 sumus,
2472 2970 2542 3023 ita
2572 2985 2904 3046 maneamus.
2928 2972 3056 3046 Cum
3072 2982 3304 3046 tremore
3328 2990 3825 3046 revereamurmyse

2240 3039 2397 3114 ticam
2420 3055 2656 3094 mensam
2677 3081 2693 3104 ,
2724 3042 2917 3114 in‘qua
2940 3043 3234 3097 caelestium
3263 3047 3638 3113 mysteriorum
3670 3039 3823 3114 parti-

2237 3113 2386 3179 cipes
2408 3125 2594 3165 sumus
2625 3127 2638 3163 :
2671 3125 2737 3164 ne
2758 3111 2926 3164 simus
2954 3122 3140 3166 contra
3169 3128 3268 3168 nos
3295 3111 3438 3182 ipsos
3468 3111 3822 3171 mensaa'con-

2238 3191 2435 3246 sortes,
2457 3190 2509 3233 et
2539 3182 2695 3235 nobis
2735 3193 2920 3235 mutuo
2946 3182 3258 3237 insidiantes
3290 3201 3304 3238 :
3330 3198 3398 3239 ne
3438 3188 3525 3240 hic
3548 3189 3819 3241 communi

2238 3265 2439 3325 mensa
2466 3249 2704 3325 _fruentes
2730 3292 2745 3317 ,
2775 3259 2829 3305 et
2877 3262 3037 3325 extra
3060 3253 3191 3308 rixis
3219 3254 3385 3310 dediti
3417 3272 3429 3309 :
3460 3271 3528 3310 ne
3569 3255 3656 3312 hic
3683 3257 3824 3325 ejus-

2236 3320 2358 3392 dem
2409 3319 2530 3392 tidei
2555 3332 2650 3387 ,et
2691 3330 2840 3376 extra
2884 3323 3195 3392 alienigena:
3223 3343 3239 3379 :
3264 3341 3332 3379 ne
3371 3326 3438 3381 de
3485 3327 3638 3381 nobis
3664 3319 3822 3382 etiam

2237 3390 2381 3444 dicat
2406 3389 2648 3448 Christus
2680 3410 2694 3447 :
2727 3391 2893 3447 Filios
2921 3389 3079 3463 genui
3107 3404 3160 3448 et
3185 3397 3403 3449 exaltari
3442 3406 3491 3450 et
3516 3399 3728 3451 enutrivi
3759 3414 3824 3451 ex

2237 3474 2400 3515 Carne
2427 3476 2548 3538 mea
2571 3503 2584 3526 ,
2615 3464 2712 3534 ipsi
2752 3480 2867 3538 vero
2914 3474 3204 3532 spreverunt
3232 3482 3328 3519 me.
3364 3466 3481 3536 Ipse
3509 3483 3686 3538 autem
3710 3468 3827 3523 Ser-

2238 3533 2669 3607 vatoromnium,
2693 3536 3067 3607 pacisauctor,
3097 3545 3334 3591 motuum
3366 3533 3596 3607 bellique
3618 3535 3821 3591 amato-

2238 3618 2350 3675 rem
2379 3602 2647 3658 diabolum
2677 3602 2706 3658 ιι
2742 3605 2894 3661 vobis
2932 3606 3165 3673 depellat
3192 3624 3205 3659 :
3236 3608 3350 3675 ipse
3379 3602 3538 3663 etiam
3570 3608 3825 3663 Ecclesiis

2238 3674 2349 3726 suis
2377 3676 2815 3748 tranquillitatem
2845 3677 3096 3748 conciliet
3124 3718 3139 3741 ,
3169 3674 3282 3745 ipse
3310 3692 3519 3732 sacrum
3547 3678 3688 3733 hunc
3714 3694 3829 3748 gre-

2237 3759 2355 3813 gem
2384 3757 2687 3811 conservet,
2717 3746 2831 3814 ipse
2858 3747 3033 3815 gregis
3060 3748 3343 3814 praesidem
3371 3751 3637 3803 custodiat
3664 3789 3679 3811 ,
3712 3746 3828 3816 ipse

2244 3820 2385 3879 pium
2438 3825 2493 3868 et
2539 3816 2744 3887 Christi
2818 3824 3088 3887 amantem
3153 3818 3527 3887 imperatorem
3583 3829 3827 3874 nostrum

2239 3893 2450 3958 tueatur
2491 3901 2503 3936 :
2536 3885 2650 3954 ipse
2696 3887 2746 3958 in
2784 3886 2966 3939 caulas
2994 3900 3119 3939 suas
3149 3885 3390 3958 errantes
3431 3904 3560 3944 oves
3585 3890 3822 3958 Colligat.

2243 3953 2310 4027 Ut
2337 3955 2429 4021 [iul
2457 3953 2613 4008 unum
2642 3957 2769 4009 ovile
2791 3966 2839 4009 et
2880 3972 3010 4027 unus
3032 3967 3222 4027 pastor,
3253 3957 3306 4011 in
3337 3958 3550 4013 Christo
3579 3953 3828 4015 Jesu'Do-

2238 4025 2383 4079 mino
2414 4035 2619 4094 nostro,
2647 4029 2731 4082 cui
2761 4026 2926 4097 gloria
2950 4027 3003 4081 in
3033 4025 3231 4082 secula
3273 4030 3599 4084 seculorum.
3628 4036 3820 4084 Amen.

551 4310 634 4372 X.
681 4330 992 4388 EIUSDEM,
1039 4332 1099 4374 IN
1146 4331 1487 4377 EVANGELII
1530 4331 1799 4391 DICTUM,
1847 4336 1929 4377 ΕΤ
1974 4339 2058 4380 DE
2102 4339 2542 4397 VIBGINITATE,
2588 4340 2671 4381 ET
2711 4337 2920 4382 SERMO
2962 4337 3408 4381 HOBTATORIUS
3472 4338 3558 4381 AD
3604 4339 3828 4385 LAPSAS

2032 4440 2350 4486 VIRGINES.

622 4584 832 4641 Nullum
884 4585 1108 4652 aenigma
1169 4583 1387 4638 tradidit
1434 4598 1612 4654 sermo
1655 4583 1743 4638 Dei
1810 4586 2134 4654 inconsulto,

551 4659 635 4711 vel
689 4673 716 4709 a
763 4656 934 4710 salute
982 4651 1162 4709 nostra
1214 4656 1469 4711 alienum.
1518 4651 1668 4709 Unde
1727 4671 1854 4710 vero
1903 4651 2133 4712 tuentetn

553 4743 724 4781 meam
760 4726 1046 4794 explicem,
1082 4725 1387 4793 frequenter
1416 4724 1667 4792 cogitavi,
1698 4735 1751 4778 et
1792 4743 1901 4779 rem
1944 4729 2136 4782 exami-

553 4799 697 4862 navi,
728 4809 785 4851 ιιι
814 4797 1046 4851 viderem
1077 4797 1200 4865 quid
1230 4796 1339 4865 sibi
1363 4795 1492 4848 velit
1520 4794 1648 4847 illutl
1680 4796 1818 4864 quod
1849 4814 1876 4848 a
1910 4797 2136 4853 Domino

551 4869 748 4923 dicitur
774 4869 824 4920 in
853 4864 1158 4938 Evangelia.
1180 4864 1374 4938 Multis
1401 4865 1541 4938 enim
1583 4865 1748 4938 multa
1797 4882 1888 4935 per
1909 4869 2134 4934 parabo-

555 4940 657 4991 lam
708 4940 913 4992 locutus
947 4935 1029 4991 est
1056 4976 1071 4999 ,
1103 4937 1221 4989 aliis
1258 4935 1493 4988 difﬁcilia
1537 4936 1980 5002 explicans,’aliis
2010 4955 2138 4994 vero

554 5008 798 5062 revelatis
825 5022 888 5061 ea
912 5022 1029 5076 qna:
1054 5007 1204 5059 nobis
1231 5005 1521 5076 clarasnnt
1544 5046 1558 5069 ,
1590 5019 1709 5058 cum
1739 5008 1805 5060 de
1835 5010 2005 5063 salute
2028 5025 2138 5063 ver-

556 5080 619 5133 ba
651 5078 774 5132 facit
802 5117 821 5145 ,
852 5073 1033 5144 utpote
1063 5077 1233 5148 bonos
1278 5087 1330 5128 et
1384 5073 1654 5148 liomnimn
1682 5091 1906 5148 amans,
1943 5081 2140 5148 perspi-

556 5165 713 5202 cuum
766 5157 820 5219 et
861 5163 965 5219 non
1015 5144 1542 5219 cotifusmntradidit
1592 5144 2138 5219 mttigmatutn'speci-

557 5234 716 5280 men;
747 5217 937 5271 alicubi
985 5214 1197 5283 quidem
1231 5214 1382 5268 nobis
1409 5230 1438 5267 a
1471 5216 1629 5270 rebus
1678 5214 2122 5285 quotidianis'ser

559 5290 731 5342 innuis
772 5289 875 5339 vim
932 5285 1201 5353 esplicare
1247 5285 1575 5351 valentibus;
1624 5286 1818 5341 alicubi
1866 5305 1992 5343 vero
2025 5301 2079 5344 nt
2107 5306 2135 5345 ιι

560 5365 823 5427 conceptu
861 5370 1077 5427 sensum
1104 5355 1222 5424 ejus
1248 5354 1387 5425 quod
1410 5356 1603 5427 dicitur
1627 5358 1890 5412 ostendat.
1920 5361 2141 5415 Dicebat

562 5426 817 5482 Dominus
848 5442 863 5477 :
898 5426 1124 5496 Angusta
1154 5438 1199 5479 et
1225 5436 1364 5478 arcta
1393 5426 1472 5479 uia
1497 5437 1571 5480 est
1600 5468 1614 5490 ,
1643 5443 1754 5493 qua!
1783 5428 1918 5482 ducit
1966 5432 2033 5483 ad
2068 5433 2141 5484 vi-

560 5512 663 5551 tum
689 5516 711 5558 ,θ
730 5509 778 5549 et
817 5498 965 5566 pauci
995 5506 1113 5548 sunt
1141 5496 1225 5565 qui
1269 5497 1525 5549 inveniunt
1555 5514 1683 5551 eam.
1739 5498 1868 5553 Lata
1897 5510 2064 5554 autem
2094 5510 2141 5555 et

559 5570 785 5626 spatiosa
837 5567 918 5619 via
956 5577 1027 5619 est
1080 5582 1191 5635 quae
1236 5566 1375 5619 ducit
1424 5567 1492 5618 ad
1535 5569 1882 5634 perditionem,
1912 5580 1961 5625 et
1993 5572 2147 5626 multi

563 5648 683 5710 sunt
741 5638 828 5705 qui
879 5638 1093 5710 intrant
1127 5653 1220 5701 per
1280 5654 1395 5710 eant
1465 5636 1695 5710 (Matth.
1733 5638 1843 5703 VII,
1879 5641 1945 5694 M
1971 5681 1986 5703 ,
2031 5643 2140 5710 l5).

565 5708 1024 5780 tjntisteritationis
1049 5716 1129 5780 est
1153 5722 1349 5780 sermo,
1381 5708 1691 5780 ignorantia:
1711 5720 1795 5763 est
1823 5710 2008 5780 ﬁgura.
2036 5708 2144 5766 Clll‘

564 5772 729 5838 dicit,
774 5773 905 5828 Lata
945 5786 1018 5829 est
1068 5779 1146 5829 viu
1191 5778 1259 5831 ad
1299 5772 1667 5846 perditionem?
1710 5772 1956 5835 Christus
2007 5781 2145 5836 hanc

564 5846 708 5904 viam
757 5862 860 5901 non
903 5847 1173 5914 declarat;
1208 5864 1312 5903 non
1342 5851 1482 5904 enim
1527 5864 1620 5919 per
1648 5849 1793 5905 illtnn
1824 5850 1984 5907 [iebat
2018 5852 2139 5907 ista.

2248 4591 2341 4644 Est
2389 4591 2546 4660 igitur
2620 4590 3097 4646 comtniserationis
3161 4590 3404 4657 dictum,
3458 4593 3680 4648 medela:
3748 4607 3828 4651 est

2242 4676 2489 4715 aenigma.

2314 4679 2342 4712 II
2386 4677 2489 4715 Illi].

2312 4677 2380 4785 0g
2401 4732 2822 4786 benevolentiam
2870 4747 2992 4801 erga
3037 4730 3317 4786 homines!
3351 4747 3384 4785 ο
3415 4733 3620 4787 υηιιῖηί
3662 4741 3825 4791 nostri

2240 4803 2459 4855 curam!
2488 4803 2644 4856 simul
2667 4805 3017 4856 etvictoriatn
3049 4812 3103 4856 et
3128 4803 3334 4856 cladem
3367 4808 3633 4872 proponit,
3668 4808 3827 4861 simul

2242 4882 2295 4926 et
2337 4873 2672 4945 clementiam
2704 4882 2777 4927 et
2823 4872 2991 4945 talem
3036 4874 3372 4926 sententiam.
3426 4874 3557 4928 Novi
3584 4915 3598 4934 .
3632 4877 3823 4945 inquit.

2244 4958 2400 5009 quam
2453 4943 2608 4997 labile
2652 4945 2720 4996 sit
2765 4958 2933 5008 genus
2980 4943 3266 4996 humanmn
3302 4984 3315 5005 ,
3346 4959 3502 5012 quam
3535 4943 3822 5013 abjectntn,

2243 5028 2399 5086 quam
2423 5013 2856 5086 inlirtnisocnlis,
2883 5029 3039 5083 quam
3072 5014 3351 5086 lnbricutn,
3377 5031 3533 5082 quam
3562 5031 3824 5086 expugna-

2245 5083 2370 5147 bile,
2400 5100 2555 5152 qnam
2583 5084 2774 5146 debile,
2809 5082 2962 5152 quam
2985 5092 3143 5151 captu
3182 5082 3334 5136 facile
3358 5127 3370 5145 ,
3399 5085 3496 5138 nisi
3527 5082 3647 5139 tide'
3675 5082 3828 5142 tau...

2244 5165 2408 5206 retur.
2434 5154 2647 5208 Audivit
2664 5154 2822 5207 latam
2835 5168 2955 5208 8380
2973 5154 3127 5211 viain.
3154 5163 3209 5207 et
3226 5157 3458 5209 accurrit
3475 5157 3611 5209 sicut
3632 5160 3743 5211 avis
3759 5157 3827 5211 ad

2247 5222 2491 5293 laqueum
2511 5241 2525 5289 ;
2544 5236 2819 5294 angustam
2851 5239 2971 5295 esse
2998 5224 3275 5289 andivit,et
3301 5226 3522 5282 salutem
3556 5227 3704 5295 fugit,
3723 5244 3829 5282 non

2245 5294 2514 5367 eXplorata
2542 5297 2815 5367 utriusque
2845 5294 3087 5367 utilitate.
3108 5295 3270 5348 Lucta
3292 5298 3487 5365 quippe
3511 5294 3825 5367 postulatur,

2245 5373 2342 5435 eta
2364 5364 2538 5419 studio
2560 5365 2727 5435 fugit;
2768 5366 3105 5434 maximeque
3139 5380 3259 5418 cum
3291 5364 3617 5421 a'nditill'ttd:
3657 5368 3831 5421 titulun

2248 5434 2592 5505 tribulatione:
2599 5434 2929 5505 jitstorum,et
2948 5435 3010 5489 de
3024 5435 3254 5489 omnibus
3275 5437 3353 5489 his
3375 5438 3601 5491 liberabit
3615 5454 3698 5492 eos
3721 5437 3828 5491 Do-

2246 5505 2411 5577 minus
2430 5504 2790 5577 (l’s.XXXllI.
2812 5505 2906 5575 ΞΟ)
2930 5524 2941 5558 :
2961 5506 3023 5558 ad
3049 5507 3421 5575 opitulatorem
3448 5524 3550 5561 non
3577 5509 3828 5572 accurrit,

2247 5574 2339 5627 sed
2367 5574 2544 5644 fugant
2574 5578 2802 5646 capessit
2825 5617 2839 5640 ,
2874 5574 3120 5646 ignorans
3144 5593 3202 5630 se
3229 5577 3423 5630 bonmn
3455 5580 3650 5645 lugere,
3673 5579 3830 5633 etde.

2253 5646 2429 5715 teriori
2449 5645 2739 5701 attinere-rc.
2763 5645 2807 5701 Ο
2834 5645 3216 5715 inSipirntiam!
3245 5647 3376 5701 Cum
3409 5649 3831 5711 antlircs,Multa

2251 5714 2597 5786 tribulationes
2619 5717 2877 5786 justorunt
2898 5759 2913 5780 ,
2940 5714 3227 5781 deiecisti,
3271 5735 3301 5769 ο
3334 5718 3521 5772 homo!
3569 5720 3699 5771 (lunt
3732 5738 3831 5770 nuo

2250 5783 2415 5848 diros,
2466 5783 2635 5839 Multo
2676 5788 2882 5858 ﬂagella
2927 5799 3198 5857 peccatoris
3246 5788 3422 5852 (Psol.
3470 5787 3676 5847 XXXI.
3721 5791 3829 5858 10),

2253 5872 2355 5909 noti
2402 5858 2711 5915 tcrrcfactus
2749 5859 2839 5914 es!
2898 5859 3003 5913 itno
3041 5861 3212 5930 potius
3253 5859 3514 5929 ﬂagellum
3563 5860 3780 5918 timuisti
3809 5899 3828 5925 .
