4194 6470
334 417 408 475 48
1713 408 1958 468 SPURIA
2000 407 2335 477 QUEDAM.
3590 413 3654 467 ιι

337 539 404 591 ad
431 547 488 591 te
511 534 796 604 confugio,
828 539 1054 604 propter
1067 528 1289 604 multam
1334 536 1476 604 tuam
1495 527 1777 604 .malorum
1808 529 1948 581 obli-

342 609 561 663 vionem
594 625 608 659 :
641 597 901 673 te'reje'ci,
921 597 971 658 et
991 601 1058 656 ad
1083 610 1134 655 te
1157 597 1430 673 confugio,
1458 598 1528 653 ob
1553 599 1772 651 multam
1790 609 1950 673 __tuam

340 679 646 733 bonitatem
675 684 727 727 et
762 669 981 728 humani
1005 669 1221 741 generis
1249 684 1513 741 amorem,
1557 675 1624 741 et
1647 670 1954 737 supplicans

338 749 521 803 clamo
555 763 568 796 :
615 748 800 799 Averte
835 739 1184 815 faciem'tuam
1214 757 1246 793 a
1272 740 1494 815 peccatis
1531 739 1671 815 meis,
1706 748 1752 790 et
1781 753 1954 815 011m“

341 819 638 888 iniquitates
669 831 812 869 ineas
835 806 973 888 dele.
1023 812 1121 866 Cor
1144 806 1551 888 inunitamﬂcrea
1577 808 1631 888 in
1657 825 1757 888 ine,
1787 806 1949 888 Dleu's,

347 898 395 943 et
421 876 656 959 spiritum
699 895 896 940 rectum
927 885 1110 937 innova
1138 881 1191 935 in
1234 879 1506 959 visceribus
1534 881 1654 959 meis
1684 876 1952 959 (Ρδαέεημζ

353 946 553 1024 11.’12)
589 976 604 1012 z
635 966 866 1027 propter
902 969 1096 1027 nomen
1149 961 1330 1027 tuum,
1372 951 1532 1020 idque
1577 946 1772 1027 solum.
1812 946 1956 1002 Nihil

354 1020 489 1085 enim
518 1020 697 1082 habeo
727 1020 869 1092 quod
915 1023 982 1078 ad
1015 1033 1066 1080 te
1113 1021 1374 1076 afferam:
1403 1035 1510 1075 non
1554 1034 1691 1092 opu_s
1737 1020 1954 1084 bonum,

353 1115 454 1155 non
496 1115 595 1154 cor
624 1089 822 1168 purum
850 1137 866 1160 ,
899 1095 994 1150 sed
1036 1093 1408 1168 eontidensin
1445 1089 1816 1145 miserationes
1844 1099 1959 1168 tuas

349 1185 432 1225 me
455 1160 712 1238 conjic'io,
745 1178 800 1220 ut
818 1167 882 1238 in
915 1180 1001 1238 me
1021 1163 1517 1238 compunctionem
1545 1174 1695 1238 crees
1717 1201 1732 1227 ,
1761 1175 1828 1216 ne
1863 1160 1960 1215 ite-

345 1256 462 1295 rum
497 1231 658 1312 facile
688 1237 921 1312 incidam
953 1237 1006 1312 in
1029 1231 1473 1312 pecc'atuni,_sed
1500 1247 1565 1287 ex
1595 1231 1696 1312 hoc
1721 1241 1960 1312 tempore

347 1313 438 1366 tibi
467 1311 704 1366 serviam
734 1309 797 1382 in_
825 1301 1110 1361 sanctitate
1140 1314 1198 1361 et
1239 1304 1445 1374 justitia
1475 1301 1725 1382 omnibus
1768 1301 1956 1381 diebus

344 1383 470 1436 Viue
501 1395 664 1445 mea,
713 1379 834 1448 quia
864 1385 1014 1433 tuum
1054 1386 1139 1433 est
1179 1390 1402 1445 regnum
1436 1383 1488 1427 et
1517 1379 1751 1442 potentia
1783 1379 1832 1424 in
1879 1390 1959 1417 »ρ-

343 1452 485 1507 cula.
523 1453 721 1506 Amen.

417 1524 672 1578 Obsecro
702 1520 881 1589 itaque
915 1535 1032 1592 vos,
1062 1520 1255 1592 fratres
1279 1516 1404 1576 mei,
1438 1513 1557 1592 haec
1583 1521 1958 1592 exspectantes

343 1593 474 1648 date
519 1606 744 1663 operam
791 1583 850 1644 ut
892 1583 1027 1663 sine;
1054 1588 1263 1663 macula
1312 1597 1366 1640 et
1408 1583 1562 1663 culpa
1610 1583 1957 1663 inveniamiui

341 1663 489 1733 apud
521 1654 674 1734 illum
706 1661 760 1715 in
784 1675 953 1734 pace.
984 1660 1118 1734 cum
1160 1655 1532 1734 malacuiiido
1576 1663 1628 1734 t_e
1659 1654 1952 1734 iuvaserit.

341 1724 557 1805 stringe
583 1732 727 1786 hunc
746 1724 1263 1805 gladium,_boc_esl,
1289 1728 1535 1805 timorem
1580 1724 1670 1805 Dei
1703 1724 1958 1805 inanimo

343 1794 521 1866 habe:
539 1811 594 1858 et
619 1794 838 1856 omniem
871 1800 1067 1854 inimici
1097 1800 1205 1854 vim
1254 1797 1550 1852 rescindes.
1581 1794 1687 1866 Pro
1715 1794 1838 1849 tuba
1864 1808 1960 1847 an-

346 1885 456 1930 tem
491 1874 633 1928 habe
659 1887 844 1926 sacras
870 1871 1178 1940 Scripturas
1209 1887 1222 1923 :
1256 1869 1396 1922 sicut
1429 1867 1571 1940 enim
1603 1865 1728 1940 tuba
1757 1879 1958 1918 canens

345 1945 552 2016 milites
579 1944 743 2016 cogit,
778 1945 850 1996 ita
897 1936 1067 1996 sacrae
1110 1941 1399 2016 Scriptura:
1426 1937 1491 1992 ad
1513 1951 1619 2016 pos
1657 1936 1958 2016 clamantes

342 2015 635 2071 ratiocinia
651 2005 850 2067 Vnostra
894 2009 1185 2082 coguntad
1219 2005 1466 2082 timorem
1513 2005 1628 2061 Dei.
1657 2005 1955 2061 Ratiocinia

344 2087 494 2141 enim
545 2094 756 2149 nostra,
787 2079 1251 2144 instar‘militum,
1285 2079 1482 2133 bellum
1529 2086 1724 2149 gerunt
1771 2084 1956 2149 contra

340 2157 598 2212 inimicos
625 2147 807 2224 Regis.
843 2153 912 2208 Et
938 2149 1620 2224 iterum,quemadmodum
1654 2147 1799 2212 tuba,
1831 2147 1956 2224 belli

342 2236 601 2296 tempore
640 2219 867 2296 canens,
897 2224 1096 2277 excitat
1133 2219 1390 2296 juvenum
1418 2229 1472 2274 et
1501 2219 1815 2296 bellatorum
1847 2219 1954 2271 ala-

340 2289 598 2352 critatem
635 2295 801 2350 animi
847 2301 1034 2348 contra
1083 2289 1422 2345 adversarios
1455 2308 1469 2344 :
1501 2291 1570 2343 ita
1600 2289 1762 2342 etiam
1790 2301 1956 2342 sacra:

341 2368 649 2436 Scriptura:
699 2375 844 2419 tuam
891 2365 1126 2436 excitant
1171 2362 1504 2436 alacritatem
1549 2357 1614 2413 ad
1648 2360 1876 2436 bonum,
1904 2367 1957 2412 et

342 2430 539 2494 contra
569 2435 849 2506 passiones
879 2445 929 2488 te
955 2433 1325 2488 corroborant.
1361 2433 1717 2500 Quapropter,
1752 2430 1821 2482 nii
1856 2430 1958 2482 fra-

2063 537 2163 591 ter,
2180 536 2438 596 quantum
2465 534 2635 594 potes,
2661 526 2751 580 tibi
2786 524 3154 581 necessitatem
3179 527 3391 596 impone
3415 527 3659 596 frequen-

2064 601 2167 652 tius
2196 599 2244 651 in
2277 598 2341 651 iis
2367 596 2636 661 versandi,
2658 607 2713 650 ut
2733 608 2920 666 cogant
2952 599 3247 663 ratiocinia,
3273 616 3391 667 quze
3415 599 3659 653 inimicus

2064 669 2217 722 malis
2241 668 2352 721 suis
2379 667 2861 721 machinationibus
2905 667 3148 737 dissipat,
3180 669 3267 723 vel
3313 667 3542 722 nefarias
3570 683 3662 722 co-

2062 739 2350 807 gitationes
2378 753 2694 806 suggerens,
2733 739 2818 792 vel
2848 739 3007 792 etiam
3040 752 3182 807 Stepe
3215 739 3548 794 calamitates
3575 740 3660 793 ine

2064 809 2404 879 dticens,aut
2432 809 2712 863 felicitates
2754 809 3053 878 multasque
3090 825 3177 865 res
3219 824 3505 879 prosperas
3532 824 3662 878 prte-

2067 879 2220 933 bens.
2273 878 2399 932 Haec
2450 879 2590 932 enim
2642 886 2893 948 operatur
2939 881 3132 935 astutia
3175 878 3268 934 sua
3314 888 3370 934 et
3410 879 3557 948 dolo,
3605 890 3666 935 ut

2072 949 2342 1004 hominem
2364 964 2393 1004 a
2422 949 2531 1004 Deo
2555 949 2789 1004 alienum
2821 949 2998 1004 faciat.
3045 951 3202 1016 Saepe
3229 949 3371 1005 enim
3403 965 3524 1004 cum
3554 965 3662 1006 non

2073 1019 2237 1089 possit
2257 1034 2361 1093 per
2378 1022 2736 1093 cogitationes
2761 1020 3028 1093 hominem
3052 1020 3309 1093 ludificari
3331 1029 3386 1076 et
3405 1020 3660 1093 dejicere,

2073 1100 2198 1144 tunc
2238 1089 2467 1144 demum
2507 1091 2836 1146 calamitates
2893 1090 2993 1159 ipsi
3050 1091 3276 1158 inducit,
3331 1102 3390 1146 ut
3427 1089 3662 1147 mentem

2074 1160 2310 1232 tenebris
2337 1160 2596 1232 effundat,
2630 1171 2682 1215 et
2711 1163 2927 1216 modum
2957 1162 3170 1217 tandem
3195 1162 3430 1216 inveniat
3455 1176 3516 1217 ea
3543 1177 3666 1232 quae.

2072 1232 2185 1286 vult
2234 1230 2524 1286 inserendi.
2572 1231 2828 1301 Tuncque
2881 1233 3085 1302 incipit
3121 1233 3322 1287 homini
3372 1230 3666 1302 suggerere

2073 1303 2224 1356 istius
2251 1303 2392 1356 modi
2436 1303 2806 1370 cogitationes,
2847 1313 2901 1372 et
2928 1301 3048 1356 cum
3071 1301 3392 1372 jnramentis
3420 1301 3603 1372 dicere
3646 1320 3660 1355 :

2075 1374 2146 1426 lix
2175 1388 2282 1442 quo
2311 1369 2551 1440 tempore
2594 1375 2788 1427 bonum
2836 1371 2992 1437 facio,
3037 1369 3206 1428 nialos
3235 1374 3350 1428 dies
3380 1373 3520 1440 vidi;
3554 1369 3664 1426 Fa-

2071 1446 2262 1497 ciamus
2288 1460 2406 1512 ergo
2435 1443 2592 1505 mala,
2633 1455 2686 1496 ut
2719 1445 2952 1498 eveniant
2979 1443 3129 1498 bona.
3159 1443 3295 1498 Tum
3327 1444 3370 1496 si
3403 1445 3522 1513 quis
3554 1458 3660 1497 non

2073 1515 2374 1567 inveniatur
2398 1515 2628 1578 sobrius,
2656 1515 2908 1569 absorbet
2944 1529 3068 1568 eum
3113 1514 3289 1568 vivum
3317 1517 3453 1568 sicut
3479 1527 3660 1568 orcus.

2071 1583 2124 1637 Si
2149 1598 2276 1637 vero
2304 1599 2404 1638 nec
2439 1582 2492 1638 in
2541 1585 2622 1637 his
2661 1587 2830 1654 possit
2857 1586 2904 1637 ei
2934 1600 3147 1652 nocere,
3184 1595 3308 1639 tunc
3355 1585 3660 1640 felicitatem

2073 1654 2122 1707 ei
2170 1654 2404 1724 adducit,
2457 1664 2618 1724 atque
2663 1654 2844 1710 evehit
2893 1655 3080 1721 illum,
3135 1664 3191 1710 et
3243 1657 3461 1710 multam
3509 1655 3665 1710 aIIert

2071 1723 2600 1795 fraudemwomnib’us
2642 1725 3033 1779 calamitatibus
3073 1727 3372 1795 graviorem
3420 1735 3476 1780 et
3514 1725 3665 1781 dete-

2073 1796 2294 1866 riorem.
2318 1794 2409 1850 Illa
2431 1796 2574 1850 enim
2601 1804 2685 1850 est
2726 1811 2846 1866 qua:
2871 1794 3160 1865 superbum
3182 1805 3240 1852 et
3264 1806 3410 1852 metu
3439 1810 3664 1851 vacuum

2073 1865 2236 1937 efficit
2263 1864 2533 1920 hominem
2567 1882 2583 1930 ;
2617 1867 2703 1920 illa
2727 1864 2796 1937 in
2833 1864 3165 1935 voluptatum
3204 1867 3524 1937 profundum
3565 1867 3663 1921 de-

2073 1936 2236 1990 trahit
2263 1949 2498 1991 mentem
2524 1955 2538 2000 ;
2564 1937 2651 1991 illa
2683 1936 2845 1991 efﬁcit
2867 1946 2925 1992 ut
2955 1939 3115 1991 homo
3145 1936 3349 1992 nesciat
3380 1937 3544 1993 Deum
3569 1951 3667 1992 nec

2072 2005 2437 2077 infirmitatem
2469 2008 2738 2077 propriam
2785 2019 2991 2070 noscat,
3022 2023 3121 2063 nec
3159 2009 3213 2061 in
3258 2019 3435 2063 mente
3475 2007 3668 2062 habeat

2071 2076 2212 2130 diem
2253 2079 2444 2132 mortis
2473 2076 2732 2146 etjttdicii
2765 2096 2777 2132 :
2809 2079 2896 2131 illa
2927 2081 3069 2132 enini
3103 2088 3185 2132 est
3221 2079 3457 2132 omnium
3500 2078 3665 2132 malo-

2072 2163 2188 2200 rum
2220 2150 2427 2202 semita.
2463 2148 2561 2215 Qui
2612 2157 2756 2201 amat
2796 2164 2890 2215 per
2932 2149 3175 2202 semitam
3219 2150 3359 2203 illam
3395 2149 3665 2216 prosperi-

2071 2217 2196 2272 tatis
2222 2233 2284 2272 ac
2311 2219 2642 2274 remissionis
2669 2220 2766 2279 ire,
2803 2220 2852 2271 in
2895 2219 3184 2286 penetralia
3224 2220 3415 2274 mortis
3445 2219 3667 2273 tendere

2069 2289 2508 2359 deprehenditur.
2558 2289 2682 2342 llzec
2724 2298 2806 2341 est
2849 2292 2932 2341 via
2973 2289 3042 2344 de
3082 2305 3184 2359 qua
3227 2291 3484 2344 Dominus
3512 2290 3662 2348 dicit,

2071 2358 2204 2412 Lata
2248 2371 2292 2413 et
2346 2361 2568 2429 spatiosa
2623 2370 2692 2413 est
2739 2360 2819 2412 via
2867 2375 2981 2428 qua:
3027 2358 3167 2413 ducit
3215 2361 3283 2413 ad
3335 2360 3666 2429 perditionem

2073 2429 2283 2496 (Matth.
2313 2431 2416 2492 VII,
2457 2432 2561 2494 15).

500 2656 728 2702 8ΑΝΟΤ1
773 2654 1036 2697 JOANNIS
1081 2653 1528 2697 CERYSOSTOMI
1572 2653 1786 2698 SEBMO
1833 2655 1912 2696 DE
1957 2654 2343 2698 COGNITIONE
2393 2657 2521 2712 DEI,
2573 2660 2650 2700 ET
2688 2659 2749 2700 IN
2797 2661 3034 2703 SANCTA
3080 2661 3524 2716 THEOPHANIA,
3589 2663 3666 2705 επ·

1603 2779 1670 2823 IN
1714 2779 1924 2823 NUPER
1969 2779 2394 2825 ILLUMINATOS
2407 2810 2420 2823 .

422 2919 894 2990 Quemadmodum
928 2916 962 2990 ii
1004 2915 1095 2982 qui
1137 2914 1187 2967 in
1227 2913 1342 2990 visu
1373 2925 1636 2990 corporeo
1667 2909 1778 2990 lassi
1808 2918 1954 2972 sunt,

342 2981 672 3048 ductoribus
696 2981 1082 3064 opusbabent,
1131 3000 1198 3039 ne
1227 2984 1400 3064 forte,
1433 2981 1836 3064 III._ba.l:alhl‘lllll
1869 2994 1964 3060 per

345 3055 1070 3135 ignorantiamincidentes,
1101 3055 1403 3135 moriantur
1435 3070 1447 3105 :
1480 3055 1628 3135 ila-'ii
1657 3055 1814 3135 queis
1842 3055 1960 3104 aui-

344 3123 452 3188 ιῖίξυ
494 3133 638 3186 oculi
669 3131 843 3185 obtusi
872 3137 1003 3182 sunt
1032 3124 1451 3195 prteceptorihus
1479 3123 1739 3195 indigent,
1770 3137 1859 3186 ne,
1895 3135 1959 3175 ex

346 3203 656 3276 ignorantia
679 3202 730 3276 in
752 3199 1019 3276 malorum
1034 3193 1360 3276 profundum
1386 3193 1700 3276 incidentes,
1719 3202 1960 3276 pereant.

348 3262 418 3330 ἕι
449 3285 608 3328 antea
637 3271 854 3342 quidem
901 3262 1068 3342 totum
1099 3281 1269 3342 genus
1316 3266 1608 3318 humanum
1654 3262 1957 3342 hujusmpdi

345 3347 611 3400 carcitatis
655 3333 798 3396 inalo
841 3348 957 3394 erat
997 3333 1381 3392 circumfusum
1418 3352 1430 3386 :
1460 3344 1513 3389 et
1540 3333 1680 3403 quod
1709 3333 1828 3387 visu
1867 3333 1962 3388 be-

346 3417 546 3471 betatis
568 3413 849 3480 contingit,
901 3421 961 3464 ut
989 3424 1085 3479 pro
1113 3409 1274 3480 rebus
1303 3407 1655 3480 existentibus
1681 3419 1830 3474 saepe
1853 3420 1958 3480 non

344 3489 646 3541 existentes
699 3474 916 3536 videant
966 3474 1002 3535 ε’
1031 3481 1102 3532 ita
1145 3479 1329 3543 etiam,
1363 3478 1484 3545 quia
1534 3476 1727 3528 animm
1773 3474 1960 3528 oculos

344 3559 576 3610 obtusas
618 3553 911 3617 habebant,
958 3565 1058 3620 pro
1101 3564 1208 3602 uno
1253 3558 1412 3620 atque
1457 3546 1574 3600 solo
1602 3545 1732 3608 Deo,
1762 3547 1959 3620 mullos

345 3628 608 3682 videbant
633 3614 906 3693 nusquam
949 3614 1265 3693 existentes.
1307 3617 1414 3693 Sed
1465 3629 1753 3693 corporum
1798 3614 1957 3668 simul

344 3711 393 3750 ιιι
426 3699 737 3751 animorum
758 3685 1016 3747 'medicus
1047 3692 1220 3759 legem
1249 3689 1395 3742 misit
1428 3696 1484 3742 et
1533 3685 1858 3762 prophetas,
1902 3693 1960 3738 ut

347 3769 633 3821 hominum
664 3764 963 3836 edacitatem
1009 3754 1243 3836 sanaret.
1274 3770 1444 3836 atque
1484 3754 1577 3811 eos
1612 3754 1956 3836 ad__divinam

345 3841 425 3892 sui
456 3836 829 3907 cognitionem
857 3834 1112 3907 duceret;
1144 3825 1450 3907 hominibus
1482 3837 1659 3907 tamen
1690 3825 1834 3907 illam
1865 3840 1960 3907 per

347 3895 622 3979 legemvet
654 3901 1256 3979 pmphetasmedelam
1288 3896 1839 3979 rejicienlibti.s_(lsai.
1870 3895 1956 3979 Vl,

347 3967 467 4046 ισ).
495 3967 864 4033 Οθειιὶδθιίιηι
893 3974 1037 4028 enim
1082 3967 1444 4046 oculosnsuos
1487 3985 1556 4024 ne
1586 3967 1830 4046 viderent
1855 3983 1869 4034 ;
1898 3977 1960 4046 _et

347 4038 510 4104 aures
528 4063 658 4102 suas
686 4047 1075 4099 obstruxerunt
1102 4058 1167 4096 ne
1193 4041 1462 4102 audirent,
1487 4039 1777 4092 secundum
1812 4038 1959 4091 Isaia:

343 4122 573 4182 dictum,
601 4133 672 4171 ne
705 4124 1154 4169 converterentur
1183 4122 1238 4166 et
1273 4119 1610 4182 sanarentur.
1640 4108 1734 4182 llis
1763 4109 1957 4182 similia

345 4192 486 4244 alius
516 4178 812 4259 propheta,
838 4185 1123 4249 .Ieremias,
1139 4183 1406 4259 clamabat
1423 4180 1607 4259 dicens
1628 4197 1639 4233 :
1661 4178 1961 4259 curavimus

346 4249 769 4332 Babylona-inet
798 4249 920 4332 non‘
935 4265 1006 4332 est
1031 4265 1211 4332 sanata
1229 4252 1360 4324 (Jer.
1385 4249 1583 4332 Lit-9);
1609 4249 1812 4332 medela
1853 4265 1958 4332 non

345 4322 563 4386 intravit
596 4332 647 4381 in
683 4329 850 4380 illam.
885 4326 1123 4396 Babylon
1149 4322 1326 4396 autem
1352 4322 1649 4390 explicatur
1675 4322 1911 4396 confusio
1942 4337 1959 4373 :

342 4403 633 4456 confusum
663 4399 809 4453 enim
842 4405 959 4450 erat
997 4392 1166 4465 genus
1207 4393 1498 4465 humanum
1545 4407 1656 4460 prm
1694 4392 1954 4465 caecitate.

344 4474 452 4527 Sed
487 4469 687 4524 modus
719 4467 940 4522 curandi
985 4463 1050 4519 ad
1096 4465 1330 4533 optimos
1359 4463 1597 4518 medicos
1626 4463 1876 4530 pertinet,
1906 4471 1960 4515 et

343 4542 646 4611 discipulos
669 4537 1402 4611 exsnperatinveteratorum
1424 4534 1705 4611 vulnerum
1730 4533 1957 4611 curatio.

341 4614 432 4668 Sic
485 4602 541 4667 et.
575 4602 883 4678 unigenitus
932 4605 1100 4660 Filius
1133 4605 1246 4678 Dei,
1279 4603 1437 4659 Jesus
1467 4603 1732 4678 Christus,
1774 4602 1959 4656 videns

343 4685 631 4738 hominum
675 4675 1016 4747 impietatem
1068 4691 1161 4747 rer
1211 4675 1383 4744 legem
1432 4685 1486 4747 et
1532 4676 1820 4747 prophetas
1854 4687 1957 4725 non

339 4765 591 4808 sanatam
627 4743 814 4812 fuisse,
861 4763 891 4803 e
934 4743 1248 4802 ctelesubus
1272 4743 1508 4798 advenit
1549 4743 1860 4808 fornicibus,
1893 4759 1956 4796 ex

338 4835 530 4878 sancta
560 4821 784 4889 Virgine
813 4819 975 4874 Maria
996 4827 1170 4871 natus.
1197 4815 1606 4889 Primo‘qtiidem
1630 4829 1725 4883 per
1745 4828 1956 4889 crucem

340 4895 621 4949 diabolum
655 4885 706 4944 iii
742 4891 918 4960 fugam
951 4890 1252 4965 convertit;
1299 4886 1503 4965 deinde
1533 4894 1758 4938 mortem
1783 4885 1959 4965 rapti-

339 4983 461 5019 vain
493 4965 674 5025 duxit,
708 4970 764 5015 et
802 4957 910 5029 per
951 4959 1250 5012 triduanam
1297 4957 1465 5025 ipsius
1510 4957 1956 5029 resurrectionem

338 5039 403 5090 iis
431 5036 528 5104 qui
576 5047 749 5102 prope
779 5025 834 5085 ei
860 5030 949 5099 qui
985 5029 1165 5097 procul
1203 5039 1358 5104 erant
1397 5041 1592 5104 pacein.
1612 5025 1859 5104 largitus,
1892 5025 1957 5079 ad

335 5096 514 5174 ipsius
545 5096 914 5174 cogn—itionem
955 5096 1466 5174 cunctosma‘dd‘uxit.
1527 5096 1622 5149 Ubi
1662 5105 1754 5174 est,
1789 5111 1953 5174 .mors,

335 5165 582 5231 stimulus
615 5165 734 5225 ἷιιιισ
766 5172 804 5240 (1
833 5170 953 5225 Cor.
983 5169 1098 5241 XV,
1133 5167 1266 5241 55)?
1307 5169 1348 5222 A
1372 5239 1378 5241 Α
1398 5169 1512 5241 Deo
1554 5177 1636 5241 est
1664 5165 1954 5241 licatitudd.

337 5249 408 5302 Et
435 5250 543 5301 hoc
567 5235 911 5311 conspiciens
935 5235 1542 5311 proplieta'lmviddicit
1567 5237 1738 5308 (Psal.
1765 5235 1954 5297 XXXI,

336 5321 390 5387 1)
427 5337 442 5373 :
476 5317 632 5370 Beati
664 5310 1284 5387 qitoriini_rentisste_sit_iit
1328 5310 1635 5387 iniquitates,
1666 5317 1714 5361 et
1741 5322 1957 5387 quarunt

334 5376 470 5443 técta
501 5396 624 5440 sunt
653 5376 864 5454 peccata
892 5382 1087 5449 (.Ilarc.
1117 5380 1178 5454 Il,
1207 5378 1281 5448 7).
1317 5376 1654 5454 _Quis__poAtest
1687 5389 1855 5454 autem
1887 5376 1958 5429 di-

330 5463 536 5514 mittere
562 5448 798 5527 peccata,
831 5455 930 5506 nisi
956 5454 1095 5527 soliis
1127 5450 1265 5527 Deus
1279 5449 1428 5527 (Luc.
1459 5449 1521 5514 ν,
1545 5448 1956 5527 2|_)_t_flomines

329 5533 504 5596 enim,
540 5518 668 5581 cum
695 5527 883 5578 beatos
931 5521 1518 5596 prmdicant_homines,
1554 5520 1702 5596 _niliil
1745 5518 1953 5596 juvant,

328 5589 684 5670 sa'pe'etiam
719 5589 942 5670 nocent,
969 5595 1108 5670 sicut
1133 5591 1393 5670 ait_lsn_ias
1417 5591 1675 5670 propheta
1711 5609 1722 5643 :
1759 5589 1958 5668 l’opule

327 5661 504 5733 mens,
534 5669 626 5736 qui
669 5678 716 5719 te
749 5668 946 5719 beatum
977 5664 1179 5736 dicunt,
1212 5663 1388 5736 ipsi__t_e
1417 5663 1692 5736 decipiunt,
1737 5671 1783 5714 et
1823 5661 1957 5712 viain

323 5732 602 5805 gremium
627 5749 831 5791 tuorum
858 5736 1110 5805 dissipant
1131 5733 1283 5801 (lsai.
1307 5732 1390 5794 Ill,
1423 5733 1530 5802 1‘2):
1560 5732 1643 5785 hic
1662 5746 1808 5805 vero,
1833 5745 1955 5783 cum

323 5803 554 5867 beatum
583 5810 737 5873 dicit,
767 5823 869 5859 una
904 5803 1028 5859 cuin
1052 5805 1196 5858 dicto
1223 5805 1447 5873 gratiam
1473 5818 1684 5872 quoque
1712 5803 1953 5874 largitur.

333 5889 512 5956 Atque
544 5882 675 5938 dicti
707 5879 1085 5948 probationem
1119 5877 1320 5945 accipe.
1353 5874 1490 5928 Dixit
1515 5874 1768 5927 Dominus
1801 5875 1956 5925 Petro

2072 2909 2214 2979 (cum
2247 2909 2540 2979 discipulos
2569 2911 2934 2980 interrogavit,
2959 2910 3160 2980 dicens,
3193 2911 3353 2976 Quem
3386 2927 3465 2964 me
3491 2912 3666 2967 dicunt

2068 2981 2293 3034 homines
2322 2997 2429 3034 esse
2440 2981 2510 3049 ηε
2539 2980 2730 3035 Beatus
2750 2979 2822 3044 es,
2854 2981 3036 3052 Simon
3061 2979 3310 3052 Barjona,
3335 2983 3456 3052 quia
3476 3000 3596 3036 caro
3620 2995 3667 3038 et

2064 3052 2271 3122 sanguis
2299 3067 2398 3104 non
2429 3053 2664 3122 revielavit
2699 3052 2807 3114 tibi,
2839 3056 2928 3106 sed
2953 3050 3114 3106 Pater
3159 3050 3298 3106 incus
3322 3050 3409 3122 qui
3434 3054 3487 3107 in
3527 3057 3668 3109 caelis

2065 3131 2138 3175 cst
2160 3121 2375 3190 (Matth.
2410 3121 2544 3182 XVI,
2579 3124 2644 3176 15
2668 3133 2714 3175 ει
2738 3125 2850 3190 17),
2881 3137 2988 3176 non
3020 3131 3201 3176 autem
3237 3124 3280 3178 is
3306 3121 3394 3191 qui
3423 3134 3667 3180 terrenus

2067 3202 2222 3260 pater
2265 3202 2562 3262 reputatur.
2611 3194 3004 3264 Bcatitudinem
3035 3194 3287 3264 narrasti,
3320 3194 3501 3262 profer
3528 3212 3665 3264 quo-

2063 3278 2169 3332 que
2211 3265 2434 3332 gratiam
2461 3263 2700 3318 caelestis
2733 3265 2901 3333 regni.
2943 3263 3180 3320 Videsne
3217 3267 3443 3332 gratiam
3475 3263 3666 3319 vei-bo-

2066 3349 2182 3387 rum
2215 3333 2681 3404 subsequentem?
2706 3336 2881 3404 Atque
2911 3349 3082 3404 nuper
3126 3333 3178 3388 in
3221 3335 3661 3397 heatitudinibus,

2064 3419 2184 3474 qua:
2215 3403 2369 3458 nobis
2396 3403 2632 3458 recitata:
2662 3403 2900 3468 fuerunt,
2932 3403 3236 3458 audivimus
3265 3419 3452 3458 earum
3477 3422 3666 3459 unam-

2063 3488 2332 3543 quamque
2365 3475 2562 3528 habere
2599 3477 2826 3543 gratiam
2851 3485 3258 3545 congruentem.
3306 3475 3666 3531 Procetlamus

2065 3559 2192 3596 vero
2221 3545 2286 3597 ad
2321 3546 2598 3614 praesentis
2624 3545 2726 3599 diei
2753 3545 2871 3599 festi
2902 3556 3298 3615 argumentum.
3337 3546 3496 3616 Regis
3517 3551 3662 3601 enim

2067 3615 2339 3668 terrestris
2381 3617 2667 3682 praesentia
2707 3617 2958 3685 gaudium
3004 3631 3069 3670 ac
3121 3617 3360 3670 laetitiam
3389 3615 3523 3673 solet
3565 3620 3664 3671 ad-

2064 3686 2329 3739 stantibus
2359 3686 2552 3740 allerre
2584 3704 2597 3740 :
2632 3687 2778 3756 Rege
2825 3702 2954 3741 vero
2983 3687 3192 3742 caelesti
3236 3687 3339 3740 huc
3384 3688 3436 3742 in
3467 3698 3663 3742 terrain

2064 3756 2275 3811 coalitus
2297 3757 2630 3821 adveniente,
2667 3773 2770 3811 non
2793 3759 2967 3812 solum
3001 3773 3098 3811 nos
3124 3758 3398 3812 adstantes
3430 3760 3664 3813 exsulta-

2065 3841 2201 3885 nius.
2231 3827 2325 3881 sed
2349 3837 2402 3881 et
2433 3837 2538 3880 tota
2571 3828 2782 3882 lartatur
2812 3839 2971 3884 terra.
3003 3827 3060 3884 Si
3091 3829 3257 3895 enim,
3289 3829 3405 3883 sole
3431 3830 3664 3896 oriente,

2063 3912 2223 3969 omne
2271 3897 2412 3967 quod
2464 3901 2746 3966 SllI)jICIlIIl'
2799 3900 2970 3954 lucem
3017 3900 3244 3968 accipit;
3279 3910 3398 3954 orto
3442 3900 3663 3969 justititt:

2063 3968 2208 4033 Sole,
2238 3969 2509 4037 quomodo
2534 3985 2640 4023 non
2673 3972 2848 4024 omnis
2873 3971 3048 4023 anima
3079 3968 3466 4024 illuniinabitur
3488 3972 3538 4024 iii
3565 3973 3663 4026 hac

2066 4052 2223 4110 nocte
2255 4040 2495 4110 lucifera,
2525 4041 2592 4094 de
2619 4057 2720 4108 qua
2767 4041 3026 4109 propheta
3063 4041 3227 4094 David
3278 4057 3372 4110 per
3416 4054 3661 4096 Sanctum

2063 4109 2318 4176 Spiritum
2347 4109 2557 4172 videns,
2585 4112 2718 4164 dixit
2750 4129 2761 4164 :
2791 4111 2924 4176 Quia
2947 4112 3165 4165 tenebrat
3191 4109 3292 4165 non
3321 4111 3663 4166 obscurabun-

2063 4189 2144 4232 tur
2163 4197 2194 4232 a
2223 4191 2287 4237 te.
2321 4191 2366 4233 et
2393 4197 2496 4234 nox
2517 4182 2644 4234 sicut
2666 4182 2774 4235 dies
2793 4181 3203 4243 illuminabitur;
3230 4194 3282 4236 et
3311 4197 3544 4246 rursum,
3578 4185 3663 4238 Si-

2063 4260 2142 4322 t‘ttl
2171 4251 2386 4322 tenebras
2410 4252 2537 4322 ejus,
2571 4253 2641 4303 ita
2685 4262 2730 4304 et
2761 4255 2929 4305 lumen
2969 4253 3079 4322 ejus
3121 4251 3273 4322 (Psal
3325 4253 3657 4309 CXXXVIII.

2063 4321 2152 4385 11,
2187 4319 2300 4388 12).
2330 4321 2518 4374 Viden’
2552 4322 2722 4389 ipsum
2752 4323 2818 4375 de
2851 4319 3098 4389 przesenti
3123 4319 3280 4376 nocte
3310 4325 3448 4391 loqui
3473 4329 3496 4376 ?
3525 4326 3662 4378 sicut

2061 4392 2204 4444 enim
2237 4392 2470 4445 tenebras
2510 4392 2628 4459 ejus
2666 4393 3071 4461 conSpiciuutur
3112 4393 3282 4445 oculis
3329 4395 3659 4455 carnalibus,

2064 4462 2136 4515 ita
2168 4463 2345 4516 lumen
2375 4462 2490 4531 ejus
2513 4463 2704 4516 aninue
2729 4472 2950 4531 apparet
2974 4463 3166 4516 oculis.
3192 4462 3236 4516 0
3265 4464 3541 4518 luciferam
3568 4480 3636 4517 no

2060 4542 2200 4586 rtem
2232 4533 2378 4586 omni
2435 4532 2523 4586 die
2566 4534 3015 4600 splendidiorem!
3069 4535 3226 4586 Utnni
3269 4535 3482 4601 quidem
3531 4537 3657 4591 tlici.

2063 4601 2185 4656 huic
2208 4617 2338 4658 vero
2369 4604 2511 4657 nocti
2540 4603 2774 4658 lucifera:
2811 4620 2915 4658 nox
2946 4619 3052 4659 non
3084 4605 3359 4659 succedit:
3394 4621 3515 4660 nam
3550 4607 3659 4660 Lua.

2057 4673 2118 4746 in_
2137 4675 2528 4746 tenebristucet,
2559 4685 2605 4726 et
2629 4683 2846 4729 teneone
2873 4691 2982 4727 eam
3025 4691 3128 4728 non
3169 4676 3660 4746 comprehenderunt

2061 4741 2248 4820 (_Joan.
2278 4744 2318 4806 l,
2339 4744 2414 4820 5).
2435 4743 3021 4820 Ne_litter:e_at_tendas,
3052 4745 3145 4800 sed
3177 4741 3365 4814 Spiritu
3396 4747 3653 4820 intelligo.

2063 4811 2174 4866 Lux
2205 4811 2622 4884 estiunigenitus
2665 4817 2753 4868 Dei
2784 4815 2969 4875 Filius.
3012 4833 3114 4870 nox
3159 4811 3287 4870 vero
3318 4811 3657 4872 teuehrarﬁn

2061 4898 2245 4954 opera.
2277 4883 2409 4939 Cum
2453 4887 2610 4954 igitur
2635 4889 2808 4940 anima
2840 4898 2926 4940 tua
2961 4887 3012 4940 in
3049 4889 3284 4941 tenebris
3312 4903 3530 4941 versans
3561 4889 3655 4943 hac

2062 4953 2180 5010 Iuce
2205 4953 2558 5022 illuminatur,
2591 4974 2752 5026 opera
2785 4958 3123 5011 tenebrarum
3168 4971 3217 5010 te
3243 4959 3471 5025 amplius
3497 4975 3656 5013 occu~

2063 5039 2190 5093 pare
2217 5036 2488 5096 nequeunt
2521 5048 2532 5081 :
2567 5029 2684 5081 ideo
2711 5028 2854 5082 enim
2898 5030 2986 5081 lux
3017 5029 3268 5093 accessit,
3317 5039 3373 5081 ut
3405 5031 3656 5082 tenebras

2062 5096 2267 5165 fugaret
2304 5098 2444 5150 :vita
2475 5097 2710 5162 advenit,
2745 5110 2801 5151 ut
2829 5109 3054 5152 mortem
3097 5101 3322 5167 abroget
3352 5118 3364 5148 :
3393 5111 3444 5152 et
3483 5115 3656 5168 primo

2063 5167 2364 5238 pastoribus
2407 5183 2500 5236 per
2535 5169 2755 5237 angelos
2781 5170 3120 5238 Evangt-lium
3157 5169 3428 5235 praedicat,
3464 5167 3568 5222 non
3600 5184 3655 5223 nt

2063 5237 2313 5290 miracula
2337 5241 2674 5292 sermonibus
2689 5237 3058 5308 adjicianhsed
3081 5249 3136 5290 ttt
3148 5241 3428 5292 occasione
3444 5249 3654 5309 sumpta

2062 5318 2304 5376 pastores
2344 5311 2679 5364 rationaliuni
2730 5311 2907 5362 ovium
2953 5310 3288 5363 clementiam
3327 5311 3416 5364 Dei
3446 5313 3653 5380 populis

2061 5380 2371 5447 praedicent.

2134 5449 2188 5502 In
2216 5464 2369 5503 sacro
2395 5449 2511 5501 loco
2539 5450 2848 5504 Bctblehem
2873 5449 3104 5503 debitam
3129 5448 3498 5521 adorationem
3525 5468 3654 5521 prai-

2060 5528 2206 5573 stare
2225 5521 2590 5574 festinaviinus
2609 5522 2847 5573 omnium
2875 5529 3114 5573 uestrum
3143 5520 3370 5574 Domino
3400 5520 3538 5589 Deo,
3561 5527 3653 5592 qui

2064 5601 2281 5663 propter
2319 5606 2418 5645 nos
2463 5594 2746 5663 humanam
2794 5601 3038 5644 naturain
3080 5605 3356 5663 assumere
3405 5593 3654 5663 dignatus

2061 5669 2160 5714 est.
2193 5661 2309 5730 Ipse
2331 5663 2473 5715 enim
2506 5663 2558 5715 in
2591 5661 2746 5716 terris
2774 5663 2919 5715 visus
2944 5669 3059 5726 est,
3091 5662 3158 5716 de
3183 5662 3324 5718 etelo
3355 5679 3451 5732 pro
3467 5661 3654 5720 salute

2064 5742 2241 5786 nostra
2275 5732 2630 5797 descendens,
2673 5747 2795 5785 cum
2841 5733 2954 5786 loca
2984 5732 3068 5785 illa
3099 5735 3383 5801 pra-scotia
3415 5748 3509 5790 sua
3544 5753 3649 5790 non

2061 5804 2309 5878 destituta
2335 5804 2636 5878 _rcl_iquerit
2665 5821 2678 5856 :
2712 5818 2835 5878 nam
2879 5803 3075 5878 (Italian
3117 5813 3388 5878 ethterrani
3426 5822 3516 5878 ego
3558 5808 3645 5858 im.

2063 5876 2196 5942 pleo,
2243 5874 2365 5926 dicit
2416 5872 2660 5927 Dominus
2709 5872 2842 5944 (ler.
2889 5873 3080 5943 XXIII,
3110 5875 3226 5946 24),
3273 5876 3402 5929 dicit
3451 5872 3643 5937 Isaias:
