4194 6502
450 354 527 411 ιτ
1809 353 2053 412 SPURIA
2095 352 2426 421 QUIEDAM.

446 470 578 540 quia
623 468 859 524 Ascendo
906 469 978 524 ad
1027 467 1236 523 Putrem
1285 484 1451 522 meum
1484 468 1582 540 :Asi
1627 468 1770 524 enim
1810 485 1909 539 ego
1950 485 2054 524 non

445 538 646 594 abeam
669 579 685 600 ,
717 541 1031 595 consolator
1060 540 1128 594 ad
1159 552 1255 593 vos
1283 554 1385 593 non
1417 538 1620 597 veniet.
1663 540 1776 609 Ego
1805 538 1960 605 abeo,
2002 550 2058 596 et

444 618 575 679 post
600 610 796 664 decem
823 611 940 664 dies
982 612 1139 663 mitto
1166 610 1583 674 consolatorem,
1610 620 1851 665 sanctum
1889 620 1943 665 et
1972 612 2055 665 vi-

441 679 763 750 viﬁcantem
791 681 1071 748 Spiritum.
1099 682 1273 750 Atque
1304 680 1394 734 illo
1422 680 1537 734 hate
1555 680 1788 744 dicente,
1811 694 1937 736 ecce
1961 696 2056 736 an-

441 749 698 820 gelorum
745 751 1039 805 multitudo
1081 749 1453 805 circumcinxit
1488 767 1629 815 eum,
1679 760 1734 805 et
1770 750 2053 820 Seraphim

448 821 848 876 abominantes
884 829 939 876 et
976 820 1238 887 dicentes,
1269 820 1511 884 Sanctus,
1543 820 1785 888 Sanctus,
1810 821 2050 886 Sanctus,

456 889 706 945 Dominus
737 892 883 945 Deus
911 893 1265 954 exercituum;
1290 891 1442 960 plena
1469 892 1611 946 enim
1639 901 1760 945 sunt
1781 893 1972 947 cadum
2001 902 2055 947 et

457 972 585 1041 tgna
609 961 783 1041 gloria
810 964 929 1041 ejus
950 959 1104 1041 (18(ιὶΞ
1139 960 1224 1041 νζ,
1248 959 1328 1029 3).
1356 963 1435 1041 ac
1458 963 1850 1041 statim_nebula
1878 962 2051 1016 lucida

454 1031 655 1102 obtexit
681 1040 946 1098 montem,
964 1031 1032 1086 et
1056 1031 1205 1087 chori
1239 1031 1618 1102 prophetarum
1645 1034 1695 1086 in
1720 1043 1900 1088 monte
1924 1046 2053 1088 cono

448 1100 839 1173 gregabantur.
881 1103 1049 1173 David
1090 1100 1268 1157 autem
1299 1100 1420 1156 cum
1462 1103 1726 1173 spirituali
1755 1104 1961 1160 cithara
1998 1102 2049 1157 in

426 1171 633 1227 ‘medio
656 1182 778 1227 erat
802 1172 1189 1243 prophetarum
1214 1171 1573 1243 omniumjet
1608 1172 1791 1228 Jesum
1829 1173 2054 1229 hortans

448 1252 508 1295 ut
535 1243 591 1296 in
614 1242 818 1298 caelum
845 1243 1185 1308 ascenderet,
1210 1243 1341 1297 dixit
1372 1260 1386 1295 :
1421 1242 1668 1297 Exaltare
1690 1261 1843 1312 super
1876 1244 2047 1308 calas,

445 1312 632 1384 Deis;
656 1315 786 1384 etin
805 1330 1007 1384 onmem
1036 1323 1226 1367 terram
1261 1313 1427 1384 gloria
1477 1324 1564 1367 tua
1599 1313 1949 1384 (PsahLVl,
1984 1314 2053 1369 12

444 1393 494 1456 εἰ
524 1382 766 1451 XCVIII,
794 1383 873 1455 6).
903 1383 973 1439 Et
998 1382 1278 1456 apostolis
1298 1383 1450 1456 dixit,
1502 1382 1742 1456 Exdltate
1776 1383 2050 1439 Dominum

442 1452 621 1507 Deum
644 1452 899 1519 nostrum,
922 1464 973 1510 et
991 1452 1207 1510 adorate
1218 1454 1494 1509 scabellum
1535 1455 1722 1525 pedum
1762 1456 1895 1525 ejus,
1928 1471 2051 1524 quo-

444 1525 590 1577 niam
614 1536 853 1578 sanctum
879 1535 971 1582 est.
996 1525 1065 1581 Et
1089 1541 1236 1591 ecce,
1265 1527 1331 1580 iis
1358 1526 1782 1594 inspicientihus,
1809 1525 2050 1578 sublatus

420 1602 554 1666 cst,
584 1604 641 1649 et
668 1595 865 1651 nebula
894 1596 1067 1650 lucida
1098 1598 1303 1666 accepit
1325 1611 1470 1651 eum.
1502 1597 1675 1665 Atque
1702 1596 1893 1650 iterum
1921 1594 1952 1647 d
1977 1597 2050 1648 cit

416 1688 423 1697 ·
444 1664 717 1721 Dominus
740 1666 1021 1737 discipulis
1056 1665 1213 1723 :Paa:
1230 1664 1373 1721 nobis
1394 1683 1414 1722 :
1433 1664 1609 1737 paceni
1631 1682 1792 1720 meum
1819 1667 1884 1719 do
1910 1666 2049 1720 vobis

3691 350 3769 401 43-

2166 468 2347 537 (Joan.
2392 465 2531 531 XIV,
2560 465 2676 537 27).
2728 462 3094 537 Cumqnekhoc
3118 462 3346 537 dixerat,
3379 475 3485 516 non
3526 465 3754 537 amplius

2164 533 2539 607 aspiciebatur.
2572 535 2704 607 Cum
2748 533 2927 589 autem
2973 533 3135 607 David
3189 542 3437 607 cerneret
3472 534 3615 602 quod
3649 535 3749 588 Do-

2162 601 2339 664 minus
2380 609 2433 662 in
2481 606 2676 662 coelum
2724 607 3078 669 ascenderat;
3111 603 3309 658 iterum
3336 601 3651 666 delectatus,
3693 621 3751 659 ac

2163 681 2379 747 pulsans
2416 680 2676 733 citharam
2714 675 3049 747 rspiritualem
3070 715 3086 741 ,
3119 673 3259 747 dixit
3284 689 3316 747 :_
3333 673 3753 747 A.s_cep_di_t__De_tts

2159 742 2212 820 in
2239 750 2407 820 jubilo
2431 789 2446 815 ,
2478 757 2527 802 et
2567 742 2817 820 Dominus
2843 746 2897 798 in
2938 761 3055 820 voce
3074 744 3211 820 tuth
3239 742 3422 820 (Paci.
3456 743 3638 820 XLVI,
3672 744 3751 820 lib

2162 814 2318 874 Pater
2359 820 2586 889 desuper
2629 816 2934 873 acclamans
2970 814 3131 889 dixit,
3162 814 3348 889 S__edea
3371 814 3562 889 dextris
3605 817 3749 881 meis,

2158 890 2318 960 donec
2354 884 2543 960 ponant
2580 889 2814 960 inimicos
2864 898 2974 942 (uos
3025 884 3300 960 {cobellum
3332 884 3752 960 pedunrtuorum

2159 959 2317 1031 (CIX,
2350 955 2540 1031 l).7'AI‘u
2566 974 2626 1014 es
2650 957 2983 1031 [iuuentem
3010 956 3244 1019 dilectus,
3267 956 3321 1008 in
3341 970 3442 1025 quo
3464 955 3590 1008 mihi
3610 971 3752 1009 com-

2158 1028 2332 1102 placui
2380 1029 2617 1102 (Matth.
2663 1028 2753 1094 lll,
2798 1028 2926 1098 l7);
2962 1037 3017 1082 tu
3066 1042 3127 1081 es
3182 1040 3352 1096 agnus
3379 1040 3551 1090 meus,
3588 1036 3643 1079 to
3693 1040 3756 1102 es

2155 1097 2210 1158 in
2258 1101 2510 1170 principio
2562 1098 2781 1155 Verbum
2820 1097 2999 1153 meum
3014 1112 3253 1170 _verum_.
3309 1104 3363 1149 tu
3408 1111 3468 1170 es
3513 1097 3751 1166 potentia

2156 1167 2297 1236 mea,
2344 1180 2399 1225 tu
2424 1167 2486 1226 es
2517 1172 2775 1240 sapientia
2823 1183 2961 1224 mea.
2994 1167 3080 1240 _Et
3111 1183 3186 1240 eo
3228 1167 3516 1240 incanum
3560 1181 3751 1240 ascen-

2153 1245 2317 1302 dente
2338 1281 2355 1305 ,
2399 1237 2592 1296 omnes
2616 1241 2913 1296 Potestates
2941 1238 3237 1293 adorabunt
3265 1237 3414 1292 illum
3447 1254 3463 1303 ;
3508 1237 3753 1305 seditque

2160 1328 2192 1370 a
2227 1312 2433 1368 dextris
2479 1312 2670 1378 Patris,
2712 1325 2836 1366 cum
2879 1309 3227 1377 adimplesset
3266 1322 3497 1378 omnem
3529 1321 3751 1363 (nconc-

2156 1385 2317 1439 miam
2338 1424 2353 1450 ,
2376 1379 2847 1437 consubstantialis
2872 1379 3014 1435 Patri
3052 1379 3319 1450 existens,
3352 1377 3591 1450 ejusdem
3613 1391 3745 1450 mpo-

2157 1448 2360 1517 lentiae,
2396 1467 2499 1506 una
2529 1451 2799 1516 divinitas,
2824 1465 2925 1503 una
2958 1458 3215 1520 potestas,
3259 1449 3432 1520 Patris
3460 1457 3515 1504 et
3546 1448 3665 1520 Filii
3695 1458 3751 1504 et

2156 1525 2389 1590 Spiritus
2412 1522 2578 1577 sancti
2610 1537 2622 1572 :
2656 1536 2817 1591 quam
2847 1518 3164 1575 Trinitatem
3196 1534 3295 1573 nos
3316 1518 3508 1591 lideles
3547 1518 3742 1573 adora-

2157 1608 2314 1656 mus,
2368 1608 2509 1649 nunc
2546 1601 2601 1647 ct
2644 1590 2898 1662 semper,
2953 1601 3008 1647 et
3070 1592 3123 1646 in
3183 1590 3362 1647 secula
3419 1591 3746 1647 seculorum.

2155 1667 2348 1718 Amen.

442 1893 509 1937 IN
556 1893 796 1937 CODICE
836 1891 945 1936 ius.
992 1890 1421 1943 corsmvmvo,
1465 1891 1627 1937 non.
1692 1890 1939 1949 Lxxvu,
1988 1890 2046 1933 Ρ.
2104 1871 2238 1943 W1,
2294 1890 2568 1934 noun.“
2627 1888 2910 1942 secusne
2982 1889 3304 1933 ausurus.
3366 1887 3483 1931 cs'r
3529 1890 3747 1935 aurem

523 1992 747 2036 CODEX
786 1991 858 2034 ιι
900 1990 1151 2047 εεοῠιι,
1195 1990 1597 2044 MULTUMQUE
1631 1990 1985 2036 DISCREPAT
2011 1992 2094 2036 ΔΒ
2120 1990 2499 2036 APOGBAPHO
2545 1991 2607 2035 Υ.
2652 1988 2749 2035 CL.
2800 1989 3032 2035 DOMINI
3075 1991 3349 2049 TAYLOR,
3397 1994 3506 2049 QUI
3553 1995 3748 2039 ιιιΑΜ

524 2093 908 2138 EISCBIPSIT
948 2093 1038 2136 EX
1080 2091 1335 2149 CODICE,
1381 2091 1490 2135 UB!
1531 2092 1753 2138 MAGNA
1797 2092 1952 2137 PARS
1997 2091 2286 2137 HOMILIB
2327 2091 2394 2134 IN
2437 2090 2593 2135 FINE
2631 2089 3102 2134 DESIDEMTUR.

436 2239 673 2283 QANCTI
719 2238 944 2283 PATRIS
989 2237 1220 2282 NOSTBI
1261 2236 1522 2282 JOANNIS
1550 2238 2016 2297 CBRYSOSTOMI,
2048 2238 2531 2285 ARCHIEPISCOPI
2565 2237 3329 2290 CONSTANTINOPOLITANJ.
3367 2242 3637 2286 BﬂMlLlA
3683 2247 3747 2288 IN

1156 2336 1454 2384 STAGNUM
1494 2338 1892 2398 GENESARET,
1937 2341 2020 2384 ET
2063 2342 2128 2385 IN
2173 2341 2226 2385 8ο
2272 2340 2532 2383 PETRUH
2582 2339 2978 2385 APOSTOLUM.

512 2471 748 2541 Quando
775 2470 1009 2526 celebris
1046 2478 1131 2526 est
1169 2470 1446 2542 magister,
1477 2478 1604 2528 tunc
1629 2471 1921 2542 discipulus
1961 2481 2047 2528 est

432 2544 907 2614 obsequens,tune
926 2542 1221 2614 discipulus
1236 2541 1431 2614 bonam
1444 2556 1594 2614 spem
1611 2541 1775 2598 habet
1793 2560 1807 2596 :
1832 2544 2046 2614 quando

434 2612 708 2684 magiStcr
731 2624 812 2669 est
841 2612 1059 2684 alacris,
1095 2621 1219 2684 tunc
1239 2612 1381 2668 idem
1408 2613 1661 2683 magister
1684 2612 1888 2668 lucrum
1921 2630 2045 2683 per-

434 2682 575 2756 cipit
602 2702 617 2739 :
644 2698 770 2738 cum
797 2683 1094 2756 discipulus
1119 2682 1449 2756 diligentiam
1475 2682 1720 2756 exhibet.
1747 2694 1875 2739 tunc
1896 2682 2044 2739 idem

432 2754 742 2827 discipulus
771 2754 1011 2824 magistri
1057 2755 1458 2827 artemexcipit
1482 2796 1498 2820 ,
1545 2754 1760 2827 quando
1785 2757 2046 2810 exercita-

435 2825 648 2882 tionem
676 2834 736 2880 ut
764 2835 971 2895 gratam
1002 2825 1366 2896 amplectitur.
1389 2825 1535 2896 Alias
1560 2825 1705 2880 enim
1736 2840 1840 2880 non
1868 2835 2043 2896 potest

436 2913 682 2965 unquam
719 2894 984 2966 magister
1007 2894 1332 2966 enitescere,
1361 2896 1463 2951 nisi
1494 2895 1739 2966 discipuli
1770 2894 2042 2966 lucernam

431 2982 729 3023 accensam
757 2967 995 3022 inveniat
1023 2965 1144 3037 oleo
1174 2966 1373 3021 amoris
1400 2965 1698 3037 disciplinae
1726 2967 1999 3037 irrigatam
2025 2984 2038 3020 :

430 3050 492 3093 et
520 3037 660 3092 alias
702 3052 808 3092 non
838 3046 1017 3106 potest
1044 3036 1337 3108 discipulus
1361 3036 1665 3108 splendere,
1696 3038 1796 3092 nisi
1826 3036 2040 3108 Sapien-

431 3111 528 3164 tiae
551 3110 703 3165 rivos
723 3107 936 3163 abunde
958 3107 1216 3179 magister
1236 3106 1494 3164 effundat.
1518 3107 1649 3163 Nam
1675 3106 2042 3179 utrique'parti

428 3196 607 3236 cursu
645 3194 783 3250 Opus
813 3188 897 3233 est
919 3188 970 3232 et
997 3177 1273 3244 diligentia
1295 3221 1311 3245 ,
1343 3187 1398 3234 ct
1428 3186 1486 3233 ut
1529 3179 1731 3250 melius,
1757 3177 2040 3235 aedilicium

429 3249 809 3311 construatur,
830 3259 1117 3316 utrumque
1131 3257 1339 3319 oportet
1360 3264 1455 3304 sua
1481 3263 1576 3318 pro
1599 3249 1737 3305 virili
1758 3250 2038 3306 conferre:

429 3321 509 3375 ita
534 3331 597 3376 ut
621 3322 710 3376 hic
730 3320 947 3389 quidem
969 3319 1205 3390 linguam
1228 3327 1406 3386 acuat,
1435 3319 1524 3375 ille
1545 3335 1673 3375 vero
1697 3335 1852 3375 aures
1874 3321 2040 3390 probe

428 3391 697 3447 adhibeat
719 3408 739 3446 :
764 3399 821 3446 et
842 3390 928 3445 hic
955 3391 1173 3459 quidem
1204 3390 1534 3446 intellectum
1562 3395 1700 3446 bene
1722 3392 2037 3447 instructum

430 3461 659 3530 haheat,
687 3462 780 3519 ille
811 3475 943 3517 vero
971 3469 1208 3531 mentem
1241 3462 1578 3530 tranquillam
1619 3463 1878 3531 praebeat.
1915 3462 2038 3517 llaec

427 3542 621 3589 autem
647 3549 755 3588 non
786 3532 962 3587 solum
991 3533 1045 3586 in
1075 3530 1236 3586 rebus
1262 3532 1537 3601 corporeis
1563 3530 1865 3588 necessaria
1891 3541 2035 3597 sunt,

425 3604 531 3658 sed
570 3605 736 3659 etiam
786 3604 839 3659 in
881 3601 1251 3672 Spiritualibus
1292 3602 1551 3658 curanda.
1596 3602 1744 3658 Sicut
1789 3603 1932 3658 enim
1982 3602 2037 3656 in

426 3675 717 3754 corporeis
742 3674 1031 3754 nonaliter
1059 3688 1193 3754 puer
1215 3687 1253 3754 a
1270 3673 1418 3754 virga
1442 3673 1719 3754 liberatur,
1744 3688 1906 3754 quam
1928 3672 2038 3754 dis-

425 3744 654 3817 ciplinis
681 3743 1013 3817 invigilando
1042 3742 1158 3817 :lita
1183 3744 1343 3817 etiam
1364 3742 1427 3798 in
1449 3742 1717 3817 doctrinis
1729 3742 2037 3817 _s’pirituaii~_

422 3813 558 3877 hos.
581 3832 690 3871 non
707 3813 863 3871 aliter
884 3830 915 3870 a
935 3814 1387 3870 condemnatione
1412 3815 1707 3871 absolvitur
1728 3813 1910 3879 homo,
1933 3813 2036 3869 nisi

425 3886 486 3941 in
533 3886 659 3957 lege
704 3887 935 3953 Domini,
983 3894 1041 3941 ut
1078 3887 1154 3940 ait
1202 3884 1485 3957 prapheta,
1527 3885 1813 3941 meditetur
1850 3885 2036 3957 dieac

427 3954 617 4013 nocte:
646 3957 783 4014 Cum
826 3960 941 4012 haec
971 3956 1132 4025 igitur
1158 3954 1227 4010 ita
1257 3968 1325 4025 se
1346 3954 1578 4011 habeant
1602 3998 1617 4023 ,
1649 3964 1704 4012 et
1730 3971 1918 4011 omnes
1950 3956 2037 4011 hic

429 4038 737 4094 praesentes
764 4029 934 4083 simus
969 4024 1168 4082 Christi
1194 4024 1545 4093 condiscipuli
1573 4044 1587 4092 ;
1619 4041 1783 4081 unum
1810 4027 1954 4081 enim
1982 4034 2037 4086 et

423 4098 688 4156 eumdem
719 4099 981 4154 habemus
1022 4111 1214 4153 omnes
1254 4095 1610 4152 institutorem
1642 4108 1698 4152 et
1731 4097 2031 4164 doctorem,

422 4168 1052 4234 Christum,sccundum
1083 4166 1212 4223 illud
1252 4166 1490 4221 divinum
1518 4168 1720 4222 dictum
1743 4209 1759 4231 ,
1794 4167 1862 4222 Et
1889 4176 2035 4224 erunt

423 4255 611 4311 crimes
635 4241 878 4296 docibiles
903 4238 998 4294 Dei
1022 4236 1297 4311 (Joan.Vl_,
1323 4235 1414 4308 45)
1437 4252 1454 4290 :
1480 4252 1601 4308 age,
1630 4238 1790 4294 hodie
1821 4254 2034 4311 quoque

422 4309 706 4391 duplicem
733 4311 974 4366 auditum
995 4351 1011 4378 ,
1031 4307 1373 4391 spiritualem
1396 4307 1591 4391 iing
1611 4319 1668 4391 et
1685 4307 2028 4391 serpereu'm,

423 4379 599 4436 latius
641 4396 967 4451 apparemus
994 4379 1403 4451 ad’doctrinam
1439 4379 1783 4451 Domiuirut
1808 4382 2030 4436 verbum

420 4454 586 4521 quasi
608 4449 795 4509 semen
813 4452 1142 4522 excipientes
1167 4466 1235 4506 ex
1262 4449 1532 4504 fructuosa
1557 4450 1644 4504 illa
1670 4450 2032 4522 obsequentia:

421 4524 606 4590 spica,
655 4524 924 4593 possimus
970 4524 1200 4578 l‘ructum
1253 4522 1493 4593 proferre
1539 4522 1643 4593 vel
1676 4524 2029 4593 trigesimum,

426 4591 1005 4665 veliseit'agesimum,
1058 4592 1143 4665 vel
1188 4591 1565 4665 centesimum.
1620 4592 1831 4646 Audisti
1887 4596 2030 4649 enim

417 4664 598 4719 modo
643 4661 843 4736 Lucam
890 4662 1274 4736 evangelistam
1319 4661 1637 4736 clamantem
1683 4679 1697 4717 :
1744 4665 2033 4718 Ascendem

418 4745 605 4789 autem
632 4732 786 4791 Iesus
810 4736 862 4790 in
889 4732 1055 4790 uitaui
1077 4735 1247 4805 navim
1276 4742 1534 4805 qua:_erat
1551 4732 1809 4805 ﬁnitionis,
1836 4736 2034 4805 rogavit

416 4822 549 4860 eum
568 4822 614 4877 να
641 4816 778 4861 terra
814 4806 1058 4862 reducm:
1085 4802 1328 4875 pusillum
1357 4802 1509 4877 (Luc.
1550 4802 1611 4873 V,
1649 4804 1728 4875 5).
1760 4804 1825 4859 Et
1853 4802 2033 4861 sedens

414 4876 644 4933 docebat
669 4877 734 4930 de
756 4878 996 4932 navicula
1021 4878 1214 4931 turbas.

502 4946 700 5005 Vidisti
743 4947 983 5018 Magistri
1015 4947 1250 5002 divinam
1272 4943 1582 5018 doctrinam
1602 4945 1834 5018 ?7vidisti
1864 4947 2031 5003 turba:

412 5018 719 5075 amabilem
751 5015 1171 5075 collectionem?
1200 5016 1381 5072 vidisti
1421 5015 1807 5087 discipulorum
1836 5019 2031 5074 anim-.e

414 5091 619 5146 utilem
664 5089 1042 5160 diligentiam?
1084 5089 1263 5160 vidisti
1316 5087 1594 5160 hominum
1635 5087 1897 5160 mercede
1952 5089 2031 5144 di-

411 5176 603 5232 gnam,
622 5157 1117 5232 perseverantiam?
1141 5159 1279 5232 Num
1305 5158 1427 5232 quis
1453 5172 1517 5213 ex
1546 5157 1888 5232 audientibus
1919 5176 2033 5215 ver-

415 5228 555 5287 bum
588 5228 683 5286 Dei
714 5230 940 5288 allectus
964 5239 1049 5286 est
1081 5230 1262 5297 tatdio,
1294 5228 1378 5284 vel
1406 5244 1440 5300 7a
1469 5236 1660 5300 stagno
1698 5228 1850 5293 abiit,
1882 5232 1962 5286 vel
1998 5245 2028 5285 a

412 5311 613 5357 monte
649 5301 952 5369 descendit,
993 5301 1080 5357 vel
1113 5301 1321 5372 rogavit
1360 5299 1569 5372 dicens,
1594 5311 1655 5372 ut
1687 5301 1847 5371 aliqui
1894 5317 2030 5371 prae-

413 5373 662 5430 sentium
696 5390 711 5427 :
737 5372 848 5428 Cur
875 5370 1458 5428 sermonem—extendis
1479 5413 1495 5438 ,
1525 5370 1819 5442 magister?
1857 5370 2030 5428 habeo

414 5445 567 5513 quod
600 5458 781 5514 agam,
808 5453 1088 5512 exsliectat
1117 5457 1204 5498 me
1229 5445 1461 5514 societas
1484 5446 1750 5514 quaedam,
1790 5443 2028 5499 nondum

412 5512 486 5588 ad
513 5512 806 5588 prandium
835 5515 1140 5588 necessaria
1167 5515 1294 5588 emi,
1322 5512 1536 5588 layandi
1566 5522 1777 5588 tempus
1801 5526 2026 5585 prmter-

413 5582 754 5653 iit,’demum
799 5594 965 5642 aestus
1006 5600 1092 5641 me
1119 5585 1334 5655 invasit.
1381 5582 1520 5639 Num
1550 5582 1762 5654 quis‘cx
1794 5582 2031 5655 praesen-

414 5659 587 5725 tibus,
628 5657 726 5714 illo
766 5665 1030 5727 tempore,
1063 5657 1290 5727 Domino
1318 5653 1509 5727 horum
1536 5653 1809 5726 quidpiam
1851 5657 2029 5712 dixit?

409 5727 775 5800 Nequaquam
823 5725 1087 5800 profecto.
1120 5726 1346 5795 Quare?
1384 5725 1520 5794 Quia
1552 5725 1820 5800 noverant
1855 5728 2027 5798 ipsum

412 5796 563 5856 bona
600 5796 788 5855 omnia
825 5796 1012 5855 dicere
1039 5798 1093 5853 in
1126 5808 1369 5868 tempore
1406 5812 1525 5853 suo.
1570 5796 1824 5853 lntroiisti
1859 5796 1909 5853 in
1940 5815 2029 5855 ce-

409 5871 641 5930 clesiam
688 5871 810 5938 Dei,
855 5871 1052 5943 dignus
1093 5867 1306 5927 habitus
1347 5883 1407 5927 es
1456 5868 1655 5926 Christi
1695 5884 2025 5940 congressu:

2160 2473 2263 2529 nisi
2291 2473 2596 2533 dimittaris.
2640 2488 2707 2529 ne
2734 2488 2896 2529 exeas
2922 2491 2937 2538 ;
2982 2474 3026 2528 si
3052 2476 3195 2530 enim
3224 2487 3349 2532 ante
3375 2476 3745 2536 dimissionem

2158 2560 2340 2619 exeas,
2376 2554 2433 2599 ut
2460 2542 2717 2619 fugitivus
2739 2544 2878 2619 viam
2900 2543 3107 2619 dirigis:
3140 2545 3244 2619 sex
3267 2545 3454 2619 diebus
3485 2549 3539 2605 in
3558 2564 3748 2619 corpo-

2153 2616 2357 2670 ralibus
2399 2616 2699 2687 occuparis,
2741 2624 2796 2672 et
2837 2615 3045 2671 duabus
3094 2615 3241 2687 horis
3279 2618 3332 2672 in
3378 2615 3747 2687 spiritualibus

2155 2700 2390 2742 versare.
2420 2685 2538 2741 Noli
2571 2685 2656 2741 hic
2684 2687 3010 2746 contristari.
3039 2696 3091 2743 et
3117 2686 3260 2743 foras
3285 2685 3471 2743 hilaris
3497 2705 3650 2752 esse;
3680 2708 3749 2749 ne

2154 2756 2241 2813 hic
2263 2758 2487 2823 nutatio,
2511 2765 2565 2828 et
2587 2756 2719 2813 foris
2743 2757 2972 2812 attentio
2997 2774 3012 2825 ;
3036 2758 3143 2812 noli
3168 2759 3254 2814 hic
3272 2759 3515 2828 laudare,
3537 2772 3591 2816 et
3619 2762 3748 2818 l‘ori’s

2156 2829 2477 2897 vituperare.
2508 2827 2616 2883 Res
2654 2828 2862 2883 Domini
2892 2828 3210 2897 opponimus
3242 2849 3255 2885 :
3287 2845 3353 2885 an
3385 2827 3514 2887 vero
3541 2832 3748 2888 fabulas

2153 2898 2421 2972 loquimur
2441 2898 2475 2972 “ig
2495 2897 2878 2972 prophetarum
2903 2900 3065 2954 verba
3097 2900 3320 2972 legimus
3352 2918 3365 2955 :
3395 2916 3461 2955 an
3504 2918 3631 2958 vero
3652 2905 3748 2972 ju~.

2151 2967 2265 3025 stos
2302 2967 2648 3024 fastidimus?
2675 2971 3040 3038 apostolorum
3083 2967 3407 3027 mentionem
3441 2967 3699 3031 habemus
3732 2995 3744 3030 :

2148 3054 2216 3095 an
2241 3054 2370 3114 vero
2395 3051 2574 3111 patres
2603 3040 2757 3114 nihili
2796 3041 3018 3114 iacimus
3045 3040 3068 3094 ’ἶ
3097 3040 3163 3114 ln_
3186 3041 3452 3114 theatrum
3483 3058 3626 3114 saepe
3655 3062 3745 3101 as-

2148 3112 2355 3177 cendis,
2387 3120 2442 3167 et
2460 3118 2585 3166 ante
2609 3111 2975 3168 dimissionem
2999 3127 3106 3167 non
3133 3111 3451 3179 descendis;
3484 3115 3536 3168 in
3563 3111 3745 3171 eccle-

2148 3181 2284 3255 siam
2312 3197 2444 3255 vero
2469 3182 2666 3255 intras,
2698 3191 2753 3255 et
2781 3194 2904 3255 ante
2929 3183 3106 3255 divina
3135 3186 3390 3255 mysteria
3429 3186 3743 3254 egrederis?

2147 3250 2325 3308 Metue
2367 3252 2517 3308 illum
2553 3254 2641 3321 qui
2689 3252 2823 3307 dixit
2865 3271 2876 3305 :
2915 3253 3016 3319 Qui
3061 3250 3330 3309 contemnit
3376 3250 3501 3318 reni,
3549 3257 3612 3310 ab
3652 3258 3744 3313 illi:

2145 3332 2505 3395 contemneturr
2546 3322 2728 3395 (_Prov.
2758 3322 2898 3390 Xlll,
2934 3324 3043 3395 15).
3073 3324 3211 3395 Quid
3244 3341 3372 3394 ergo
3401 3325 3528 3379 dicit
3570 3326 3741 3382 Lucas

2133 3394 2516 3464 evangelista?
2547 3392 2766 3447 Factum
2805 3404 2877 3448 est
2911 3392 3027 3448 cunt
3078 3394 3224 3464 turba
3273 3392 3486 3449 irrueret
3547 3398 3599 3449 in
3647 3398 3735 3453 Je-

2143 3462 2345 3539 snumfet
2362 3464 2471 3532 ipse
2486 3464 2653 3539 ctabct
2678 3480 2822 3539 secus
2846 3473 3080 3539 stagnum
3093 3462 3376 3539 generaret
3395 3464 3551 3535 (Luc.
3570 3467 3634 3529 V,
3664 3470 3738 3539 1).

2143 3531 2190 3587 Ο
2220 3535 2442 3607 ρεπιὶιαίηι
2484 3534 2691 3607 Domini
2718 3531 3014 3607 doctrinam
3040 3536 3055 3590 ι
3085 3534 3276 3591 ﬂuvius
3303 3531 3459 3592 secus
3483 3531 3733 3607 stagnum

2144 3604 2319 3659 stabat
2342 3620 2356 3668 ;
2382 3606 2489 3659 imo
2507 3619 2636 3659 vero
2660 3604 2933 3659 hominum
2961 3608 3192 3675 piscator
3211 3608 3356 3662 venit
3377 3607 3444 3661 ad
3468 3604 3736 3674 stagnum.

2145 3682 2203 3749 t_tt
2240 3675 2741 3749 piscium__captores
2768 3686 3006 3749 caperet.
3034 3676 3178 3731 Nihil
3205 3677 3351 3733 enim
3382 3679 3568 3734 inutile
3597 3682 3738 3749 apud

2146 3744 2427 3800 Dominum
2455 3745 2762 3801 Christum:
2792 3744 2897 3803 non
2923 3747 3093 3809 locus,
3122 3764 3228 3803 non
3261 3762 3460 3812 sermo,
3484 3765 3588 3803 non
3620 3744 3741 3806 a-ni-

2142 3830 2286 3885 gma,
2316 3830 2422 3871 non
2454 3823 2754 3888 suggestus.
2784 3818 2917 3886 Quia
2943 3819 3085 3873 enim
3112 3819 3323 3885 Petrus,
3357 3820 3619 3887 Andreas,
3652 3821 3739 3876 Ja-

2141 3888 2308 3942 cobus
2348 3896 2404 3942 et
2445 3885 2681 3961 Joannes
2723 3888 2777 3961 in
2813 3885 3010 3960 ’stagno
3050 3888 3345 3961 Genesaret
3397 3885 3736 3961 piscatoriam

2141 3965 2314 4030 artem
2341 3959 2698 4030 exercebant,
2729 3958 2783 4013 in
2811 3958 3039 4015 occultis
3068 3975 3218 4030 spem
3251 3958 3507 4016 habentes
3527 4002 3541 4026 ,
3572 3963 3738 4018 scissa

2142 4028 2273 4082 retia
2297 4028 2579 4098 jaeientcs,
2609 4044 2729 4085 cum
2760 4030 3024 4086 immenso
3056 4028 3319 4100 profundo
3342 4041 3736 4099 concertantes,

2141 4101 2446 4172 nescientes
2494 4114 2749 4172 quorsum
2794 4110 3007 4158 vertere
3052 4116 3112 4156 se
3150 4112 3443 4172 oporteret,
3504 4102 3740 4159 furantes

2141 4169 2310 4243 magis
2337 4184 2494 4240 quam
2516 4169 2848 4243 laborantes,
2879 4169 3201 4228 inescautes
3223 4173 3396 4242 potius
3426 4188 3584 4243 quam
3612 4189 3739 4230 sua-
3804 4180 3809 4184 ’

2139 4239 2327 4313 dentes
2346 4239 2363 4292 ἑ
2386 4255 2512 4313 nam
2537 4243 2655 4295 sine
2680 4241 2866 4296 fraude
2897 4243 3056 4312 piscis
3081 4259 3187 4297 non
3217 4239 3427 4313 capitur
3444 4239 3471 4313 ’ξ
3501 4243 3600 4299 hos
3632 4245 3740 4299 Do-

2141 4309 2338 4378 minus,
2366 4311 2547 4367 divino
2588 4318 2645 4366 et
2688 4309 3136 4383 erroris'experte
3165 4309 3383 4379 intuitu,
3412 4312 3479 4367 ad
3511 4315 3735 4383 piscium

2138 4393 2413 4452 capturam
2441 4392 2596 4452 aptos
2624 4382 3070 4451 cognoscens,’ad
3095 4393 3340 4452 stagnum
3362 4382 3582 4438 venit’ut
3614 4386 3743 4441 illos

2138 4453 2373 4508 vicissim
2400 4468 2593 4523 aagena
2624 4462 2859 4522 caperet,
2893 4468 2998 4508 non
3024 4454 3169 4523 jacto
3196 4455 3294 4508 reti
3327 4468 3476 4519 usus,
3504 4455 3598 4509 sed
3622 4470 3737 4512 ser-

2137 4538 2299 4594 mone
2343 4524 2407 4578 ad
2454 4523 2882 4592 persuadendum
2927 4533 3255 4594 opportuno.
3293 4524 3362 4580 Et
3409 4527 3532 4594 quia
3549 4538 3743 4594 supra-

2136 4593 2263 4649 dicti
2289 4595 2539 4664 apostoli,
2564 4593 2817 4649 naviculis
2834 4603 3079 4665 stagnum
3104 4593 3541 4665 percursantibus
3568 4593 3738 4652 liden-

2138 4673 2241 4736 t_es,
2272 4680 2377 4719 non
2407 4666 2801 4736 cognoscebant
2831 4675 2883 4720 et
2909 4666 3081 4736 stagni
3115 4666 3256 4722 illius
3279 4675 3334 4723 et
3361 4667 3735 4723 universorum

2139 4733 2457 4807 Dominum;
2480 4733 2690 4792 idcirco
2729 4737 2876 4791 venit
2906 4733 3163 4792 Dominus
3191 4737 3245 4792 in
3285 4747 3554 4807 stagnum,
3586 4748 3642 4792 nt
3682 4749 3737 4794 et

2138 4805 2322 4879 t_nrbas
2347 4806 2589 4873 doceret,
2613 4816 2669 4861 et
2686 4807 2980 4879 piscatores
3007 4807 3166 4863 hamo
3186 4805 3421 4879 caperet.
3445 4808 3581 4877 Quid
3609 4824 3737 4879 ergo

2135 4873 2266 4947 dicit
2292 4878 2662 4947 evangelista?
2686 4873 2976 4932 Ascendet“
2999 4889 3169 4932 autem
3191 4873 3345 4933 Iesus
3374 4878 3428 4932 in
3457 4873 3613 4932 unam
3642 4873 3737 4932 υἱι-

2135 4946 2400 5073 vim,uquaa
2434 4946 2542 5005 erat
2571 4948 2832 5015 Simonis,
2869 4956 3067 5019 rogavit
3108 4964 3223 5002 eum
3261 4964 3293 5002 a
3323 4959 3460 5002 terra
3500 4950 3737 5003 reducere

2135 5034 2249 5073 pust
2295 5035 2400 5073 um.

2135 5019 2400 5090 pugillum.

2207 5087 2374 5160 Vides
2420 5088 2691 5160 quomodo
2720 5090 2775 5145 in
2815 5089 2991 5145 navim
3030 5090 3307 5156 ascendit,
3340 5089 3428 5159 qui
3468 5089 3592 5144 navi
3628 5104 3734 5145 non

2137 5158 2453 5231 indigebat,‘
2480 5170 2539 5216 ut
2579 5160 2857 5215 dominum
2897 5161 3053 5231 navis
3096 5158 3431 5231 lucraretur.
3457 5160 3737 5231 Curivero

2134 5229 2410 5303 Simfmem
2439 5239 2594 5303 rogat
2621 5231 2923 5303 Dominus?
2945 5229 3097 5303 cur?
3122 5231 3246 5287 audi
3272 5245 3394 5286 cum
3424 5229 3735 5300 intelligen-

2137 5302 2231 5357 tia.
2262 5302 2473 5369 Simon,
2510 5301 2574 5357 ut
2611 5301 2772 5357 modo
2798 5301 3016 5369 audisti,
3048 5316 3169 5357 cum
3195 5317 3291 5371 per
3318 5310 3487 5356 totam
3521 5311 3735 5358 noctem

2137 5371 2456 5437 laborasset,
2489 5379 2545 5428 et
2573 5372 2707 5429 nihil
2733 5374 2984 5443 cepisset,
3028 5388 3090 5428 re
3118 5374 3315 5427 infecta
3347 5372 3565 5443 mansit.
3595 5372 3735 5429 Gra-

2135 5443 2355 5500 vissime
2390 5452 2571 5498 autem
2595 5459 2711 5499 rem
2737 5442 2963 5509 ferebat,
2994 5444 3175 5497 lavans
3206 5447 3340 5499 retia
3361 5484 3377 5510 ,
3409 5453 3466 5499 et
3494 5442 3737 5499 laborem

2136 5514 2306 5570 labori
2344 5514 2567 5578 addens,
2598 5515 2915 5585 lncrumque
2945 5514 3152 5585 nullum
3182 5515 3500 5585 respiciens.
3529 5513 3735 5571 Idcirco

2137 5585 2418 5653 Dominus,
2443 5601 2567 5642 cum
2586 5586 2793 5643 videret
2812 5584 3030 5641 Petrum
3053 5584 3105 5639 in
3132 5584 3413 5654 maestitia,
3427 5585 3737 5642 consolatur

2137 5657 2308 5727 ipsum
2341 5674 2354 5710 :
2379 5656 2687 5713 consolator
2705 5657 2849 5711 enim
2871 5655 3194 5712 afﬂictorum
3220 5669 3325 5715 est.
3353 5659 3547 5714 Statim
3579 5658 3733 5712 enim

2138 5729 2226 5785 ubi
2259 5727 2391 5783 vidit
2428 5728 2688 5783 Dominus
2715 5727 2991 5785 Simonem
3023 5738 3453 5796 consternatum,
3495 5729 3730 5783 hortato-

2135 5800 2219 5856 rio
2246 5813 2495 5871 sermone
2518 5799 2724 5856 dixitei
2755 5815 2770 5853 :
2803 5799 2911 5855 Pro
2936 5799 3148 5855 tantillo
3178 5808 3422 5871 tempore
3447 5799 3579 5871 mihi
3610 5813 3734 5853 mu—

2139 5882 2228 5923 tuo
2254 5871 2321 5925 da
2353 5870 2623 5945 navigium
2663 5880 2834 5941 tuum,
2879 5878 3062 5939 nauta,
3103 5880 3162 5928 ut
3190 5870 3464 5941 ingressus
3506 5870 3729 5926 doceam

3326 6086 3371 6140 ρ
