4194 6470
546 359 613 414 49
1892 358 2137 417 suum
2177 360 2508 432 eumnam.
3750 380 3821 436 so

545 473 892 547 orndiamqtte
921 473 1311 547 multitudinem
1333 517 1370 547 ,4
1392 491 1549 543 quam
1592 492 1678 532 me
1706 489 2017 547 sequentem
2052 482 2129 547 vi:

544 545 681 598 des:
714 544 991 613 navigium-
1011 554 1158 599 tuum
1186 546 1314 600 mihi
1346 545 1436 601 fiat
1462 547 1687 601 ecclesia
1713 587 1728 611 ,
1759 544 1915 603 nauta
1951 568 1965 604 :
2008 544 2132 606 audi

546 614 769 687 verbum
800 614 916 687 Dei.
939 614 1057 669 Noli
1080 630 1166 687 me
1191 616 1550 686 importunum
1582 626 1771 687 putare
1797 634 1811 672 :
1841 622 1961 674 veni
1986 622 2130 676 enim

547 693 603 737 nt
645 686 695 738 te
725 684 1001 761 meliorem
1032 684 1281 761 reddam;
1315 684 1798 761 Reli’nque'vanatn
1828 704 1976 761 spem
2006 707 2131 746 cor-

545 756 1253 880 roreantasplritualetnrpte
1275 754 1571 840 portionem
1588 754 1941 829 circumspice
1960 778 1974 821 ;
2005 778 2133 831 patr~

568 826 714 879 tilum
744 829 870 879 ll'tlltl
903 836 1088 879 mutuo
1118 829 1182 880 da
1225 843 1490 880 navtmum
1518 839 1690 880 tuum.
1725 841 1904 880 nauta.
1944 831 2130 880 Simon

568 826 714 879 tilum
744 826 870 879 mihi
903 836 1088 879 mutuo
1118 829 1182 880 da
1225 829 1490 896 navigium
1518 839 1690 893 tuum,
1725 826 1904 885 nauta.
1944 826 2130 887 Siinon

544 910 677 951 vero
711 896 888 951 adhuc
915 897 1198 952 immersus
1240 899 1311 952 im
1341 900 1648 954 maestitiam
1690 903 1761 954 ob
1787 900 1981 961 frustra
2013 917 2133 958 sus-

542 977 756 1037 ceptum
780 967 1039 1038 laborem,
1063 968 1399 1038 respondens
1428 969 1812 1027 Dominocdixit
1839 990 1854 1027 :
1888 971 2039 1028 Unde
2062 973 2128 1028 ad

543 1046 632 1092 me
659 1037 892 1102 venisti,
922 1037 1085 1092 homo
1111 1037 1431 1107 peregrine?
1455 1054 1552 1094 cur
1580 1040 1708 1094 mihi
1739 1042 1995 1098 molestus
2027 1044 2131 1099 es?

543 1054 632 1092 me
659 1054 855 1091 νθπιειι
877 1079 892 1102 ,
924 1054 1085 1092 1101110
1111 1054 1388 1162 peregrine
1408 1054 1431 1092 ἴ
1455 1054 1552 1094 Ctll‘
1580 1054 1708 1094 Imm
1739 1054 1995 1098 mOICSlllS
2027 1058 2086 1099 es
2106 1054 2131 1097 Τ

541 1107 712 1178 aliam
733 1108 1087 1177 circumspice
1113 1123 1240 1177 scap
1280 1123 1389 1175 am,
1417 1110 1463 1165 si
1495 1111 1576 1165 vis
1607 1111 1658 1164 in
1685 1120 1875 1178 stagno
1897 1128 2131 1169 commo-

543 1178 673 1252 rari.
697 1177 859 1252 Vides
879 1193 972 1252 me
1000 1179 1289 1252 lugentem,
1319 1188 1501 1252 utpote
1528 1194 1663 1249 pane
1691 1177 2048 1252 indigentem,
2077 1193 2131 1240 et

545 1248 765 1325 verbum
802 1249 891 1325 Dei
923 1257 974 1303 te
1011 1249 1296 1304 allaturum
1326 1248 1632 1325 promittis?
1661 1249 1775 1306 Non
1815 1248 2130 1325 circumspi-

541 1321 678 1373 ciam
721 1318 862 1373 unde
890 1329 1167 1389 argentum
1210 1318 1397 1374 mutuo
1429 1321 1685 1389 accipiam
1706 1363 1721 1385 ,
1753 1333 1810 1377 ut
1834 1318 2130 1382 socrum'et

541 1404 769 1462 uxorem
803 1402 973 1444 meam
1002 1389 1140 1462 alam
1166 1407 1181 1455 ;
1215 1391 1309 1462 sed
1347 1390 1439 1445 tibi
1468 1392 1734 1461 navigium
1765 1394 2125 1462 substernam,

540 1470 597 1533 ut
632 1460 719 1515 die
745 1460 1249 1533 noctequefrnstra
1290 1461 1573 1533 laborem?
1600 1460 1663 1516 Si
1694 1465 1906 1518 naulum
1945 1460 2125 1533 affers,

540 1530 815 1597 inscende,
848 1531 899 1585 in
927 1531 1224 1586 naviculam
1250 1549 1265 1599 ;
1292 1532 1376 1587 sin
1408 1532 1605 1597 minus,
1636 1533 1720 1587 abi
1739 1534 1964 1589 obsecro
1998 1554 2011 1590 :
2044 1530 2130 1591 me

538 1602 682 1656 enim
704 1603 904 1656 donum
931 1601 1046 1666 alit,
1070 1616 1175 1655 non
1197 1616 1398 1657 sermo.
1424 1602 1558 1656 Tum
1584 1603 1842 1659 Dominus
1862 1605 1928 1658 ad
1954 1605 2128 1660 Sitne-

540 1688 711 1745 nem;
742 1671 820 1745 Ne
860 1670 1213 1745 :eg_re_fet_'as_._
1244 1672 1468 1737 Simon;
1499 1688 1624 1745 vere
1660 1683 1717 1728 ut
1744 1684 1902 1727 nauta
1940 1675 2126 1745 loque-

539 1742 634 1815 ris.
673 1742 904 1815 Verbum
935 1743 1026 1797 Dei
1043 1741 1118 1815 ad
1148 1741 1457 1798 alimentum
1485 1743 1603 1813 plus
1627 1760 1786 1815 quam
1818 1746 1971 1815 panis
1991 1741 2123 1801 cou-

538 1812 645 1868 fert
675 1829 689 1866 :
712 1812 924 1868 abande
941 1822 992 1867 te
1007 1813 1149 1868 alam
1165 1828 1187 1884 7:
1210 1828 1329 1884 sum
1351 1812 1499 1868 enim
1517 1813 1670 1884 panis
1690 1812 1835 1869 vitae."
1850 1815 1926 1871 Ne
1951 1828 2124 1872 meam

578 1884 879 1954 rassentiam
904 1892 1058 1954 putes
1082 1883 1177 1941 tibi
1202 1883 1526 1940 detrimento
1551 1899 1672 1940 esse
1702 1902 1715 1938 :
1743 1897 1998 1954 quantum
2027 1903 2125 1942 vo-

578 1899 879 1939 ratsenttam
904 1899 1058 1953 putes
1082 1899 1177 1941 nm
1202 1899 1526 1940 detrimento
1551 1899 1672 1940 esse
1702 1902 1715 1938 :
1743 1899 1998 1954 quantum
2027 1903 2125 1942 vo-

538 1899 700 2029 Pdetfis
725 1954 908 2029 accipe
941 1952 1162 2029 {divitis
1200 1954 1701 2029 enim'_patris_flli_tts
1720 1968 1838 2029 sum
1863 1956 2125 2029 locuples.

611 2025 703 2079 llis
727 2025 922 2081 auditis
946 2023 1156 2088 Simon,
1184 2034 1248 2080 a'c
1275 2023 1423 2080 vultu
1446 2026 1601 2094 paulo
1623 2025 1864 2089 hilarior.
1892 2028 1944 2082 in
1974 2023 2124 2084 navi-

535 2096 655 2166 cula
687 2094 970 2150 Dominum
1003 2096 1207 2166 excipit
1231 2138 1246 2159 ,
1278 2110 1563 2166 remosque
1594 2111 1816 2153 movens
1843 2097 1980 2153 dixit
2004 2098 2076 2154 illi
2109 2119 2122 2156 :

538 2165 592 2220 ln
620 2166 799 2236 medio
824 2166 953 2223 sede
977 2207 994 2232 ,
1023 2165 1191 2221 homo
1214 2165 1514 2236 peregrine.
1557 2166 1718 2235 Quasi
1745 2177 2015 2225 vectorem
2043 2169 2124 2227 fe-

536 2251 661 2308 rens
703 2235 926 2292 affectus
967 2245 1122 2303 erat,
1170 2235 1417 2308 nesciens
1445 2252 1506 2293 se
1534 2253 1657 2294 eum
1688 2240 1777 2308 qui
1811 2237 1915 2295 fert
1941 2243 2121 2297 omnia

536 2307 694 2361 ferre.
739 2308 1012 2377 Ingressus
1058 2308 1221 2378 igitur
1254 2306 1411 2363 Jesus
1453 2308 1505 2362 in
1537 2306 1802 2378 navigi—um
1848 2308 2122 2378 Simonis,

536 2378 741 2449 rogavit
763 2392 886 2449 meum
914 2393 945 2433 a
972 2387 1112 2432 terra
1135 2377 1392 2449 reducere
1412 2377 1682 2449 pusillum.
1704 2378 1925 2435 Simone
1943 2377 2122 2437 autem

536 2442 685 2518 illum
713 2446 941 2518 ducente
967 2463 1063 2518 spe
1090 2442 1721 2518 recipiendae'mercedis,
1745 2450 1942 2518 sedens
1967 2450 2125 2507 Jesus

533 2509 762 2593 docebat
788 2512 856 2593 de
881 2509 1124 2593 navicula
1139 2509 1356 2593 turbas.
1369 2518 1680 2593 Δρυίά-νεειτι
1706 2509 1988 2593 docebat?
2015 2520 2124 2575 Ca-

534 2586 891 2661 ritatemtsine
919 2589 1283 2661 simulatione,
1315 2586 1474 2661 fidem
1500 2589 1617 2661 sine
1643 2588 1996 2654 dubitatione,
2026 2596 2119 2661 pa-

532 2675 650 2730 eem
679 2658 796 2716 sine
826 2659 1031 2730 fraude,
1065 2654 1359 2730 fraternum
1386 2658 1624 2715 amorem
1662 2654 2070 2729 inseparabilem
2104 2704 2121 2725 ,

535 2718 784 2802 pietatem
817 2746 922 2785 non
950 2718 1176 2802 fucatam
1204 2769 1220 2795 ,
1250 2726 1344 2802 Dei
1390 2731 1745 2802 cognitionem
1773 2718 1889 2785 sine
1914 2718 2120 2802 argenti

533 2799 785 2871 cupidine
803 2844 818 2867 ,
851 2800 1205 2871 virginitatem
1226 2800 1353 2871 _sine
1380 2799 1621 2865 macula,
1648 2802 1853 2856 asc’esm
1882 2799 1999 2857 sine
2024 2818 2121 2856 an-

533 2868 732 2942 )iietate
758 2912 772 2936 ,
799 2868 1104 2942 coniugium
1149 2869 1434 2925 indivisutn
1469 2880 1723 2925 :omnem
1759 2871 1993 2942 laborem
2025 2876 2121 2942 pro

535 2941 760 2996 veritate
799 2939 1192 3011 suscipiendum
1238 2955 1380 3008 esse,
1427 2954 1533 2994 non
1576 2939 1837 2995 timendos
1880 2946 2002 2997 esse
2025 2939 2122 2998 eos

532 3011 623 3079 qui
665 3008 916 3067 occidunt
944 3008 1196 3079 ’corpus,
1242 3010 1474 3065 animam
1520 3022 1697 3065 autem
1743 3022 1851 3065 non
1900 3016 2124 3080 possunt

533 3080 803 3153 occidere.
853 3080 980 3153 Ha-c
1023 3080 1249 3153 Domino
1295 3081 1555 3147 docente,
1583 3086 1851 3153 etiamque
1889 3080 1990 3136 alia
2022 3084 2120 3138 ad-

532 3142 738 3207 dente:
770 3152 869 3220 Qui
911 3160 1056 3205 amat
1101 3152 1335 3208 animam
1383 3142 1572 3217 suam,
1622 3142 1808 3223 perdet
1851 3162 2008 3217 eam;
2058 3169 2122 3211 ac

532 3235 770 3288 rursum,
787 3222 889 3292 Qui
911 3224 1027 3277 vult
1043 3229 1167 3293 post
1181 3237 1267 3276 tne
1287 3223 1727 3292 venire,abneget
1746 3224 2116 3293 semetipsum,

531 3300 587 3362 et
618 3293 764 3348 tollat
803 3307 1016 3348 crucem
1044 3306 1216 3356 suam,
1246 3302 1300 3348 et
1339 3300 1596 3362 sequatur
1638 3308 1764 3358 me;
1793 3302 1848 3348 et
1872 3294 2065 3349 iterum
2097 3335 2115 3361 ,

530 3360 716 3434 Nolite
734 3364 1006 3432 possidere
1047 3363 1235 3418 aurum
1258 3402 1274 3429 ,
1303 3378 1401 3416 nec
1419 3360 1728 3432 argentum,
1763 3378 1934 3434 neque
1961 3360 2122 3433 pecu-

531 3435 674 3487 niam
706 3428 757 3489 iu
790 3437 940 3489 zonis
968 3434 1177 3499 vestris,
1209 3448 1308 3488 nec
1349 3428 1534 3502 peram
1560 3475 1573 3496 .
1607 3428 1779 3503 nethe
1808 3428 2076 3489 sacculum
2100 3477 2116 3502 ,

531 3519 705 3568 neque
749 3504 880 3560 duas
924 3504 1168 3559 tunicas:
1200 3504 1314 3558 haec
1360 3506 1585 3558 Domino
1624 3502 1851 3559 decente
1877 3545 1891 3568 ,
1925 3503 2110 3561 Simon

531 3573 775 3646 audiens,
822 3574 912 3646 qui
942 3573 1162 3645 putabat
1203 3589 1267 3646 se
1305 3575 1570 3646 navigium
1615 3576 1862 3646 mercede
1908 3576 2116 3646 condu-

531 3642 687 3713 xisse
708 3642 961 3713 Domino,
981 3644 1317 3699 murmurare
1352 3642 1533 3713 coepit,
1563 3654 1618 3700 et
1647 3644 1783 3699 intra
1810 3660 1869 3700 se
1892 3644 2070 3702 dicere
2102 3666 2115 3702 :

529 3712 612 3767 An
640 3712 708 3770 ab
733 3710 834 3770 isto
883 3716 1184 3771 mercedem
1230 3729 1328 3768 nos
1369 3710 1682 3784 accepturos
1725 3728 1845 3770 esse
1887 3714 2121 3785 sperabi-

532 3785 694 3839 mus?
721 3785 773 3840 in
801 3785 1053 3840 damnum
1083 3785 1252 3840 noctis
1280 3795 1335 3840 et
1362 3785 1466 3840 diei
1490 3786 1672 3840 incidi.
1704 3785 1958 3852 Quisnam
1986 3787 2116 3842 mibi

533 3854 690 3911 hodie
718 3856 996 3912 occurrit?
1025 3854 1119 3915 Hic
1149 3856 1216 3910 de
1242 3857 1637 3924 possessionum
1683 3855 1982 3924 abjectione
2010 3855 2117 3910 dis-

528 3925 680 3990 serit,
711 3927 925 3983 nemine
950 3926 1218 3998 quidpiam
1248 3925 1550 3981 ltabendum
1576 3940 1698 3981 esse
1720 3928 1945 3998 docens.
1980 3925 2117 3981 For-

532 4007 683 4068 tasse
701 3997 813 4052 vult
838 4014 924 4052 me
950 3995 1216 4068 navigium
1239 3998 1494 4059 vendere.
1523 4006 1580 4051 ut
1610 3995 1836 4066 pretium
1865 3999 2112 4066 pauperi-

533 4066 631 4120 lms
657 4067 969 4123 distribuant
996 4066 1097 4123 tali
1128 4068 1313 4135 ipsone
1336 4068 1640 4122 mercedem
1667 4083 1751 4119 me
1773 4075 2115 4134 accepturum

528 4151 651 4191 esse
679 4152 889 4207 sperem
912 4139 936 4181 ν
964 4140 1087 4194 llaec
1111 4138 1332 4207 Simone
1356 4138 1497 4207 apud
1522 4151 1583 4192 se
1612 4137 1982 4207 ratiocinante,
2017 4139 2118 4192 Ilo-

531 4206 949 4281 utinus’docendi
973 4226 1165 4281 munus
1189 4206 1414 4281 perficit,
1433 4217 1490 4281 ut
1504 4206 1822 4281 miraculum
1839 4206 2114 4281 exhibeat,

526 4277 908 4350 Simonemque
927 4277 1209 4337 certiorem
1232 4279 1391 4334 faciat
1413 4296 1426 4332 :
1447 4278 1599 4350 labor
1621 4279 1763 4350 enim
1787 4287 1871 4333 est
1900 4277 2114 4335 idiotam

528 4348 694 4420 verbo
740 4347 1083 4420 persuadere.
1119 4350 1323 4405 Deinde
1363 4364 1487 4420 cum
1527 4347 1783 4404 Dominus
1811 4361 2115 4420 sermonem

528 4418 860 4488 perfecisset,
905 4433 960 4478 et
985 4432 1096 4478 tota
1125 4420 1406 4475 multitudo
1430 4419 1789 4488 delectaretur
1813 4458 1830 4484 ,
1855 4419 2117 4474 accedens

529 4491 716 4546 Simon
740 4487 966 4564 Domino
987 4492 1151 4564 dixit:
1177 4488 1349 4564 Verba
1371 4487 1586 4564 quidem
1615 4497 1701 4542 tua
1730 4488 1946 4564 pulchra
1970 4490 2113 4552 sunt,

527 4575 633 4614 vox
662 4569 751 4616 tua
775 4561 947 4619 dulcis
971 4603 985 4630 ,
1016 4574 1070 4619 et
1095 4561 1335 4616 doctrina
1384 4559 1471 4614 tua
1504 4559 1851 4630 veneranda;
1881 4567 2115 4614 attamen

526 4631 657 4686 mihi
686 4641 900 4702 pactum
926 4629 1079 4690 serva
1105 4650 1119 4695 ;
1144 4633 1273 4703 jube
1303 4629 1607 4703 mercedem
1632 4643 1724 4703 tne
1752 4630 1996 4703 accipere
2019 4646 2114 4703 pro

530 4698 770 4774 vectura,
796 4713 855 4759 ut
877 4720 978 4774 ego
1014 4698 1226 4774 quoque
1249 4715 1372 4756 cum
1401 4698 1741 4757 multitudine
1758 4698 2030 4771 gaudens,
2047 4702 2114 4756 ad

523 4773 743 4828 domum
771 4773 945 4830 meam
972 4773 1229 4831 revertar.

597 4826 741 4898 Tum
761 4826 1030 4901 ῧὸῐῆἰὶὶιὶέ
1043 4826 1113 4899 ad
1136 4826 1411 4899 Simonem
1441 4861 1454 4896 :
1483 4840 1632 4897 Sicut
1656 4839 1817 4913 modo
1841 4826 2110 4913 audivisti,

526 4911 733 4991 Simon,
750 4916 1053 4991 mercedem
1077 4926 1219 4991 tuam
1247 4916 1398 4967 visne
1418 4910 1826 4991 acciperejﬂttc
1850 4913 1901 4965 in
1928 4910 2111 4991 altum,

522 4994 573 5036 et
587 4984 759 5041 laxate
779 4981 903 5042 retia
924 4996 1090 5041 vestra
1110 4987 1162 5039 in
1183 4994 1450 5053 capturum
1478 4981 1629 5055 (Luc.
1658 4982 1724 5044 ν,
1752 4981 1831 5055 4),
1860 4993 1911 5037 ct
1932 4987 2114 5054 accipe

523 5057 828 5112 mercedem
867 5074 897 5110 a
928 5073 1014 5112 me
1056 5057 1148 5111 tibi
1182 5055 1518 5125 promissam.
1552 5053 1736 5108 Simon
1782 5053 1958 5125 autem
2004 5053 2111 5108 Do-

526 5125 673 5181 mino
700 5144 715 5181 :
746 5128 1013 5184 ltertmme
1039 5124 1286 5195 piscabor
1314 5134 1370 5178 et
1405 5125 1535 5179 retia
1567 5125 1757 5195 laxabo
1786 5124 1849 5179 ac
1876 5125 2110 5181 laborem

520 5198 841 5256 sustinebo?
873 5191 1160 5269 Utinaiune
1200 5211 1293 5266 per
1342 5205 1549 5250 noctem
1574 5191 1804 5269 quidem
1845 5211 1905 5249 ea
1934 5196 2113 5251 vacuis

528 5271 772 5324 manibus
822 5269 1111 5340 tetigissem
1139 5268 1264 5340 lAn
1304 5281 1431 5340 vero
1470 5266 1806 5340 peritiorme
1832 5282 1890 5321 es
1918 5269 1967 5340 in
1992 5277 2112 5340 arte

524 5341 872 5409 nautica?an
914 5330 1115 5409 aliquid
1164 5339 1214 5392 in
1258 5330 1520 5408 profundo
1545 5330 1794 5391 invisibili
1828 5338 2111 5409 possides?

525 5408 722 5464 Doctor
749 5425 870 5466 esse
892 5408 1083 5476 potes;
1112 5425 1179 5464 an
1205 5413 1364 5466 etiam
1400 5409 1618 5478 piscium
1639 5409 1926 5478 captator?
1954 5408 2050 5462 Exi
2077 5424 2109 5463 a

523 5494 611 5533 me
635 5495 652 5545 ;
685 5480 840 5536 video
858 5481 1005 5537 enim
1025 5490 1077 5537 te
1099 5480 1229 5536 nihil
1253 5476 1536 5547 ferentem.
1558 5476 1665 5533 Cur
1687 5476 1892 5588 tempus
1912 5480 2111 5548 perdo?

523 5562 701 5588 [inuno
730 5551 797 5588 2th
844 5553 994 5588 initin
1026 5554 1136 5588 hmo
1169 5551 1259 5588 ιίΙιί
1310 5552 1623 5588 Inclilimtlnc
1667 5565 1781 5588 cum
1857 5549 2111 5588 Πηηιίηηα

521 5562 702 5606 nonne
728 5551 797 5609 ab
843 5553 994 5607 initio
1025 5554 1139 5608 haec
1169 5551 1262 5607 tibi
1310 5552 1624 5606 testificatus
1665 5549 1828 5604 sum?
1855 5549 2112 5606 Dominus

519 5630 695 5690 autem
735 5621 801 5676 ad
849 5622 1121 5679 Simonem
1156 5621 1312 5678 :Noli
1345 5638 1432 5677 me
1474 5632 1532 5675 ut
1574 5622 1787 5690 inopem
1818 5633 2060 5690 spectare
2089 5661 2106 5687 ,

518 5688 727 5758 Simon,
751 5693 859 5749 noli
880 5708 1072 5749 manus
1097 5708 1243 5749 meas
1256 5702 1313 5755 et
1331 5694 1507 5748 sinum
1533 5688 1708 5747 meum
1730 5688 2107 5748 considerare:

515 5776 625 5817 non
653 5764 703 5820 in
725 5765 971 5821 manibus
996 5766 1146 5830 meis,
1175 5765 1269 5820 sed
1297 5766 1349 5820 in
1370 5781 1466 5831 ore
1486 5778 1609 5818 meo
1634 5762 1938 5818 mercedem
1963 5774 2108 5817 tuatn

515 5830 647 5891 tero.
679 5834 814 5894 Tota
859 5845 1017 5896 nocte
1046 5837 1296 5894 laborasti
1321 5878 1337 5907 ,
1371 5830 1502 5893 nihil
1548 5834 1734 5905 cepisti
1765 5851 1778 5888 :
1808 5849 1912 5889 nox
1957 5834 2101 5892 enim

2244 484 2590 568 inopite_,sunt
2618 484 2970 568 cogitationes
2996 488 3346 568 Judaicze';_ltt_
3367 492 3455 568 die
3480 496 3662 568 gratiae
3701 496 3818 568 laxa

2241 556 2372 621 retia
2395 573 2408 609 :
2434 556 2521 611 lux
2550 556 2699 612 enim
2722 556 2845 612 boni
2872 559 3071 615 fructus
3085 556 3522 619 su’ntChristian'a
3542 565 3815 621 obsequia.

2276 628 2356 707 [uc
2384 628 2437 680 in
2463 627 2644 715 etiam,
2744 626 3067 715 laxatevretia
3092 641 3255 715 ticum
3346 644 3639 715 paptuiant.
3668 626 3822 692 Tunc

2280 696 2420 751 imon
2446 698 2513 751 ad
2540 696 2825 775 Dominum
2855 715 2878 775 ε.
2893 697 2963 754 Ut
2990 698 3150 754 modo
3181 696 3466 775 audivisti,
3494 700 3815 775 Praceptor.

2237 782 2328 834 per
2369 776 2525 821 totam
2548 777 2765 843 uectem
2807 766 3091 843 labat-antes
3138 771 3267 843 nihil
3307 766 3558 843 cepimus;
3589 775 3645 828 t'n
3674 766 3821 831 uerbo

2237 847 2405 890 autem
2421 848 2513 913 tuo
2540 836 2964 913 ιαπαιιο-,ιςειεεβι
2992 855 3107 893 cum
3129 841 3225 896 hoc
3263 836 3497 913 feciin
3517 836 3824 909 {concluse-

2238 917 2354 960 runt
2381 908 2593 984 piscium
2630 908 3007 984 muttitttdinem
3045 908 3300 984 cepiosain
3328 929 3347 966 :
3367 913 3698 984 rumpebatur
3725 932 3817 969 att-

2238 985 2336 1053 tem
2376 986 2479 1053 rete
2504 976 2652 1045 (Luc.
2683 978 2751 1040 γ,
2793 979 2898 1053 5‘et
2918 977 3104 1053 σεεμ),
3134 981 3180 1037 0
3209 997 3295 1037 res
3316 976 3679 1053 admirandae!
3714 1001 3820 1041 non

2236 1046 2387 1101 deest
2416 1048 2576 1119 Petro
2603 1063 2730 1102 cura
2758 1065 2773 1104 :
2808 1046 3156 1119 Runtpebo't'ur
3175 1061 3295 1106 rete.
3328 1052 3396 1107 Et
3418 1050 3685 1109 Christum
3708 1058 3820 1110 cir-

2236 1118 2621 1193 eumspiriebat
2645 1159 2661 1185 ,
2689 1128 2744 1174 et
2786 1118 2960 1193 pisces
2986 1121 3368 1193 perpendebat,
3396 1138 3616 1193 remque
3639 1124 3820 1181 consi-

2236 1187 2476 1263 derabat.
2510 1188 2632 1263 Non_
2669 1190 2839 1263 potuit
2886 1187 3097 1263 pondus
3122 1193 3428 1263 attrahere,
3467 1187 3821 1263 et'adjutores

2235 1257 2572 1335 advocabant}
2602 1255 3097 1335 [enitebant’eniml
3119 1261 3289 1335 inquit
3311 1303 3327 1327 ,
3356 1255 3539 1329 sociis,
3569 1255 3656 1335 qui
3677 1274 3823 1321 erant

2234 1328 2285 1381 in
2313 1329 2418 1382 alia
2441 1328 2589 1399 nari,
2619 1329 2706 1385 ubi
2736 1340 2889 1384 erant
2914 1328 3147 1385 Jacobus
3169 1328 3220 1397 et
3259 1328 3532 1399 Joannes,
3558 1328 3645 1399 gitti
3672 1350 3820 1390 vene-

2234 1408 2350 1451 rant
2394 1408 2449 1451 ut
2494 1398 2794 1471 adjuirarettt
2840 1416 2946 1454 eos.
2996 1398 3332 1469 lnnuebant,
3364 1415 3469 1471 non
3515 1398 3819 1461 clamabant

2235 1478 2430 1533 nauta»,
2458 1470 2548 1539 qui
2588 1470 2705 1524 sine
2728 1469 2981 1539 clamore
3005 1479 3060 1525 et
3085 1473 3313 1527 tumultu
3358 1469 3488 1527 nihil
3517 1472 3696 1537 facere
3724 1490 3818 1532 so-

2234 1539 2366 1612 lent.
2396 1538 2615 1605 Quare?
2640 1538 2772 1606 Quia
2799 1539 2881 1612 rei
2910 1540 3118 1595 novitas
3144 1557 3331 1598 vocem
3355 1542 3485 1612 ipsis
3508 1545 3816 1600 sustulerat.

2233 1608 2368 1681 Quid
2389 1625 2527 1679 opus
2551 1621 2665 1664 erat
2687 1618 2744 1681 ut
2769 1610 3079 1681 clamarent,
3100 1626 3220 1677 cum
3247 1608 3390 1668 satis'
3402 1624 3546 1669 esset
3572 1614 3817 1681 innuero.

2231 1678 2469 1751 divinum
2512 1680 2823 1751 mysterium
2868 1680 3152 1737 videntes?
3194 1681 3588 1738 Concurrentes
3637 1678 3814 1739 autem

2234 1749 2431 1820 etilli,
2458 1750 2547 1820 qui
2571 1749 2731 1804 erant
2757 1750 2813 1804 in
2838 1751 3009 1806 altera
3033 1752 3172 1817 navi,
3218 1753 3306 1807 ubi
3334 1766 3486 1809 eram
3508 1753 3738 1810 lactibus
3765 1764 3822 1811 et

2230 1818 2504 1905 Joannes,
2538 1822 3041 1905 emperuut‘pisees
3078 1823 3331 1905 colligere
3355 1863 3371 1886 ,
3399 1832 3455 1905 et
3499 1839 3606 1905 quo
3648 1826 3822 1905 magis

2231 1880 2576 1963 colligebant,
2608 1880 2756 1963 tanto
2792 1880 2961 1961 magis
2996 1880 3818 1962 multiplicabantur.tertabant

2230 1959 2384 2015 enim
2405 1961 2618 2035 pisces,
2648 1960 2767 2030 quis
2798 1959 3000 2030 prtinus
3039 1959 3289 2035 mandato
3317 1963 3525 2019 Domini
3548 1965 3817 2035 obseque-

2230 2042 2379 2104 retur
2409 2049 2425 2085 :
2451 2032 2599 2102 parvi
2620 2045 2843 2104 magnos
2864 2033 3367 2104 praetercnrrebant,
3394 2035 3559 2090 medii
3584 2032 3818 2104 majores

2230 2116 2263 2157 e
2284 2100 2867 2185 latere’prteeedebant,
2891 2103 3065 2173 magni
3092 2118 3252 2185 supra
3274 2100 3817 2185 parvos_insi|ie_bant:

2231 2174 2771 2246 manuspiscatorttm
2793 2174 3312 2246 non_ex3peet_abant-
3330 2206 3349 2241 ε
3375 2190 3437 2231 se
3463 2175 3519 2231 in
3546 2176 3818 2246 navigium

2229 2242 2475 2298 saltando
2504 2242 2872 2312 projiciebant.
2903 2242 3085 2312 Stagni
3128 2243 3349 2299 fundum
3377 2260 3484 2299 non
3514 2242 3820 2300 commove-

2230 2312 2406 2375 batur,
2440 2313 2600 2382 piscis
2647 2312 2824 2367 nullus
2850 2312 2984 2367 infra
3016 2324 3233 2369 manere
3275 2316 3571 2371 sustinebat
3602 2332 3617 2368 :
3654 2331 3820 2369 nove-

2229 2394 2346 2437 rant
2378 2385 2534 2454 enim,
2551 2398 2689 2454 euut
2699 2383 2791 2453 qui
2815 2382 2949 2454 dixit
2976 2383 3309 2454 glProducant
3333 2401 3476 2454 aqua
3500 2387 3676 2453 reptile
3707 2387 3820 2440 aui-

2229 2469 2328 2506 ιιιιε
2354 2453 2560 2540 sitientis
2815 2440 2858 2519 1,
2889 2450 3023 2578 202.
3065 2454 3205 2524 Quid
3234 2440 3576 2526 ergo'Simon
3601 2497 3616 2521 ,
3647 2458 3738 2537 qui
3762 2456 3818 2538 in

2229 2522 2363 2578 duos
2391 2536 2545 2578 casus
2575 2516 2871 2578 incnderat.
2899 2530 2968 2578 (tu
3037 2533 3143 2578 tota
3189 2530 3346 2578 nocte
3389 2526 3641 2578 labOrans
3684 2525 3816 2578 nihil

2228 2522 2363 2578 duos"
2391 2532 2545 2579 casus
2575 2516 2871 2594 inciderat,
2899 2516 2993 2594 qui
3037 2516 3143 2594 tota
3189 2516 3346 2581 nocte
3389 2516 3641 2581 laberans
3665 2516 3816 2581 'nihil

2228 2602 2463 2667 ceperat,
2492 2600 2545 2649 et
2565 2594 2625 2667 in
2651 2592 2739 2667 die
2762 2592 2831 2647 ad
2853 2582 3075 2667 verbum
3103 2588 3312 2667 Domini
3351 2597 3529 2667 omnia
3556 2598 3818 2667 ceperat?

2230 2661 2302 2736 Ut
2323 2661 2452 2736 vidit
2477 2664 2609 2720 retia
2636 2666 2824 2729 scissa,
2852 2673 2907 2720 et
2933 2666 3130 2720 multos
3150 2666 3286 2721 alios
3310 2667 3482 2736 pisces
3509 2661 3637 2721 foris
3666 2675 3817 2721 stan-

2232 2732 2310 2789 tes
2334 2776 2349 2800 ,
2379 2726 2691 2805 h'iantesque
2721 2743 2782 2789 ut
2806 2726 3125 2804 caperentur
3150 2776 3167 2801 ,
3199 2726 3324 2791 ne‘c'
3341 2736 3528 2806 procul
3554 2753 3585 2790 a
3613 2738 3820 2793 retibus

2230 2809 2447 2877 manere
2472 2807 2801 2877 sustinentes
2823 2807 3020 2877 ,Aqttas‘l
3064 2807 3187 2877 vim,
3220 2820 3411 2877 passus
3443 2806 3667 2876 procidit
3693 2814 3820 2863 ante

2228 2874 2531 2946 Domitium,
2560 2874 2743 2946 dicetis
2772 2892 2785 2928 :
2937 2890 2970 2929 ιι
2987 2882 3084 2943 me,
3105 2873 3400 2943 quia-Itonia
3427 2873 3660 2946 peccator
3680 2893 3814 2945 sum,

2228 2934 2464 3017 Domine.
2496 2932 2620 3001 Scio
2667 2932 2881 3017 demum
2920 2947 3041 3016 quis
3070 2932 3148 3017 sis
3176 2963 3190 3000 :
3221 2932 3489 3017 nunqua'm
3520 2948 3627 3001 vidi
3657 2932 3814 3003 talem

2228 3016 2776 3088 pisCiumrcapturam.
2803 3012 2917 3070 Mos
2938 3012 3027 3071 est
3047 3057 3062 3083 ,
3096 3012 3542 3088 Domine—pisces
3570 3018 3704 3072 intra
3731 3032 3818 3073 sa-

2224 3100 2416 3209 genam
2459 3086 2769 3142 includere:
2798 3095 2853 3139 at
2881 3087 3204 3168 contrarium
3245 3086 3387 3143 nunc
3434 3088 3610 3156 video,
3642 3088 3817 3170 pisces

2250 3171 2359 3209 OI'IS
2401 3164 2654 3209 Saaen‘am
2684 3166 2966 3209 occupant.
2995 3156 3094 3209 Exi
3122 3172 3150 3209 a
3177 3168 3265 3209 me
3289 3199 3303 3209 .
3331 3159 3579 3209 obsecro.
3608 3158 3814 3209 Colnbe

2250 3156 2359 3227 bris
2401 3164 2654 3227 sagen'am
2684 3166 2966 3224 occupant.
2995 3156 3094 3211 Exi
3122 3172 3150 3209 a
3177 3168 3265 3214 me
3289 3199 3303 3223 ,
3331 3159 3579 3214 obsecro.
3608 3156 3814 3214 Cohibe

2224 3216 2718 3299 demumfdlvinu_m
2767 3216 2915 3299 tuum
2964 3228 3271 3299 mandatum
3290 3216 3318 3284 ἐ
3342 3229 3582 3299 relinque
3625 3236 3816 3298 stagno

2226 3296 2359 3351 duos
2388 3296 2577 3367 saltem
2624 3296 2797 3367 pisces
2837 3296 2904 3351 ad
2942 3298 3323 3367 generandum.
3356 3298 3453 3353 Exi
3480 3296 3510 3351 a
3540 3313 3628 3353 me
3660 3316 3674 3352 :
3706 3296 3813 3353 non

2224 3375 2280 3439 te
2307 3365 2530 3436 repello,
2562 3366 2658 3420 sed
2686 3383 2772 3422 me
2795 3365 3048 3439 miserum
3076 3369 3309 3439 praedico
3335 3385 3352 3424 :
3512 3385 3544 3422 α
3564 3384 3664 3439 me,
3695 3370 3815 3437 quia

2225 3438 2376 3490 homo
2423 3446 2654 3505 peccator
2690 3451 2804 3491 sum
2826 3478 2841 3503 ,
2874 3438 3105 3492 Domine.
3141 3439 3395 3494 Dominus
3440 3454 3567 3492 vero
3607 3438 3812 3493 Simoni

2224 3506 2360 3561 dixit
2388 3523 2401 3561 :
2434 3507 2749 3579 Exeam,ex
2777 3509 3016 3579 navicula
3047 3518 3137 3563 tua
3160 3551 3174 3573 ,
3206 3506 3411 3573 Simon,
3440 3508 3722 3579 egrediar;
3755 3510 3810 3564 in

2226 3582 2278 3632 te
2308 3584 2484 3631 autem
2515 3578 2744 3633 introibo
2764 3596 2776 3633 :
2798 3578 2899 3633 hac
2923 3580 2991 3634 de
3018 3588 3178 3634 causa
3198 3580 3263 3634 ad
3287 3589 3339 3634 te
3359 3578 3499 3634 veni}
3534 3578 3662 3634 Nam
3689 3592 3810 3634 eum

2223 3648 2465 3720 caperes,
2478 3654 2669 3720 captus
2685 3662 2765 3704 es.
2789 3644 2950 3720 Quod
2974 3658 3028 3703 tu
3048 3648 3201 3711 facis,
3221 3650 3273 3704 id
3303 3660 3354 3704 m
3387 3656 3575 3720 passus
3600 3663 3677 3704 es.
3704 3648 3811 3705 Sed

2225 3712 2324 3772 {ita
2344 3712 2458 3772 vita
2475 3717 2528 3773 in
2548 3712 2788 3773 'mortem
2813 3712 2986 3785 iratus
3008 3735 3024 3785 ;
3053 3728 3154 3785 ego
3169 3728 3296 3774 vero
3310 3735 3338 3771 a
3359 3712 3531 3774 morte
3552 3724 3602 3772 in
3625 3720 3783 3773 vitam
3796 3761 3809 3773 .

2225 3787 2517 3859 Netimeas,
2532 3789 2713 3843 Simon
2735 3804 2828 3842 :ea:
2848 3784 3065 3859 hocja'm
3084 3784 3312 3843 homines
3329 3791 3429 3844 eris
3439 3790 3643 3859 capiens
3660 3787 3811 3859 (Luc.

2229 3858 2290 3929 ν,
2322 3858 2431 3929 10).
2468 3859 2724 3929 Stagnum
2776 3858 3052 3928 relinque,
3080 3861 3264 3914 orbem
3297 3858 3685 3929 sagenacape';
3718 3872 3813 3915 ca-

2224 3928 2421 4010 lamum
2451 3928 2727 4010 confringe
2745 3970 2761 3994 ,
2790 3938 2845 4010 et
2865 3943 3091 4010 crucem;
3113 3944 3309 4010 appara
3444 3931 3687 4010 discerpe
3710 3971 3724 3993 ,
3754 3940 3811 3985 et

2224 4001 2477 4071 pietatem
2507 3999 2766 4071 prredica;
2798 3999 3011 4053 hamum
3044 3999 3266 4071 projice,
3304 3999 3759 4071 etmorbos’eura
3790 4017 3806 4065 ;

2223 4067 2355 4125 i‘etia
2381 4067 2516 4123 odio
2533 4068 2669 4125 habe
2692 4111 2707 4135 ,
2738 4078 2794 4126 et
2817 4067 3067 4125 caelestes
3105 4067 3283 4126 claves
3311 4068 3511 4126 fabrica
3535 4086 3550 4134 ;
3576 4084 3643 4125 ex
3686 4070 3811 4125 navi

2222 4140 2500 4210 egredere,
2527 4150 2581 4195 et
2607 4140 2744 4194 intra
2774 4143 2827 4195 in
2859 4138 3174 4209 Ecclesiam.
3210 4137 3335 4194 Noli
3363 4142 3553 4206 timere,
3581 4141 3766 4195 Simon
3792 4158 3808 4194 :

2221 4208 2285 4282 ea}
2318 4208 2410 4264 hoc
2437 4209 2666 4282 homines
2702 4211 3060 4282 eristjapiens‘.’
3080 4210 3126 4267 Ο
3155 4211 3362 4267 Domini
3395 4211 3743 4280 potestatem!
3774 4226 3812 4267 o

2222 4280 2363 4335 Petri
2390 4280 2777 4351 prudentiam!
2810 4279 2925 4335 Non
2957 4281 3092 4335 dixlt
3123 4282 3352 4351 piscator
3378 4282 3468 4336 ille
3493 4282 3580 4351 Qui
3620 4289 3811 4351 Captus

2219 4363 2303 4406 est
2333 4368 2344 4403 :
2372 4350 2543 4419 Quam
2584 4350 2813 4406 absurda
2840 4360 2924 4406 est
2950 4352 3035 4405 illa
3064 4350 3296 4421 Magistri
3324 4350 3626 4421 adhortatio
3653 4352 3667 4405 !
3705 4350 3805 4405 ho-

2221 4418 2413 4476 mines
2439 4422 2681 4491 capiam!
2711 4433 2762 4477 et
2789 4423 3058 4492 quodnam
3098 4418 3213 4493 rete
3256 4422 3523 4493 apparabo
3539 4418 3809 4493 iubioam

2222 4492 2475 4547 texuntur
2498 4494 2617 4546 ιιωο
2662 4495 2793 4547 retia
2809 4491 3071 4547 homines
3096 4503 3155 4546 ut
3184 4491 3653 4560 feras’capientia?
3678 4507 3806 4547 num

2219 4560 2446 4633 abripiet
2468 4578 2554 4617 me
2580 4562 2667 4617 hic
2691 4577 2871 4633 sermo
2898 4562 3041 4617 hami
3064 4560 3269 4618 instar?
3298 4556 3438 4617 Nihil
3461 4561 3650 4617 horum
3672 4558 3808 4616 dixit

2218 4632 2439 4696 SimOn;
2468 4638 2672 4688 tantum
2720 4632 2960 4696 audivit,
2991 4635 3169 4687 statim
3215 4633 3502 4688 obsecutus
3542 4634 3626 4687 est
3655 4647 3669 4684 :
3695 4647 3805 4688 non

2219 4703 2460 4758 vendidit
2486 4703 2680 4772 pisces,
2700 4718 2809 4759 non
2834 4703 2999 4758 defuit
3020 4703 3093 4758 illi
3124 4703 3445 4758 abundantia
3474 4714 3674 4772 rerum,
3697 4718 3803 4757 non

2218 4789 2345 4857 cum.
2370 4771 2536 4857 uxpre
2562 4782 2674 4829 rem
2702 4776 3029 4857 suntposuit.
3049 4772 3163 4856 Non
3191 4773 3320 4829 dixit
3353 4773 3577 4828 Domino
3595 4812 3612 4839 ,
3638 4771 3805 4828 Serva

2218 4845 2350 4899 mihi
2377 4843 2565 4899 saltem
2597 4843 2906 4910 mediocria,
2940 4845 3195 4903 Domine:
3218 4856 3535 4914 componam
3562 4856 3686 4898 cum
3712 4858 3806 4898 ne-

2216 4914 2607 4987 gotiatoribus;
2630 4918 3103 4987 par‘vosAsumptus
3133 4913 3439 4987 domesticis
3479 4916 3612 4970 meis
3640 4913 3806 4968 relin-

2216 4984 2570 5057 quam.Nihil
2600 4986 2787 5040 horum
2817 4984 3003 5041 Simon
3027 4985 3161 5041 dixit
3194 5003 3205 5039 :
3237 4986 3427 5042 Petrus
3451 4987 3592 5041 enim
3619 4994 3806 5057 revera

2216 5053 2351 5110 erat.
2375 5056 2558 5127 Neque
2584 5057 2770 5112 Petrus
2797 5064 2998 5111 tantum
3026 5057 3305 5127 dominico
3329 5065 3600 5127 praecepto
3619 5053 3807 5127 obedi-

2217 5128 2313 5191 νη,
2344 5128 2437 5183 sed
2463 5124 2624 5182 etiam
2670 5127 2914 5182 Andreas
2937 5135 2991 5180 et
3013 5125 3244 5183 Jacobus
3281 5124 3347 5182 et
3377 5124 3612 5183 Joannes
3642 5140 3657 5180 :
3690 5124 3805 5181 haec

2217 5198 2360 5254 enim
2387 5207 2513 5253 sunt
2538 5199 2680 5266 paria
2707 5198 2815 5252 duo
2839 5197 3015 5253 [idelia
3046 5199 3320 5252 amborum
3350 5198 3593 5253 fratrum.

2293 5268 2537 5324 Vidistin‘
2563 5269 2772 5323 Domini
2814 5268 3273 5338 negotiationem?
3313 5280 3415 5339 qua
3446 5266 3515 5323 de
3554 5282 3714 5324 causa
3747 5266 3802 5322 in

2216 5348 2462 5410 stagnum
2485 5355 2545 5394 se
2566 5339 2898 5394 contulerit?
2930 5349 2986 5393 ut
3014 5349 3069 5394 et
3094 5339 3272 5393 turbas
3291 5339 3531 5404 doceret,
3557 5348 3611 5395 et
3632 5341 3801 5410 pisca-

2219 5409 2361 5465 tores
2402 5410 2563 5480 hamo
2599 5417 2834 5478 caperet.
2865 5410 3071 5464 Audisti
3114 5410 3273 5479 igitur
3300 5411 3682 5480 evangelistam
3713 5409 3800 5480 di-

2216 5493 2424 5537 centem
2459 5499 2474 5535 :
2506 5479 2572 5534 Et
2596 5480 2854 5534 subductis
2870 5481 2937 5533 ad
2966 5478 3151 5535 terrain
3169 5480 3398 5543 navibus,
3421 5478 3608 5536 relictis
3632 5478 3800 5534 omni.

2219 5557 2346 5614 bus,
2377 5551 2535 5623 secuti
2581 5561 2697 5604 sunt
2742 5552 2921 5605 Jesum
2972 5550 3140 5621 (Luc.
3189 5550 3254 5623 νὴ,
3302 5550 3426 5623 Η).
3479 5552 3616 5618 Quid
3671 5564 3801 5623 ve_r_o

2223 5621 2523 5678 Dominus?
2545 5629 2756 5690 oportet
2780 5624 2922 5692 enim
2953 5618 3189 5677 set'moui
3217 5618 3391 5676 flnem'
3410 5624 3702 5692 imponere.
3733 5618 3800 5674 Ut

2215 5693 2349 5747 vidit
2376 5688 2739 5763 apostolorum
2770 5688 3119 5759 alacritatem,
3151 5692 3293 5763 quod
3322 5688 3522 5748 relietis
3548 5695 3799 5748 omnibus

2214 5761 2601 5842 secuti‘essettt
2620 5761 2817 5842 ipsum,
2842 5763 2914 5842 ad
2944 5761 3275 5842 cumtionem
3322 5764 3557 5842 festinat,
3590 5781 3656 5820 ne
3684 5766 3799 5820 dia.

2214 5832 2372 5891 bolus
2394 5830 2788 5890 incredulitatis
2803 5830 2812 5833 ⁷
2827 5840 3010 5892 anSani
3034 5834 3299 5891 inveniret
3330 5851 3343 5887 :
3373 5835 3527 5891 facile
3544 5830 3799 5905 uanique
