4194 6498
359 376 429 434 ει
1166 382 1331 454 om:
1367 382 1436 440 IN
1474 380 1816 440 ornamus
1853 380 2328 440 cnnvsosront
2363 383 2893 445 oessnvanrua.
3592 380 3663 433 εξ

357 497 606 546 mutatur
649 490 945 544 humanum
986 501 1192 559 genus,
1218 497 1279 543 et
1312 487 1380 543 ad
1419 490 1684 543 contraria
1714 489 1959 558 eligenda

357 574 620 631 pronum.
648 559 870 631 _Dieturi
900 558 1145 631 namque
1169 565 1324 613 erant
1359 558 1590 631 apostoli
1637 560 1887 631 Domino,
1916 563 1958 613 s’

354 626 567 685 inultum
612 628 763 699 aliud
802 630 1015 699 signum
1046 626 1346 699 ividerent;
1379 626 1516 682 Num
1557 628 1750 699 frustra
1793 629 1959 684 relin-

351 710 589 766 quentes
620 696 905 753 facultates
932 706 1144 753 nostras
1171 697 1337 752 secuti
1364 711 1550 753 sumus
1568 698 1731 752 eum?
1754 708 1809 752 et
1833 714 1963 753 con-

352 784 548 824 cursus
575 769 810 836 piscium
841 769 949 838 alio
978 769 1207 838 quodam
1225 766 1398 838 modo
1425 768 1594 822 factus
1619 776 1725 831 est,
1758 783 1862 838 non
1892 783 1961 823 ex

357 840 544 895 divino
585 836 900 909 jussu.7Ne
942 836 1103 909 igitur
1132 837 1325 893 talibus
1349 838 1744 906 suspicionibus
1788 836 1961 892 foeda—

366 918 551 963 rentur
588 908 866 976 apostoli,
897 923 929 961 a
954 908 1145 976 Stagno
1185 916 1390 963 tantum
1417 909 1660 974 recessit,
1693 918 1745 961 et
1777 909 1830 962 in
1859 923 1961 962 una

368 978 660 1033 vicinarum
681 978 981 1041 civitatum,
1009 977 1161 1032 turba
1181 987 1552 1039 concurrente,
1577 978 1807 1033 divinam
1835 993 1963 1047 ape-

371 1049 473 1101 ruit
497 1048 829 1102 medicinam
861 1066 876 1102 :
902 1050 1191 1116 statimque
1230 1062 1297 1102 ex
1340 1047 1452 1101 sola
1481 1048 1755 1101 voluntate
1784 1048 1963 1117 lepro-

364 1133 482 1171 sum
527 1118 766 1186 spoliat,
797 1126 855 1173 et
900 1119 1019 1187 ejus
1058 1118 1290 1172 meloten
1331 1117 1556 1171 maculis
1598 1118 1904 1172 distinctam
1930 1134 1960 1173 a

362 1189 509 1255 lepra
534 1197 731 1257 purgat
756 1203 774 1242 :
800 1198 860 1242 ut
888 1189 1051 1243 sciret
1078 1187 1267 1241 Petrus
1294 1196 1350 1242 et
1376 1187 1467 1256 qui
1504 1202 1626 1241 cum
1657 1188 1751 1241 illo
1775 1199 1957 1255 erant.

364 1273 469 1311 non
498 1257 677 1311 solum
698 1258 855 1312 vivos
882 1259 1057 1326 pisces
1075 1258 1295 1326 obsequi
1322 1257 1587 1326 mandatis
1619 1258 1846 1325 Domini,
1866 1260 1958 1314 sed

363 1329 527 1379 etiam
556 1325 915 1382 inanimatam
944 1328 1191 1382 morbum
1216 1325 1332 1396 ejus
1359 1338 1490 1381 nutu
1526 1325 1716 1397 fugari.
1751 1330 1960 1385 Audisti

359 1398 528 1450 modo
555 1399 883 1452 clamantem
912 1399 1182 1465 leprosum
1210 1414 1225 1451 :
1257 1397 1491 1462 Domine,
1521 1399 1563 1451 si
1589 1400 1682 1462 vis,
1716 1409 1854 1465 potes
1882 1417 1963 1456 me

354 1467 619 1538 inundare
642 1465 797 1536 (Luc.
843 1468 904 1534 V,
935 1468 1049 1536 12).
1095 1468 1140 1523 Ο
1170 1469 1368 1537 leprosi
1399 1469 1620 1522 scientia
1645 1468 1716 1538 pii
1743 1469 1960 1538 dogma-

357 1536 468 1591 tis!
518 1538 879 1592 orthodoxam
906 1539 1025 1606 ejus
1068 1536 1300 1593 mentém
1345 1537 1565 1592 maculis
1610 1536 1714 1591 non
1745 1536 1963 1595 fmdavit

354 1607 518 1675 pellis
562 1608 652 1661 illa
713 1616 824 1661 tnta
871 1608 1034 1677 leprm
1076 1608 1288 1678 punctis
1339 1607 1596 1662 horrida:
1628 1609 1961 1665 extrinsecus

352 1678 590 1746 tepebat
616 1678 862 1748 morbus,
885 1680 1210 1733 intrinsecus
1238 1692 1366 1732 vero
1394 1678 1568 1732 locum
1594 1695 1698 1732 nun
1726 1682 1957 1748 reperit:

349 1761 563 1815 corpus
583 1747 997 1813 currodebatur,
1026 1749 1121 1804 sed
1147 1751 1381 1802 animam
1395 1749 1654 1816 aegritudo
1677 1747 1962 1804 nonattin-

349 1818 523 1883 gebat
556 1835 572 1870 :
604 1819 1058 1873 contumeliosum
1117 1820 1326 1872 titulum
1377 1818 1653 1887 gestabat,
1706 1820 1800 1874 sed
1854 1836 1961 1875 non

349 1889 830 1957 appropinquabat
853 1904 1037 1944 comes
1080 1889 1225 1959 lepra
1254 1906 1268 1942 :
1298 1887 1486 1960 plenus
1527 1900 1643 1944 erat
1666 1890 1833 1960 lepra,
1866 1891 1961 1946 sed

360 2022 463 2035 α--

1268 2066 1739 2075 ηομηη-.-.--.-*
1756 2068 1765 2073 .
1782 2066 1834 2074 ν...

1473 2066 2381 2291 Emam
2400 2145 2503 2290 s

2066 489 2190 564 odio
2205 489 2446 564 habebat
2470 492 2787 564 improbum
2832 492 3013 548 Oziam
3044 511 3058 547 :
3086 508 3356 564 synagoga
3387 492 3536 549 illum
3566 512 3658 551 rc-

2067 560 2312 629 pellebat.
2346 560 2439 616 sed
2470 561 2711 617 Ecclesia
2742 563 2915 630 ipsum
2956 560 3377 631 attijiléetebaiur
3407 582 3419 617 :
3450 563 3661 631 Moyses

2067 631 2240 697 ipsum
2286 633 2611 686 contumelia
2651 631 2938 696 afficiebat,
2987 634 3081 687 sed
3128 634 3373 688 Christus
3411 635 3655 688 sanabat.

2069 701 2165 772 llic
2188 710 2425 772 curatur,
2453 710 2509 755 et
2536 700 2648 755 illic
2680 704 2973 772 curationis
3016 702 3154 756 dona
3199 702 3393 757 olferre
3414 703 3659 772 jnbetur.

2065 770 2283 834 Quare?
2313 771 2378 825 Ut
2407 771 2613 825 Domini
2641 771 2844 827 Christi
2868 788 3022 826 amor
3048 788 3172 840 erga
3203 770 3447 828 homines
3473 789 3661 830 nosce-

2067 849 2236 900 retur,
2267 841 2582 913 etpecnnia:
2606 845 2897 913 amantium
2935 842 3239 913 Judazorum
3271 843 3530 911 cupiditas
3560 859 3660 913 ap-

2069 920 2298 979 pareret.
2319 910 2454 982 Quid
2485 911 2642 978 igitur
2668 912 2911 982 leprosus
2936 912 3046 975 ille,
3065 914 3152 982 qui
3178 910 3351 982 prave
3364 910 3661 970 sentientes

2066 994 2254 1049 omnes
2283 980 2628 1035 confutabat?
2658 981 2894 1047 Domine,
2922 983 2967 1036 si
2991 980 3093 1046 vis,
3118 980 3259 1049 potes
3279 999 3357 1036 me
3386 985 3657 1039 mundare.

2068 1048 2183 1122 [Non
2200 1049 2342 1116 dico,
2364 1050 2532 1121 Roga,
2556 1051 2672 1116 sed,
2695 1053 2829 1109 Cum
2855 1054 3174 1107 auctoritate
3192 1052 3355 1122 jube:
3382 1068 3487 1107 non
3513 1053 3660 1119 dico,

2068 1119 2317 1191 Precare,
2345 1119 2468 1187 sed,
2492 1126 2652 1178 Sana.
2682 1122 2962 1191 Proprium
3007 1123 3151 1177 enim
3195 1119 3288 1177 Dei
3329 1134 3411 1178 eat
3436 1138 3531 1176 sua
3558 1138 3656 1177 vo-

2068 1190 2269 1244 luntate
2297 1206 2510 1258 sanare,
2544 1208 2651 1246 non
2679 1190 2856 1247 alieno
2886 1201 3038 1246 ntttu.
3072 1191 3310 1256 Domine,
3333 1193 3377 1246 si
3399 1193 3494 1258 vis,
3518 1203 3660 1261 potes

2069 1274 2149 1332 (ne
2202 1261 2470 1314 mundare.
2528 1263 2718 1316 Audivi
2772 1262 2916 1317 enim
2969 1262 3290 1332 Prnphetam
3341 1262 3658 1318 dicentem:

2069 1329 2210 1403 Deus
2228 1342 2406 1403 noster
2428 1334 2626 1403 iactato
2654 1343 2698 1403 et
2724 1335 2775 1386 in
2805 1343 2939 1385 terra
2961 1329 3132 1386 omnia
3155 1348 3484 1403 quacumque
3504 1332 3665 1386 voluit

2070 1399 2389 1474 fecit_(Psai.
2414 1401 2602 1461 CXIII.
2624 1402 2700 1471 ὅ).
2720 1399 3362 1474 Quoniamigitur'omnia
3390 1399 3448 1457 ut
3473 1412 3658 1458 essent

2070 1471 2368 1542 produxisti
2387 1512 2403 1537 ,
2430 1486 2493 1527 ac
2522 1474 2688 1528 etelos
2715 1472 3000 1528 extendisti
3042 1473 3177 1527 sicut
3208 1472 3398 1541 pellem
3419 1514 3434 1536 ,
3467 1482 3521 1527 et
3553 1481 3660 1526 ter-

2070 1557 2184 1595 ram
2213 1542 2402 1596 subtus
2426 1543 2724 1611 expandisti
2765 1544 2911 1597 velut
2948 1544 3244 1609 sindonem,
3271 1551 3326 1595 et
3349 1557 3468 1611 quae
3495 1545 3659 1596 inter-

2071 1612 2246 1665 media
2272 1621 2425 1665 erant
2445 1654 2460 1678 ,
2491 1614 2654 1667 variis
2681 1613 2868 1667 formis
2906 1614 3173 1666 exornasti
3199 1629 3214 1675 ;
3247 1613 3421 1667 tribue
3447 1627 3660 1681 quoque

2069 1682 2200 1736 mihi
2219 1690 2421 1736 natura:
2439 1684 2835 1747 vestimentum,
2860 1690 2918 1737 ttt
2936 1683 3129 1752 legem,
3148 1691 3329 1752 utpote
3348 1696 3659 1746 onerosam,

2068 1751 2356 1817 declinem,
2381 1753 2606 1821 gratiam
2633 1768 2783 1817 vero,
2804 1764 2860 1807 ut
2890 1751 3161 1806 hominum
3190 1751 3454 1806 amantem
3494 1752 3658 1821 glori-

2071 1821 2248 1881 licent.
2280 1822 2332 1877 in
2364 1821 2582 1879 Christo
2609 1822 2738 1879 Jesu
2769 1823 2993 1878 Domino
3020 1833 3235 1886 nostro,
3276 1836 3397 1875 cum
3425 1822 3581 1876 Patre
3605 1831 3661 1876 et

2068 1891 2271 1962 Spiritu
2294 1906 2481 1949 sancto
2499 1935 2515 1961 ,
2549 1896 2601 1948 in
2628 1895 2811 1950 secula
2838 1893 3161 1949 seculorum.
3188 1894 3379 1947 Amen.

2328 2033 2355 2039 —-
2421 2033 2649 2045 α’.-.-
2695 2035 2706 2042 ι

349 2368 686 2477 EOR
713 2368 973 2478 U'.M
1025 2370 1410 2498 QUAE
1448 2370 1661 2476 ΙΝ
1715 2367 2302 2479 OPERIB
2317 2374 2489 2483 US
2536 2378 2842 2483 CHR
2868 2376 3661 2485 YSOSTOMI

1593 2595 2437 2668 OBSERVANTUR.

1813 2771 2275 2881 191‘Oldgllfn

1820 2976 2243 3032 0W0

437 3109 573 3164 Rem
599 3122 884 3178 Operosam
906 3115 1068 3179 atque
1095 3107 1349 3163 hactenus
1372 3107 1683 3162 intentatam
1712 3105 1962 3175 aggredi-

352 3216 508 3266 mur,
531 3212 658 3253 cum
681 3198 746 3253 ad
764 3197 1337 3254 lectoriscommodum
1361 3212 1426 3253 ea
1452 3212 1571 3268 qua:
1592 3197 1645 3251 in
1669 3206 1778 3253 tam
1791 3195 1963 3265 ampla

353 3296 447 3347 tot
469 3291 807 3346 voluminum
836 3291 979 3346 mole
1023 3290 1266 3361 dispersa
1290 3298 1416 3346 sunt
1439 3331 1455 3357 ,
1506 3289 1801 3345 secundum
1849 3304 1967 3344 ma-

358 3383 519 3439 teria:
547 3382 816 3450 ordinem,
849 3397 1016 3438 unum
1064 3383 1164 3438 sub
1186 3391 1532 3452 conspectum
1576 3396 1778 3452 ponere
1802 3379 1968 3436 desti-

366 3490 592 3529 namus.
620 3474 694 3528 At
734 3474 879 3529 enim
925 3488 1033 3528 non
1059 3473 1125 3528 iis
1160 3472 1345 3538 modo,
1392 3473 1544 3543 queis
1572 3472 1836 3527 immensa
1880 3470 1965 3525 illa

369 3582 541 3637 opera
582 3566 763 3636 legere
789 3581 894 3621 non
926 3574 1087 3621 vacat
1112 3581 1209 3636 per
1231 3565 1402 3620 otium
1421 3605 1438 3632 ,
1462 3564 1556 3620 scd
1583 3564 1649 3619 iis
1686 3563 1846 3618 etiam
1876 3562 1968 3630 qui

371 3656 634 3711 diuturna
680 3655 912 3712 lectione
964 3663 1108 3713 totos
1147 3655 1429 3711 duodecim
1479 3662 1655 3709 tomos
1699 3652 1966 3719 evolvent,

366 3745 601 3802 difficile
640 3746 929 3802 admodum
959 3755 1106 3802 esset
1142 3747 1320 3802 omnia
1350 3744 1644 3802 secundum
1670 3742 1966 3813 argumenti

362 3837 639 3893 rationem
659 3853 951 3908 excerpere
972 3846 1028 3894 et
1056 3838 1109 3892 in
1135 3846 1279 3893 certa
1306 3838 1477 3908 capita
1503 3835 1855 3897 distribuere;
1892 3834 1972 3887 ni-

364 3927 570 3982 mirum
594 3943 716 3998 qua:
739 3928 807 3984 ad
828 3928 1128 3985 doctrinam
1152 3937 1208 3984 et
1238 3928 1557 3997 theologiam
1580 3967 1597 3992 ,
1617 3940 1740 3995 qua:
1768 3923 1836 3978 ad
1857 3923 1970 3978 dis-

2068 3101 2438 3159 haeresiarchis
2460 3104 2656 3174 passim
2672 3111 2979 3171 occurrunt;
2999 3104 3336 3161 miscellanea
3358 3104 3521 3159 multa
3540 3119 3661 3175 qua

2068 3196 2121 3251 in
2149 3205 2523 3267 argumentum
2554 3196 2769 3268 aliquod
2796 3199 3040 3270 redigere
3066 3198 3117 3252 in
3154 3206 3403 3271 promptu
3433 3213 3538 3253 non
3557 3204 3662 3253 est.

2072 3288 2294 3343 Demum
2310 3282 2669 3359 digreSsiones
2694 3289 3151 3360 frequentissimas
3168 3305 3303 3360 quas
3327 3290 3380 3344 in
3409 3289 3663 3345 similitu-

2069 3378 2282 3434 dinibus
2307 3378 2524 3434 adhibet
2547 3369 2985 3451 Chrysostomds,
3014 3379 3106 3434 ubi
3151 3379 3358 3434 infinita
3409 3394 3545 3449 pene
3589 3377 3658 3434 ad

2070 3470 2203 3523 ritus
2232 3477 2288 3522 et
2316 3484 2494 3524 mores
2521 3469 2601 3523 sui
2623 3469 2876 3538 temporis
2903 3468 3247 3538 pertinentia,
3287 3483 3407 3539 quze
3430 3467 3499 3522 ad
3525 3466 3660 3522 reli-

2071 3560 2283 3628 gionem
2304 3574 2410 3612 non
2437 3558 2773 3627 Spectabant,
2800 3558 2851 3612 in
2875 3556 3367 3629 comparationibus
3391 3566 3662 3615 recenset.

2072 3650 2202 3705 Haec
2230 3650 2409 3705 omnia
2446 3651 2498 3705 in
2525 3650 2783 3706 diatribas
2800 3652 3035 3722 quinque
3059 3650 3340 3707 distributa
3358 3650 3467 3721 jam
3489 3650 3667 3721 profe-

2074 3759 2277 3799 remus.
2297 3743 2377 3799 De
2395 3742 2536 3815 stylo
2556 3742 2717 3799 etiam
2737 3744 2856 3815 ejus
2870 3745 3043 3815 aliqua
3059 3743 3265 3801 discere
3279 3745 3490 3799 animus
3510 3751 3625 3799 erat
3644 3759 3660 3798 :

2075 3837 2170 3894 sed
2195 3838 2318 3909 quia
2346 3838 2398 3891 in
2427 3838 2738 3908 praefatione
2762 3838 2919 3908 primi
2952 3841 3079 3895 tomi
3106 3839 3205 3895 bac
3232 3837 3301 3894 de
3327 3854 3387 3894 re
3423 3837 3663 3893 luculen-

2077 3935 2158 3983 ter
2203 3938 2380 3982 actum
2427 3937 2531 3995 est,
2582 3927 2636 3983 id
2682 3936 2972 3985 retractare
3039 3945 3494 4000 supervacaneum
3550 3929 3668 3984 fore

362 4020 631 4090 ciplinam
672 4029 729 4076 et
761 4021 894 4076 ritus
934 4021 1114 4076 varios
1143 4031 1256 4075 tum
1293 4018 1655 4074 Antioelteuos
1705 4026 1815 4071 tum
1835 4016 1974 4072 Con-
2077 4020 2335 4075 diximus.

364 4111 919 4181 stantinopolitanos;
961 4112 1240 4167 innumera
1267 4110 1355 4165 illa
1380 4125 1501 4181 qua:
1522 4109 1588 4163 de
1615 4107 1881 4162 hiureticis
1919 4114 1975 4161 et

434 4240 557 4248 .__~r.,
577 4241 582 4244 .
736 4237 973 4247 —_—_,..
1405 4234 1423 4241 ο
2160 4227 2217 4236 -ι-
2644 4226 3371 4237 Mm

1262 4274 1421 4278 _.-.._V-
1456 4270 1655 4278 ..___—
1696 4266 2292 4278 .——__————-—~_—-—
2316 4268 2325 4272 ρ
2465 4265 2525 4273 ,-.-
2544 4268 2551 4271 ι
2628 4266 3073 4274 ην--ᾠ--υι-ω-υ--ρ
3105 4266 3179 4273 ..ε-
3203 4267 3227 4272 ι-
3243 4265 3405 4272 ν.-..,--
3443 4265 3644 4273 ..α-..ᾐω-

2079 4266 2292 4274 -..ομ-.-.αι-
2316 4268 2325 4272 ‹
2465 4265 2525 4273 υ...
2544 4268 2551 4271 ι
2628 4266 3073 4274 m—_W-———_
3105 4266 3179 4273 ..ς-
3203 4267 3227 4272 .-
3243 4265 3405 4272 ν.--.--
3443 4265 3644 4273 ...ι-..ημ-

2080 4367 2353 4424 lavacrum
2381 4365 2773 4437 apparabantur
2806 4382 2820 4418 :
2848 4372 3132 4436 antequam
3164 4366 3519 4435 tingerentur,
3551 4365 3671 4421 haec

2078 4457 2239 4513 verba
2270 4455 2619 4528 proferebant
2642 4472 2658 4509 :
2681 4454 2989 4509 Abrmuntio
3030 4455 3135 4521 tibi,
3166 4462 3368 4519 satana,
3398 4466 3446 4509 et
3473 4472 3674 4526 pompa:

2081 4556 2182 4601 tua:
2208 4556 2255 4602 et
2279 4546 2437 4601 cultui
2465 4554 2573 4611 tuo,
2601 4554 2649 4600 et
2672 4547 2957 4615 conjungor
2982 4542 3090 4611 tibi,
3122 4544 3316 4600 Christe
3347 4544 3435 4615 (Τ.
3468 4543 3539 4609 ll,
3561 4545 3669 4600 col.

2077 4638 2185 4695 239
2218 4640 2236 4708 )
2269 4637 2411 4693 :illis
2460 4650 2590 4692 vero
2635 4635 2835 4691 addere
2877 4635 3222 4704 jubebantur,
3276 4634 3439 4690 Credo
3493 4637 3547 4690 in
3593 4648 3677 4692 re-

2079 4730 2438 4784 surrectionem
2490 4736 2803 4780 mortuorum
2843 4724 2932 4797 (Τ.
2969 4726 3038 4793 Χ,
3060 4727 3167 4781 col.
3202 4726 3349 4799 548).
3379 4727 3679 4797 Posteaqne

2084 4829 2163 4872 ter
2190 4819 2242 4872 in
2273 4816 2413 4871 unda
2456 4817 2855 4887 mergebantur.
2883 4815 2943 4871 In
2988 4817 3206 4871 homilia
3242 4832 3370 4873 vero
3413 4827 3564 4873 sexta
3615 4818 3668 4873 in

2083 4907 2475 4981 Epistolam‘ad
2501 4908 2872 4973 Colossenses,
2902 4908 2972 4963 ita
3007 4909 3178 4965 refert
3211 4910 3374 4965 verba
3401 4911 3470 4964 ab
3490 4924 3558 4965 eo
3585 4912 3677 4980 qui

2081 5001 2405 5071 baptismum
2431 5007 2744 5070 accepturus
2764 5009 2880 5054 erat
2920 5000 3122 5070 prolata
3152 5000 3238 5072 (Τ.
3256 4999 3350 5068 XI,
3372 5000 3478 5056 col.
3502 5000 3630 5072 542)
3658 5018 3674 5056 :

2082 5094 2398 5150 Abrenuntio
2446 5095 2557 5159 tibi,
2589 5103 2789 5160 satana,
2837 5103 2885 5149 et
2938 5109 3137 5165 pompa:
3164 5103 3265 5149 tua:
3307 5105 3353 5148 et
3402 5093 3562 5149 cultui
3592 5102 3678 5148 tuo

2085 5199 2133 5243 et
2179 5190 2376 5261 angelis
2423 5189 2541 5243 tuis.
2583 5187 2721 5242 [llud
2746 5203 2896 5254 vero,
2948 5198 2995 5241 et
3024 5189 3218 5259 angelis
3246 5187 3363 5249 tuis,
3392 5187 3444 5240 in
3477 5200 3679 5255 praece-

983 4378 1305 4435 DIATRIBA
1331 4376 1378 4433 l.

371 4538 458 4594 De
510 4537 578 4592 iis
606 4553 722 4606 quia
748 4537 817 4592 ad
870 4535 1154 4590 doctrinam
1206 4541 1429 4603 spectant
1460 4538 1506 4584 et
1546 4530 1615 4584 ad
1666 4528 1975 4600 theologicas

907 4647 1169 4717 opiniones
1196 4643 1337 4699 illius
1362 4643 1475 4698 aevi.

452 4825 532 4879 De
561 4823 859 4877 substantia
887 4816 983 4875 Dei
1012 4821 1185 4888 deque
1209 4817 1477 4872 Trinitate
1524 4816 1879 4873 Personarum
1907 4833 1971 4874 ea

372 4935 488 4975 non
514 4932 639 4972 raro
670 4917 874 4987 profert
894 4913 1330 4981 Chrysnstomus,
1350 4924 1472 4980 quae
1486 4907 1771 4965 Christiani
1790 4925 1979 4966 omnes

370 5009 720 5079 profitentur.
754 5006 829 5060 De
851 5004 1222 5060 incarnatione
1244 5017 1375 5057 vero
1399 5000 1599 5055 Christi
1626 5008 1682 5056 et
1704 5002 1823 5071 ejus
1854 5015 1977 5056 cum

372 5103 542 5156 Patre
562 5097 870 5168 aequalitate
896 5095 1196 5149 innumeris
1223 5094 1276 5148 in
1318 5092 1454 5147 locis
1473 5091 1584 5161 agit
1609 5100 1667 5146 ut
1693 5095 1979 5150 Anommo-

374 5209 498 5246 l’lllll
518 5190 627 5246 tela
660 5188 957 5259 propulset,
999 5187 1088 5256 qui
1118 5194 1244 5240 tunc
1263 5183 1561 5240 Antiochiae
1593 5192 1649 5238 et
1667 5184 1978 5238 Constanti-

374 5285 563 5355 nopoli
594 5292 782 5337 contra
804 5278 1113 5336 Catholicos
1134 5276 1540 5334 velificabantur
1573 5294 1587 5330 :
1613 5290 1787 5346 neque
1813 5285 1895 5331 est
1915 5291 1978 5332 ea

374 5376 428 5430 in
461 5390 521 5429 re
548 5372 755 5429 diutius
783 5369 1197 5425 immorandum.
1241 5369 1438 5425 Contra
1468 5368 1755 5425 Anomteos
1796 5381 1978 5425 autem

372 5473 725 5527 concertans,
749 5459 886 5516 duas
910 5461 964 5515 in
987 5460 1203 5515 Christo
1229 5460 1531 5514 voluntates
1556 5459 1718 5514 fuisse
1759 5469 1977 5530 pugnat,

369 5566 427 5611 et
455 5554 940 5609 Mantuthelitarum
971 5559 1061 5623 qui
1093 5562 1277 5623 postea
1304 5553 1474 5607 exorti
1503 5559 1649 5618 sunt,
1679 5553 1830 5620 quasi
1857 5553 1980 5608 data

372 5661 567 5717 opera,
598 5645 846 5701 Ineresini
877 5645 1129 5715 prnlligat
1180 5642 1265 5713 (Τ.
1286 5641 1329 5710 l,
1356 5643 1458 5699 col.
1489 5642 1773 5717 765-766).

450 5736 715 5807 Baptistni
766 5735 927 5791 ritum
977 5735 1050 5790 ita
1090 5734 1345 5790 describit
1386 5734 1803 5807 Chrysostomus
1833 5752 1847 5790 :
1879 5735 1978 5803 Qui

374 5828 685 5901 baptizandi
731 5836 909 5896 erant,
933 5843 1028 5898 per
1077 5827 1194 5884 dies
1223 5827 1435 5899 triginta
1465 5828 1532 5885 ad
1573 5840 1816 5886 sanctum
1848 5829 1979 5886 illud

2085 5278 2231 5335 denti
2278 5296 2382 5334 non
2439 5277 2817 5334 habeturzsed
2873 5279 2961 5333 illa
3033 5278 3183 5349 prior
3236 5276 3537 5332 Antiochia:
3584 5277 3681 5332 de-

2085 5372 2281 5441 scripta
2303 5368 2695 5441 fuit,posterior
2710 5385 2835 5424 vero
2854 5367 3434 5436 ConstantinOpolimbi
3453 5366 3680 5423 fortasse

2087 5463 2218 5518 levis
2251 5462 2337 5516 illa
2368 5461 2660 5517 diversitas
2686 5461 2740 5515 in
2768 5477 2865 5515 usu
2905 5470 3041 5515 erat.
3085 5459 3390 5530 Baptismus
3414 5475 3568 5527 vero,
3598 5459 3674 5513 in-

2086 5557 2198 5627 quit
2228 5555 2315 5610 ille
2336 5595 2352 5620 ,
2385 5570 2492 5609 non
2516 5553 2744 5608 dabatur
2766 5553 2817 5609 in
2848 5552 3194 5618 Pentecoste,
3223 5567 3380 5621 quam
3406 5561 3563 5607 vocat
3587 5550 3681 5608 ille

2087 5648 2407 5719 metr0p01in
2441 5645 2738 5715 festorum(
2773 5644 2832 5700 Τ.
2863 5643 2957 5713 IX,
2986 5644 3089 5702 eoi.
3117 5644 3190 5700 22
3222 5646 3241 5716 )
3269 5662 3284 5698 :
3316 5645 3439 5714 quia
3489 5658 3683 5714 nempe

2089 5739 2293 5804 fideles,
2321 5738 2551 5809 Spiritus
2591 5738 2759 5792 sancti
2809 5736 3091 5792 descensui
3130 5736 3284 5792 unice
3310 5734 3508 5792 addicti
3540 5775 3556 5800 ,
3584 5750 3682 5790 ca:-

2090 5839 2201 5887 tera
2247 5829 2299 5886 in
2341 5838 2553 5901 tempus
2599 5828 2743 5886 aliud
2790 5830 3072 5887 mittebant
3116 5829 3207 5901 (Τ.
3256 5828 3339 5900 ll,
3391 5829 3497 5886 col.
3531 5826 3679 5896 ωδ).
