4194 6466
621 326 690 379 53
1940 326 2176 381 SYNOP:

2300 327 2531 381 Bent-zu
2962 364 2969 367 -
3813 338 3883 397 54

618 459 774 530 Siepe
797 475 933 515 vero
951 462 1120 531 carpit
1145 476 1259 525 eos,
1293 462 1380 530 qui
1411 460 1730 532 baptismum
1770 474 1939 528 usque
1963 459 2029 511 ad
2056 473 2198 511 mori-
2302 459 2457 513 Lieet:
2495 476 2623 515 rem
2672 464 2868 528 pastum
2914 463 3058 518 dicat
3105 464 3224 528 ille,
3278 468 3329 517 in
3372 465 3613 532 precibus
3663 470 3871 522 confes-

616 558 721 604 tem
759 548 1092 613 differebant,
1141 566 1204 604 ac
1242 566 1361 621 qua:
1396 550 1517 604 ltinc
1555 550 1691 603 mala
1727 558 1781 604 et
1826 548 2061 619 pericula
2106 563 2195 601 se-

614 649 842 705 quantur
897 652 1140 696 recenset
1165 641 1351 711 (Tanto
1396 641 1612 696 secundo
1665 651 1712 694 et
1767 639 1922 694 Tomo
1970 638 2190 710 octavo).

614 729 867 797 Baptismi
914 746 1043 784 vero
1084 733 1297 784 nomina
1347 732 1512 785 multa
1558 742 1746 796 erant,
1803 731 1971 800 inquit
2013 730 2195 799 (Temo

602 816 912 888 secundo),
959 834 1149 887 nempe
1202 820 1467 873 lavacrum
1509 819 1926 890 regenerationis
1952 861 1966 882 ,
1999 820 2193 873 illumi-

624 909 802 973 natio;
832 909 1120 963 vocabatur
1140 911 1297 965 etiam
1330 913 1620 979 sepultura,
1652 912 2007 975 circumcisio,
2036 926 2193 977 crus;

608 996 719 1051 iam
771 999 872 1051 alia
926 1014 1143 1070 quoque
1199 1002 1412 1055 ttontina
1464 1016 1568 1072 pro
1604 1001 1929 1070 baptismate.
1983 999 2041 1056 in
2092 1014 2191 1057 usu

609 1096 783 1139 erant.

679 1177 1125 1234 DeEucharistite
1144 1189 1477 1235 sacramento
1506 1182 1684 1236 nullus
1711 1192 1919 1251 patrum
1946 1190 2186 1236 veterum

605 1276 710 1333 est,
741 1269 829 1336 qui
855 1269 1176 1325 lutulentius
1199 1270 1359 1325 verba
1398 1272 1603 1327 fecerit.
1630 1272 1789 1327 Libro
1814 1287 2043 1342 namque
2078 1280 2187 1327 ter-

606 1358 683 1410 tio
716 1357 789 1412 de
822 1358 1154 1421 Sacerdotio,
1195 1369 1472 1429 postquam
1510 1361 1846 1416 sacerdotum
1874 1361 2187 1431 dignitatem

604 1447 883 1513 extulerat,
912 1449 999 1518 qui
1025 1458 1185 1514 stant,
1226 1449 1412 1521 inquit,
1454 1466 1621 1520 prope
1648 1452 1790 1504 illam
1831 1451 2184 1511 immortalem

604 1548 870 1605 naturam,
898 1541 1060 1609 paulo
1080 1552 1264 1609 postea
1306 1542 1436 1597 dicit
1467 1561 1480 1597 :
1511 1542 1649 1597 Nam
1684 1544 1729 1599 si
1757 1560 1856 1597 non
1890 1553 2049 1614 potest
2073 1544 2188 1615 quis

601 1630 797 1683 intrare
819 1631 873 1684 in
894 1648 1103 1702 regnum
1131 1632 1392 1699 caelorum,
1432 1634 1531 1687 nisi
1556 1651 1647 1703 per
1666 1651 1852 1704 aquam
1877 1646 1923 1689 et
1950 1636 2186 1703 spiritum

603 1729 920 1789 regeneratus
947 1722 1118 1791 fuerit,
1146 1724 1296 1776 etiam
1317 1725 1405 1793 qui
1425 1740 1525 1777 non
1552 1724 1824 1779 manduca:
1846 1741 2045 1779 carnem
2072 1723 2184 1778 Do»

604 1810 748 1874 mini,
791 1827 881 1864 nec
928 1812 1046 1866 bibit
1088 1814 1197 1883 ejus
1235 1814 1551 1886 sanguinem,
1589 1827 1778 1870 tctema
1824 1816 1925 1871 vita
1958 1815 2186 1885 privatus

603 1901 806 1970 (Tomo
871 1904 1099 1976 primo
1168 1905 1225 1960 In
1280 1906 1504 1961 llmuilia
1565 1908 1689 1963 item
1749 1907 1819 1963 de
1879 1907 2183 1962 Proditione

600 1992 752 2049 .ludze
779 1996 909 2051 dicit
945 2001 1057 2052 lucc
1106 1998 1290 2064 verba,
1321 1996 1436 2052 Hoc
1476 2008 1547 2052 est
1583 2015 1767 2068 corpus
1811 2016 1975 2053 meum
1999 1999 2182 2070 (Tomo

598 2084 822 2138 secunda
849 2085 888 2155 ),
934 2087 1311 2142 transformare
1356 2102 1419 2143 ea
1463 2104 1581 2157 quae
1626 2089 1894 2159 proposita
1943 2098 2184 2155 sunt,et

599 2173 872 2230 diabolum
926 2176 1177 2232 insiliisse
1215 2178 1266 2232 in
1296 2176 1485 2232 Judam
1537 2190 1812 2249 postquam
1858 2195 2057 2235 mensa:
2095 2180 2181 2235 di-

599 2265 736 2319 vinae
763 2267 1031 2337 particeps
1058 2267 1253 2333 fuerat,
1285 2284 1390 2323 non
1421 2284 1613 2338 corpus
1642 2270 1875 2337 Domini,
1912 2272 2055 2342 quod
2089 2273 2183 2329 ille

594 2369 892 2426 acceperat.
933 2358 1255 2428 despiciens,
1284 2359 1378 2416 sed
1408 2361 1576 2431 ipsius
1604 2361 1755 2417 ludat
1798 2361 2185 2433 impudentiam

593 2455 960 2503 contemnens.
1015 2448 1221 2519 Corpus
1270 2457 1325 2504 et
1360 2450 1669 2519 sanguinem
1713 2450 1909 2506 Christi
1954 2468 2078 2508 vere
2125 2453 2178 2508 in

597 2535 925 2593 Eucharistia
953 2553 1073 2594 esse
1117 2540 1197 2595 bis
1235 2539 1367 2595 dicit
1393 2540 1552 2595 etiam
1592 2540 1646 2595 in
1678 2540 1923 2600 lloutiliis
1959 2542 2011 2596 itt
2042 2542 2178 2598 Mat-

600 2628 821 2682 tlttcum.
866 2627 1261 2684 Commentario
1316 2638 1493 2686 autem
1548 2630 1601 2684 in
1653 2630 1946 2701 Epistolam
1990 2649 2177 2688 secun-

600 2717 723 2770 dant
772 2718 839 2772 ad
880 2719 1190 2776 Corinthios
1240 2722 1292 2775 itt
1349 2723 1462 2779 hate
1503 2723 1663 2778 verba
1714 2723 1894 2795 (Tomo
1920 2724 2173 2797 septimo),

598 2806 747 2861 Calia:
791 2809 1144 2863 benedictionis
1168 2851 1181 2873 ,
1214 2811 1295 2864 cui
1338 2810 1672 2866 benedicimus
1692 2854 1706 2877 ,
1740 2831 1906 2868 nonne
1949 2831 2180 2868 commu-

595 2896 783 2950 nicatio
834 2899 1092 2969 sanguinis
1131 2900 1313 2953 Christi
1367 2901 1476 2955 est?
1528 2901 1642 2956 haec
1685 2903 1980 2959 clarissime
2007 2904 2174 2969 dicit,

597 2986 711 3041 Hoc
756 2989 892 3058 quod
943 2990 995 3043 in
1054 2990 1209 3045 calice
1256 3001 1367 3057 est,
1409 2991 1539 3044 illud
1593 2993 1760 3063 ipsum
1812 3004 1884 3046 est
1933 2994 2066 3063 quod
2116 3009 2180 3048 ea:

592 3078 751 3133 latere
798 3078 1173 3156 [luxit('l'oma
1235 3083 1424 3137 decimo
1455 3083 1499 3153 ).
1553 3083 1684 3138 Cum
1754 3084 1940 3155 majori
2016 3085 2174 3140 etiam

592 3174 827 3241 ἐπρομιᾳ,
877 3169 993 3225 hate
1052 3170 1118 3226 de
1166 3187 1390 3242 corpore
1453 3173 1652 3229 Christi
1729 3174 1780 3228 in
1850 3174 2173 3230 Eucharistia

594 3257 827 3327 loquitur
890 3260 940 3314 in
1002 3260 1196 3316 [lanii].
1242 3264 1471 3318 secunda
1535 3263 1587 3317 in
1629 3262 1918 3333 Epistolam
1983 3278 2175 3320 secun-

592 3348 716 3403 dam
756 3348 827 3403 ad
867 3348 1208 3406 Timotheum
1237 3351 1419 3428 (Tomo
1445 3352 1730 3421 undecimo)
1759 3370 1771 3405 :
1803 3350 1870 3405 Et
1906 3353 2002 3407 hoc
2026 3355 2177 3425 igitur

591 3458 776 3512 corpus
827 3441 1012 3497 Christi
1053 3453 1125 3498 est
1168 3452 1213 3497 et
1266 3444 1414 3499 illud.
1443 3445 1542 3512 Qui
1586 3460 1701 3499 vero
1746 3455 1888 3515 putat
1934 3445 2028 3499 hoc
2074 3448 2173 3499 nti-

591 3548 684 3587 nus
718 3532 807 3586 illo
842 3550 967 3602 esse,
998 3534 1043 3589 is
1086 3535 1242 3588 nescit
1281 3533 1538 3591 Christum
1575 3536 1726 3589 etiam
1755 3553 1888 3591 nunc
1926 3536 2099 3592 adesse
2127 3547 2175 3593 et

590 3623 809 3693 operari.
852 3622 949 3678 Hic
984 3639 1111 3679 vero
1158 3623 1391 3698 loquitur
1434 3621 1503 3682 de
1541 3625 1815 3682 sacerdote
1856 3627 2172 3683 saerillcium

590 3711 867 3769 oll'erente.

661 3801 816 3856 Circa
844 3803 1169 3871 ptenitentite
1215 3813 1605 3860 sacramentum
1634 3805 1702 3859 de
1737 3805 2073 3864 confessione
2094 3809 2174 3864 lo-

591 3905 782 3960 quens,
808 3892 1048 3963 lucifugis
1078 3895 1292 3949 errandi
1319 3895 1616 3960 materiam,
1645 3905 1791 3951 recte
1822 3907 2173 3954 sentientibus

589 3982 893 4050 scrupulum
917 3983 1098 4051 injecit
1115 3982 1547 4054 Chrysostomus,
1570 3999 1690 4039 cum
1712 3985 1965 4041 Oratione
1989 3987 2172 4056 quinta

591 4070 659 4125 de
699 4069 1221 4141 lucomprehensibili
1261 4071 1427 4126 dicit:
1460 4071 1581 4127 Non
1620 4083 1666 4127 te
1698 4074 1751 4128 in
1779 4077 2026 4130 theatrum
2052 4094 2173 4132 con-

590 4175 844 4217 servorum
872 4170 1073 4215 tuorunt
1111 4162 1262 4230 duco,
1299 4178 1455 4231 neque
1483 4161 1767 4219 hominibus
1792 4176 1993 4236 peccata
2030 4183 2170 4222 reve-

590 4253 700 4307 lare
748 4267 872 4323 cogo
909 4268 928 4307 .°
950 4254 1306 4311 conscientiam
1358 4265 1497 4315 tuam
1539 4258 1762 4331 expende
1810 4274 1980 4312 coram
2031 4258 2169 4326 Deo,

589 4341 794 4398 ostende
833 4342 931 4414 ipsi
980 4345 1187 4400 vulnera
1210 4385 1225 4411 ,
1272 4355 1318 4399 et
1359 4345 1421 4400 ab
1468 4363 1524 4401 eo
1569 4347 1931 4403 medicamenta
1975 4348 2173 4416 postulo

589 4430 773 4499 (Tanto
800 4434 1007 4505 primo).
1042 4433 1153 4493 llac
1189 4435 1257 4490 dc
1293 4451 1352 4492 re
1381 4452 1487 4491 tton
1517 4452 1710 4507 paucos
1736 4435 2004 4497 ltatreutes
2040 4438 2168 4506 vidi,

591 4523 980 4594 nonnullasque
1011 4523 1316 4580 dubitantes
1340 4540 1405 4578 an
1431 4525 1523 4581 illo
1550 4542 1665 4581 aevo
1694 4525 1958 4587 confessio
1979 4541 2170 4595 pecca-

592 4619 764 4667 torum
800 4611 1064 4667 sacerdoti
1089 4612 1324 4668 facienda
1352 4611 1404 4667 in
1443 4628 1540 4667 usu
1567 4621 1712 4673 esset
1739 4613 2055 4683 Antiochiae,
2080 4616 2172 4673 ubi

592 4700 709 4756 haec
747 4700 888 4757 dicta
932 4703 1149 4773 protulit
1189 4701 1623 4774 Cbrysostomus.
1674 4703 1788 4763 Non
1834 4704 2171 4766 advertentes

590 4790 763 4860 ipsum
804 4791 941 4847 libro
982 4794 1140 4851 tertio
1176 4792 1245 4851 dc
1280 4791 1587 4849 Sacerdmio
1620 4792 1820 4863 dicere,
1867 4797 2172 4857 sacerdotes

592 4896 815 4953 prorsus
838 4883 1097 4955 purgandi
1127 4891 1444 4955 potestatem
1475 4884 1764 4954 accepisse.
1788 4895 1844 4943 et
1873 4895 1994 4958 post
2020 4903 2171 4960 rege-

589 4974 921 5033 nerationem
954 4975 1186 5031 admissa
1224 4983 1436 5044 peccata
1479 4974 1780 5031 condonare
1806 4991 1963 5051 posse
1988 4976 2170 5050 (Tomo

589 5066 780 5137 primo)
809 5082 825 5120 :
853 5073 1012 5136 atque
1059 5065 1229 5133 adeo,
1272 5079 1392 5119 cum
1446 5065 1514 5122 de
1553 5065 1888 5127 confessione
1927 5080 2168 5139 peccato-

591 5175 709 5217 rum
761 5158 1032 5228 loquitur,
1078 5156 1129 5212 id
1182 5172 1325 5229 stepe
1375 5157 1441 5213 de
1478 5159 1580 5213 hoc
1630 5159 1965 5219 sacerdotum
2014 5163 2169 5218 mini-

590 5250 755 5306 sterio
793 5247 1196 5318 intelligendum
1232 5263 1392 5313 esse;
1431 5259 1488 5307 ttt
1515 5265 1634 5304 cum
1662 5250 1806 5319 dicit,
1835 5262 1955 5321 post
1983 5270 2165 5323 pecca.

589 5349 702 5394 tum
745 5338 813 5396 ad
845 5337 1236 5394 confessionem
1261 5353 1379 5394 esse
1406 5340 1750 5411 pergendum,
1791 5351 1845 5397 et
1876 5343 2168 5399 confessio-

589 5443 712 5485 nem
753 5427 1111 5484 communioni
1140 5443 1257 5484 esse
1302 5429 1720 5499 prannittendam
1743 5429 1806 5501 (Τ
1810 5448 1922 5486 omo
1953 5435 2162 5503 primo).

586 5518 795 5578 Clarius
822 5532 934 5573 rem
965 5518 1183 5588 profert,
1212 5536 1329 5576 cum
1360 5522 1620 5577 sacerdoti
1647 5523 1820 5578 ulcera
1850 5538 1969 5580 esse
1995 5525 2169 5579 mani-

586 5607 831 5667 feStanda
871 5613 1172 5682 pronuntiat
1211 5612 1391 5684 (Tomo
1418 5614 1660 5685 secundo)
1685 5632 1699 5669 :
1725 5629 1818 5687 per
1869 5615 2166 5672 confessio-

586 5713 711 5762 nem
759 5703 903 5767 enim
929 5742 944 5770 ,
977 5702 1180 5773 inquit,
1217 5719 1553 5775 peccatorum
1598 5708 1803 5764 sarcina
1861 5705 2163 5776 deponitur.

2306 550 2510 603 sionem
2560 550 2666 603 Deo
2717 553 3060 606 emittendum
3101 569 3257 618 esse,
3309 554 3357 605 iu
3401 556 3712 607 memoratis
3747 556 3876 609 locis

2305 638 2690 695 confessionem
2748 643 2907 697 etiam
2957 643 3218 701 sacerdoti
3272 642 3562 699 faciendam
3608 659 3725 699 esse
3779 645 3874 698 de-

2302 730 2491 783 clarat.

2370 816 2486 870 Jatn
2517 817 2591 872 ad
2609 819 2957 888 qtuestionetn
2987 822 3279 887 veniamus,
3318 837 3435 891 quin
3463 822 3600 875 haud
3631 824 3720 877 ditt
3758 834 3877 892 post

2297 904 2499 959 obitum
2526 906 2890 977 Chrysostomi
2917 910 3108 979 agitata
3140 911 3251 976 fuit,
3278 912 3389 965 imo
3407 914 3457 966 in
3483 914 3734 967 extremis
3759 913 3884 982 ejus

2299 996 2419 1051 vita:
2445 998 2603 1051 annis
2628 1000 2847 1057 subortu
2881 1010 2996 1065 est;
3019 1017 3242 1072 quaeque
3265 1018 3383 1056 aevo
3404 1013 3586 1061 uostro
3613 1020 3705 1072 per
3731 1004 3872 1058 intc-

2296 1105 2455 1158 gruut
2480 1106 2615 1159 pene
2643 1093 2900 1148 saeculum
2924 1095 3208 1147 multorum
3257 1094 3463 1163 ingenia
3503 1099 3776 1161 exercuit;
3805 1096 3881 1151 de

2294 1179 2460 1248 gratia
2503 1196 2696 1248 nempe
2741 1191 2795 1236 et
2843 1182 3012 1236 libero
3053 1183 3293 1238 arbitrio.
3337 1183 3576 1240 Julianus
3622 1186 3765 1240 enim
3818 1195 3877 1241 et

2295 1270 2532 1325 Attianus
2570 1270 2854 1341 Pelagiani,
2895 1271 3333 1344 Cbrysostomum
3378 1273 3477 1328 sibi
3505 1272 3682 1328 favere
3711 1274 3869 1328 dicti—

2297 1361 2476 1415 tabant
2506 1379 2521 1416 :
2551 1372 2605 1416 ct
2629 1361 2934 1428 Cassianus,
2963 1365 3050 1432 qui
3078 1362 3460 1434 Chrysostosuo
3487 1364 3735 1429 hazserat,
3765 1363 3868 1419 Se-

2295 1451 2773 1521 mipelagiauorum
2804 1453 3066 1506 haereseos
3087 1461 3270 1507 auctor
3298 1453 3540 1507 habetur.
3567 1454 3665 1519 Qui
3692 1464 3882 1508 autem

2295 1541 2599 1612 ltttjusmodi
2635 1542 2927 1598 lueresibus
2975 1557 3169 1599 nomen
3202 1541 3479 1610 dederant,
3525 1551 3727 1600 tantum
3771 1543 3870 1598 da-

2293 1642 2495 1687 ctorem
2521 1632 2777 1701 putabant
2795 1632 2849 1690 in
2877 1632 3109 1689 hospitiis
3146 1634 3259 1688 suis
3284 1632 3467 1689 favere
3494 1633 3617 1699 sibi,
3648 1633 3871 1704 ejusque

2292 1722 2613 1779 testimoniis
2656 1724 2975 1790 utebantur,
3026 1733 3087 1779 ut
3133 1724 3292 1781 dictis
3338 1726 3450 1779 suis
3497 1725 3867 1780 auctoritatem

2289 1815 2677 1870 conciliarent:
2706 1825 2757 1869 et
2800 1814 2914 1871 loca
2959 1815 3099 1871 haud
3138 1815 3298 1871 dubie
3346 1815 3701 1884 proferebant,
3745 1830 3866 1885 qua:

2287 1902 2603 1958 videbantur
2647 1918 2757 1958 sua:
2799 1903 3008 1959 tuenda:
3052 1903 3331 1958 sententia:
3374 1915 3689 1973 opportuna.
3733 1905 3867 1960 Cum

2286 1993 2429 2048 enim
2474 1994 2613 2047 circa
2650 1993 2876 2064 gratiam
2924 2004 2978 2048 et
3012 1994 3238 2050 liberum
3282 1993 3559 2049 arbitrium
3604 1994 3864 2050 nihildum

2286 2090 2433 2137 esset
2455 2090 2633 2136 ortum
2657 2082 2740 2136 vel
2770 2082 3001 2152 scrupuli
3027 2082 3110 2137 vel
3137 2082 3554 2151 disceptationis,
3582 2098 3754 2152 neque
3781 2098 3865 2137 cs-

2285 2182 2370 2229 set
2406 2189 2494 2231 res
2518 2183 2625 2229 tam
2651 2172 2881 2231 difﬁcilis
2925 2176 3086 2229 certis
3127 2188 3316 2229 vocum
3355 2174 3610 2229 limitibus
3645 2174 3867 2229 circunr

2286 2265 2523 2335 scripta:
2551 2264 2676 2337 quid
2715 2266 2929 2327 mirum,
2972 2264 3017 2317 si
3062 2262 3473 2335 Chrysostomus
3506 2265 3558 2317 in
3585 2264 3861 2318 concinni-

2285 2356 2409 2423 btts,
2437 2371 2569 2425 quas
2604 2357 2912 2428 plerumque
2942 2371 3007 2411 ex
3035 2365 3274 2424 tempore
3304 2356 3687 2425 pronuntiavit,
3714 2371 3863 2425 qute-

2285 2446 2406 2501 dam
2438 2447 2715 2516 protulerit
2751 2447 2889 2502 circa
2935 2447 3156 2516 gratiam
3185 2445 3302 2512 Dei,
3333 2461 3472 2516 quae,
3519 2447 3565 2501 si
3610 2446 3863 2501 secundis

2284 2538 2428 2593 curis
2450 2547 2503 2592 et
2529 2540 2826 2593 accuratius
2858 2545 3154 2604 tractasset,
3182 2537 3572 2593 emendavisset
3598 2538 3736 2592 baud
3762 2538 3864 2591 du-

2284 2626 2414 2682 bie?
2439 2636 2495 2681 ut
2520 2637 2574 2682 et
2601 2629 2922 2698 Augustinus
2946 2643 3063 2697 qua:
3094 2626 3295 2696 pridem
3329 2627 3397 2682 de
3427 2628 3593 2696 gratia
3621 2628 3711 2681 Dei
3742 2644 3857 2682 scn-

2283 2727 2444 2780 serat,
2484 2716 2677 2785 abjecit
2708 2716 2945 2783 omnino,
2980 2730 3100 2771 cum
3142 2730 3204 2771 ea
3244 2715 3314 2771 de
3352 2732 3410 2771 re
3450 2726 3527 2770 tot
3566 2718 3861 2772 scribendis

2284 2809 2429 2863 libris
2451 2823 2667 2878 operam
2695 2807 2859 2863 dedit.

2353 2899 2716 2967 Chrysostomi
2757 2897 2871 2951 loca
2920 2896 3007 2951 hic
3058 2897 3375 2952 referimus:
3410 2897 3632 2952 llomilia
3673 2899 3724 2951 in
3771 2900 3859 2952 di-

2282 2998 2426 3042 ctum
2460 2988 2586 3041 illud
2633 2989 2798 3052 Pauli,
2849 2987 3102 3043 Habentes
3140 2999 3304 3043 autem
3346 2991 3573 3044 eumdem
3606 2990 3861 3061 Spiritum

2283 3080 2423 3149 fidei,
2456 3089 2558 3135 etc.
2591 3079 2794 3147 (Temo
2845 3079 3056 3152 tertio),
3108 3079 3222 3135 haec
3270 3081 3468 3136 habet:
3515 3080 3657 3136 Illud
3710 3084 3865 3137 nimi—

2281 3188 2395 3226 rum
2444 3171 2702 3225 ostendere
2750 3171 2938 3236 volens,
2962 3172 3097 3242 quod
3150 3171 3293 3225 initio
3344 3172 3565 3239 credere,
3593 3182 3640 3226 et
3685 3190 3863 3242 parere

2286 3265 2504 3327 vocanti,
2553 3271 2738 3316 nostra:
2778 3271 2850 3315 est
2895 3261 3039 3315 bona:
3081 3262 3260 3315 mentis
3286 3277 3306 3314 :
3331 3270 3381 3313 at
3423 3271 3683 3332 postquam
3716 3264 3863 3332 jacm

2284 3356 2470 3425 fuerint
2496 3354 2617 3422 ﬁdei
2644 3354 2994 3425 fundamenta,
3012 3355 3124 3422 jam
3152 3369 3279 3423 opus
3303 3361 3377 3407 est
3399 3355 3591 3408 auxilio
3612 3354 3858 3424 Spiritus,

2283 3456 2336 3497 ut
2362 3446 2412 3497 in
2449 3443 2590 3497 nobis
2616 3453 2853 3516 perpetuo
2877 3455 3076 3496 maneat
3103 3444 3400 3498 inconcussa
3423 3452 3474 3497 et
3494 3445 3863 3514 inaspugnabi-

2281 3534 2361 3588 lis.
2398 3533 2578 3606 Neque
2603 3535 2733 3588 enim
2774 3532 2934 3596 Deus,
2975 3550 3131 3603 neque
3176 3532 3401 3603 Spiritus
3424 3535 3590 3605 gratia
3633 3546 3859 3589 nostrum

2282 3626 2518 3695 prtevenit
2557 3625 2867 3695 propositum
2884 3641 2905 3689 ;
2932 3624 3025 3676 sed
3059 3624 3255 3678 tametsi
3301 3635 3456 3691 vocet,
3503 3634 3759 3695 exspectat
3780 3636 3861 3680 ta-

2281 3733 2417 3781 men,
2445 3725 2500 3769 ut
2527 3727 2702 3785 sponte
2728 3725 2774 3768 et
2794 3717 3002 3785 propria
3029 3716 3283 3768 voluntate
3319 3718 3631 3779 accedamus,
3667 3733 3725 3770 ac
3751 3728 3856 3771 tum

2281 3807 2480 3859 demum
2530 3822 2643 3858 cum
2680 3807 3053 3871 accesserimus,
3096 3806 3237 3859 nobis
3280 3823 3427 3860 suum
3466 3816 3624 3861 totum
3661 3808 3858 3863 exhibet

2279 3898 2548 3948 aumatium.
2576 3892 2761 3948 Simile
2797 3894 3065 3963 quidpiam
3107 3894 3233 3949 dicit
3261 3896 3451 3950 llomil.
3500 3897 3552 3950 in
3597 3896 3855 3952 Joannem

2281 3981 2396 4037 haec
2433 3980 2701 4056 Evangelii
2744 3982 2907 4037 verba
2957 3983 3225 4051 explicans
3258 3972 3853 4056 (Tomooctaso):Con-

2279 4090 2449 4128 versus
2489 4081 2654 4126 autem
2678 4071 2851 4138 Iesus,
2882 4083 2928 4126 et
2964 4073 3134 4127 videns
3162 4090 3246 4127 eos
3283 4085 3558 4146 sequentes,
3590 4076 3709 4128 dicit
3733 4077 3807 4130 eis
3833 4089 3854 4130 :

2283 4158 2420 4226 Quid
2442 4164 2707 4235 queritis?
2731 4164 2908 4233 Pergit
2943 4164 3065 4218 ille:
3098 4163 3230 4217 Hine
3252 4166 3489 4219 docentur
3514 4165 3679 4220 Deum
3706 4166 3853 4222 donis

2279 4268 2380 4307 non
2411 4255 2681 4324 prteveuire
2722 4255 2998 4308 voluntates
3045 4264 3276 4319 nostras;
3297 4255 3385 4308 sed
3407 4256 3494 4309 ubi
3521 4272 3612 4309 nos
3649 4256 3845 4326 incepi-

2281 4360 2422 4409 mus,
2469 4360 2580 4398 cum
2617 4346 2921 4398 voluntatem
2944 4345 3296 4414 praemisimus,
3332 4356 3448 4400 tunc
3486 4347 3730 4416 plurimas
3752 4347 3843 4399 dat

2279 4434 2366 4490 ille
2389 4435 2531 4490 nobis
2554 4435 2730 4489 salutis
2758 4434 3063 4489 occasiones.

2351 4526 2576 4580 Homilia
2605 4534 2783 4580 autem
2812 4526 2881 4581 59
2912 4527 2963 4579 in
2992 4525 3243 4581 Genesim
3275 4540 3388 4579 rem
3414 4539 3484 4579 tta
3511 4526 3757 4596 explicat,
3790 4536 3849 4582 ut

2279 4631 2459 4673 secum
2504 4619 2616 4687 ipse
2661 4633 2894 4687 pugnare
2938 4618 3182 4672 videatur
3228 4616 3410 4683 (Tomo
3460 4620 3685 4689 quarto).
3709 4617 3843 4674 Nam

2277 4707 2345 4765 de
2367 4706 2566 4762 Jacobo
2605 4708 2765 4763 lsaaci
2797 4708 2904 4761 tilio
2944 4708 3165 4781 loquens
3202 4707 3316 4764 haec
3360 4708 3559 4763 habet:
3593 4708 3729 4762 Licet
3762 4726 3851 4764 stt-

2280 4813 2434 4869 perno
2477 4797 2711 4868 praesidio
2739 4801 2897 4868 fretus
2920 4798 3092 4867 fuerit,
3137 4807 3356 4852 attamen
3385 4798 3521 4867 quod
3557 4815 3705 4852 suunt
3742 4810 3853 4853 erat

2276 4888 2417 4959 prius
2441 4888 2680 4943 exhibuit.
2712 4887 2797 4943 Ita
2833 4904 2955 4942 sane
2980 4900 3024 4941 et
3056 4904 3145 4943 nos
3172 4889 3564 4957 persuadeamus
3593 4889 3752 4953 nobis,
3793 4890 3854 4942 li-

2273 4989 2348 5035 cet
2390 4978 2572 5035 millies
2599 4979 2870 5044 enitantur,
2919 4979 3047 5033 nihil
3082 4992 3249 5032 tamen
3287 4996 3491 5047 prorsus
3536 4990 3665 5033 recte
3703 4996 3852 5050 agere

2275 5088 2440 5141 posse,
2468 5071 2566 5127 nisi
2588 5087 2804 5140 superno
2828 5070 3019 5129 auxilio
3046 5070 3266 5139 adjutos.
3303 5068 3449 5123 Sicut
3477 5070 3608 5123 enim
3634 5069 3731 5123 nisi
3759 5070 3850 5123 illo

2273 5164 2494 5223 subsidio
2520 5164 2767 5232 fruamur,
2797 5161 2924 5215 nihil
2950 5178 3189 5234 umquam
3212 5177 3473 5232 possumus
3501 5172 3634 5216 recte
3659 5178 3808 5232 agere
3833 5178 3852 5216 :

2273 5256 2366 5319 ita,
2414 5254 2507 5308 nisi
2532 5252 2667 5322 quod
2707 5262 2932 5307 nostrum
2961 5260 3034 5304 est
3071 5252 3407 5316 attulerimus,
3437 5270 3537 5306 non
3576 5255 3848 5323 poterimus

2272 5359 2543 5411 supernum
2581 5341 2831 5395 auxilium
2879 5341 3116 5394 obtinere.
3169 5341 3223 5396 Si
3266 5358 3493 5417 namque
3542 5342 3750 5396 initium
3796 5354 3848 5396 et

2276 5434 2613 5489 fundamenta
2646 5432 2765 5487 fidei
2808 5432 2923 5487 sine
2960 5433 3048 5487 Dei
3086 5434 3282 5487 auxilio
3315 5449 3512 5501 ponere
3540 5448 3848 5503 possumus,

2272 5533 2332 5579 ut
2358 5524 2444 5578 ille
2470 5538 2629 5592 supra
2663 5522 2816 5587 dixit,
2848 5521 3113 5590 quomodo
3142 5537 3322 5576 verum
3344 5538 3465 5578 esse
3495 5522 3686 5591 poterit
3712 5522 3842 5575 illud

2272 5613 2414 5685 quod
2442 5614 2528 5667 hic
2546 5612 2745 5681 adjicit,
2768 5626 2867 5667 nos
2890 5626 3082 5681 nempe
3102 5612 3229 5665 nihil
3258 5628 3490 5680 umquam
3517 5622 3661 5667 recte
3688 5626 3847 5682 agere

2278 5722 2454 5777 posse,
2482 5704 2580 5760 nisi
2608 5717 2841 5775 superno
2865 5703 3062 5759 auxilio
3087 5703 3337 5773 adjutus?
