  <div class='ocr_page' id='page_1' title='image "/cluster/home/n/w/nwhite01/storage/ocr_20150623/64:no.13/coo.31924054869643/056.png"; bbox 0 0 4194 6472; ppageno 0'>
   <div class='ocr_carea' id='block_1_1' title="bbox 377 398 1992 487">
    <p class='ocr_par' dir='ltr' id='par_1_1' title="bbox 377 405 1992 487">
     <span class='ocr_line' id='line_1_1' title="bbox 377 405 1992 487; baseline -0.014 -1"><span class='ocrx_word' id='word_1_1' title='bbox 377 430 450 487; x_wconf 71' lang='grc'><strong>83</strong></span> <span class='ocrx_word' id='word_1_2' title='bbox 1139 409 1304 481; x_wconf 64' lang='lat' dir='ltr'><strong>QUAE</strong></span> <span class='ocrx_word' id='word_1_3' title='bbox 1345 409 1411 466; x_wconf 86' lang='lat' dir='ltr'><strong>IN</strong></span> <span class='ocrx_word' id='word_1_4' title='bbox 1449 405 1792 466; x_wconf 80' lang='lat' dir='ltr'><strong>OPERIBUS</strong></span> <span class='ocrx_word' id='word_1_5' title='bbox 1829 407 1992 464; x_wconf 82' lang='lat' dir='ltr'><strong>cum</strong></span> 
     </span>
    </p>
   </div>
   <div class='ocr_carea' id='block_1_2' title="bbox 2098 398 3652 487">
    <p class='ocr_par' dir='ltr' id='par_1_2' title="bbox 2098 398 3652 466">
     <span class='ocr_line' id='line_1_2' title="bbox 2098 398 3652 466; baseline -0.007 -2"><span class='ocrx_word' id='word_1_6' title='bbox 2098 407 2308 464; x_wconf 70' lang='grc' dir='ltr'><strong>ΙΞΤΟΜΙ</strong></span> <span class='ocrx_word' id='word_1_7' title='bbox 2352 405 2882 466; x_wconf 68' lang='grc' dir='ltr'><strong>ι’)ΒΒΕΚνΑΝΤΕΒ.</strong></span> <span class='ocrx_word' id='word_1_8' title='bbox 3581 398 3652 447; x_wconf 64' lang='grc'><strong>56</strong></span> 
     </span>
    </p>
   </div>
   <div class='ocr_carea' id='block_1_3' title="bbox 433 518 1967 608">
    <p class='ocr_par' dir='ltr' id='par_1_3' title="bbox 433 518 1967 608">
     <span class='ocr_line' id='line_1_3' title="bbox 433 518 1967 608; baseline -0.015 -13"><span class='ocrx_word' id='word_1_9' title='bbox 433 539 572 608; x_wconf 72' lang='lat' dir='ltr'><strong>Quia</strong></span> <span class='ocrx_word' id='word_1_10' title='bbox 599 535 746 592; x_wconf 88' lang='lat' dir='ltr'><strong>enim</strong></span> <span class='ocrx_word' id='word_1_11' title='bbox 767 531 852 586; x_wconf 74' lang='lat' dir='ltr'><strong>de</strong></span> <span class='ocrx_word' id='word_1_12' title='bbox 878 529 1048 599; x_wconf 78' lang='lat' dir='ltr'><strong>gratia</strong></span> <span class='ocrx_word' id='word_1_13' title='bbox 1077 538 1132 581; x_wconf 86' lang='lat' dir='ltr'><strong>et</strong></span> <span class='ocrx_word' id='word_1_14' title='bbox 1163 527 1334 579; x_wconf 84' lang='lat' dir='ltr'><strong>libero</strong></span> <span class='ocrx_word' id='word_1_15' title='bbox 1367 522 1593 577; x_wconf 86' lang='lat' dir='ltr'><strong>arbitrio</strong></span> <span class='ocrx_word' id='word_1_16' title='bbox 1619 518 1881 576; x_wconf 83' lang='lat' dir='ltr'><strong>nihildum</strong></span> <span class='ocrx_word' id='word_1_17' title='bbox 1912 518 1967 572; x_wconf 91' lang='lat' dir='ltr'><strong>in</strong></span> 
     </span>
    </p>
   </div>
   <div class='ocr_carea' id='block_1_4' title="bbox 365 611 1968 692">
    <p class='ocr_par' dir='ltr' id='par_1_4' title="bbox 365 611 1968 692">
     <span class='ocr_line' id='line_1_4' title="bbox 365 611 1968 692; baseline -0.018 -1"><span class='ocrx_word' id='word_1_18' title='bbox 365 631 608 692; x_wconf 78' lang='lat' dir='ltr'><strong>Ecclesia</strong></span> <span class='ocrx_word' id='word_1_19' title='bbox 654 633 914 682; x_wconf 85' lang='lat' dir='ltr'><strong>statutum</strong></span> <span class='ocrx_word' id='word_1_20' title='bbox 953 621 1156 683; x_wconf 71' lang='lat' dir='ltr'><strong>iuerat,</strong></span> <span class='ocrx_word' id='word_1_21' title='bbox 1215 632 1320 670; x_wconf 83' lang='lat' dir='ltr'><strong>non</strong></span> <span class='ocrx_word' id='word_1_22' title='bbox 1368 623 1514 669; x_wconf 89' lang='lat' dir='ltr'><strong>tanto</strong></span> <span class='ocrx_word' id='word_1_23' title='bbox 1567 611 1819 682; x_wconf 84' lang='lat' dir='ltr'><strong>scrupulo</strong></span> <span class='ocrx_word' id='word_1_24' title='bbox 1847 623 1968 679; x_wconf 72' lang='lat' dir='ltr'><strong>qua:</strong></span> 
     </span>
    </p>
   </div>
   <div class='ocr_carea' id='block_1_5' title="bbox 361 703 1972 779">
    <p class='ocr_par' dir='ltr' id='par_1_5' title="bbox 361 703 1972 779">
     <span class='ocr_line' id='line_1_5' title="bbox 361 703 1972 779; baseline -0.017 1"><span class='ocrx_word' id='word_1_25' title='bbox 361 739 480 779; x_wconf 80' lang='lat' dir='ltr'><strong>sese</strong></span> <span class='ocrx_word' id='word_1_26' title='bbox 519 719 693 776; x_wconf 87' lang='lat' dir='ltr'><strong>menti</strong></span> <span class='ocrx_word' id='word_1_27' title='bbox 714 715 1044 775; x_wconf 68' lang='lat' dir='ltr'><strong>offerebant,</strong></span> <span class='ocrx_word' id='word_1_28' title='bbox 1075 717 1257 764; x_wconf 87' lang='lat' dir='ltr'><strong>orator</strong></span> <span class='ocrx_word' id='word_1_29' title='bbox 1285 717 1470 762; x_wconf 88' lang='lat' dir='ltr'><strong>noster</strong></span> <span class='ocrx_word' id='word_1_30' title='bbox 1493 720 1557 760; x_wconf 85' lang='lat' dir='ltr'><strong>ea</strong></span> <span class='ocrx_word' id='word_1_31' title='bbox 1585 703 1654 758; x_wconf 88' lang='lat' dir='ltr'><strong>de</strong></span> <span class='ocrx_word' id='word_1_32' title='bbox 1698 717 1756 758; x_wconf 89' lang='lat' dir='ltr'><strong>rc</strong></span> <span class='ocrx_word' id='word_1_33' title='bbox 1799 715 1972 756; x_wconf 90' lang='lat' dir='ltr'><strong>enun-</strong></span> 
     </span>
    </p>
   </div>
   <div class='ocr_carea' id='block_1_6' title="bbox 364 792 1970 880">
    <p class='ocr_par' dir='ltr' id='par_1_6' title="bbox 364 792 1970 880">
     <span class='ocr_line' id='line_1_6' title="bbox 364 792 1970 880; baseline -0.015 -11"><span class='ocrx_word' id='word_1_34' title='bbox 364 815 550 879; x_wconf 84' lang='lat' dir='ltr'><strong>tiabat,</strong></span> <span class='ocrx_word' id='word_1_35' title='bbox 600 810 696 880; x_wconf 89' lang='lat' dir='ltr'><strong>qui</strong></span> <span class='ocrx_word' id='word_1_36' title='bbox 744 808 790 863; x_wconf 91' lang='lat' dir='ltr'><strong>si</strong></span> <span class='ocrx_word' id='word_1_37' title='bbox 836 821 898 860; x_wconf 85' lang='lat' dir='ltr'><strong>ea</strong></span> <span class='ocrx_word' id='word_1_38' title='bbox 948 803 1015 858; x_wconf 87' lang='lat' dir='ltr'><strong>ad</strong></span> <span class='ocrx_word' id='word_1_39' title='bbox 1066 800 1316 856; x_wconf 90' lang='lat' dir='ltr'><strong>trutinam</strong></span> <span class='ocrx_word' id='word_1_40' title='bbox 1365 796 1712 860; x_wconf 76' lang='lat' dir='ltr'><strong>excussisset,</strong></span> <span class='ocrx_word' id='word_1_41' title='bbox 1759 792 1970 848; x_wconf 81' lang='lat' dir='ltr'><strong>saniora</strong></span> 
     </span>
    </p>
   </div>
   <div class='ocr_carea' id='block_1_7' title="bbox 369 883 1973 961">
    <p class='ocr_par' dir='ltr' id='par_1_7' title="bbox 369 883 1973 961">
     <span class='ocr_line' id='line_1_7' title="bbox 369 883 1973 961; baseline -0.014 -1"><span class='ocrx_word' id='word_1_42' title='bbox 369 905 502 960; x_wconf 75' lang='lat' dir='ltr'><strong>haud</strong></span> <span class='ocrx_word' id='word_1_43' title='bbox 522 903 694 957; x_wconf 82' lang='lat' dir='ltr'><strong>dubie</strong></span> <span class='ocrx_word' id='word_1_44' title='bbox 723 899 963 955; x_wconf 83' lang='lat' dir='ltr'><strong>dedisset</strong></span> <span class='ocrx_word' id='word_1_45' title='bbox 987 912 1003 961; x_wconf 86' lang='lat'><strong>;</strong></span> <span class='ocrx_word' id='word_1_46' title='bbox 1028 893 1123 950; x_wconf 85' lang='lat' dir='ltr'><strong>sed</strong></span> <span class='ocrx_word' id='word_1_47' title='bbox 1144 907 1258 947; x_wconf 87' lang='lat' dir='ltr'><strong>non</strong></span> <span class='ocrx_word' id='word_1_48' title='bbox 1285 889 1481 946; x_wconf 79' lang='lat' dir='ltr'><strong>licebat</strong></span> <span class='ocrx_word' id='word_1_49' title='bbox 1506 886 1706 942; x_wconf 81' lang='lat' dir='ltr'><strong>oratori</strong></span> <span class='ocrx_word' id='word_1_50' title='bbox 1735 883 1973 956; x_wconf 86' lang='lat' dir='ltr'><strong>quotidie</strong></span> 
     </span>
    </p>
   </div>
   <div class='ocr_carea' id='block_1_8' title="bbox 373 975 1972 1060">
    <p class='ocr_par' dir='ltr' id='par_1_8' title="bbox 373 975 1972 1060">
     <span class='ocr_line' id='line_1_8' title="bbox 373 975 1972 1060; baseline -0.016 -7"><span class='ocrx_word' id='word_1_51' title='bbox 373 1002 532 1053; x_wconf 80' lang='lat' dir='ltr'><strong>teme</strong></span> <span class='ocrx_word' id='word_1_52' title='bbox 565 1007 627 1050; x_wconf 86' lang='lat' dir='ltr'><strong>et</strong></span> <span class='ocrx_word' id='word_1_53' title='bbox 654 1009 725 1048; x_wconf 83' lang='lat' dir='ltr'><strong>ex</strong></span> <span class='ocrx_word' id='word_1_54' title='bbox 751 1001 998 1060; x_wconf 87' lang='lat' dir='ltr'><strong>tempore</strong></span> <span class='ocrx_word' id='word_1_55' title='bbox 1026 1000 1172 1056; x_wconf 66' lang='lat' dir='ltr'><strong>saepe</strong></span> <span class='ocrx_word' id='word_1_56' title='bbox 1195 980 1520 1038; x_wconf 83' lang='lat' dir='ltr'><strong>declamanti</strong></span> <span class='ocrx_word' id='word_1_57' title='bbox 1541 979 1686 1033; x_wconf 89' lang='lat' dir='ltr'><strong>serio</strong></span> <span class='ocrx_word' id='word_1_58' title='bbox 1715 975 1895 1030; x_wconf 87' lang='lat' dir='ltr'><strong>verbis</strong></span> <span class='ocrx_word' id='word_1_59' title='bbox 1918 985 1972 1030; x_wconf 87' lang='lat' dir='ltr'><strong>et</strong></span> 
     </span>
    </p>
   </div>
   <div class='ocr_carea' id='block_1_9' title="bbox 369 1069 1976 1150">
    <p class='ocr_par' dir='ltr' id='par_1_9' title="bbox 369 1069 1976 1150">
     <span class='ocr_line' id='line_1_9' title="bbox 369 1069 1976 1150; baseline -0.017 -7"><span class='ocrx_word' id='word_1_60' title='bbox 369 1089 520 1143; x_wconf 79' lang='lat' dir='ltr'><strong>dictis</strong></span> <span class='ocrx_word' id='word_1_61' title='bbox 541 1084 800 1140; x_wconf 65' lang='lat' dir='ltr'><strong>carnibus</strong></span> <span class='ocrx_word' id='word_1_62' title='bbox 825 1077 1136 1150; x_wconf 78' lang='lat' dir='ltr'><strong>advigilare,</strong></span> <span class='ocrx_word' id='word_1_63' title='bbox 1169 1075 1223 1130; x_wconf 91' lang='lat' dir='ltr'><strong>in</strong></span> <span class='ocrx_word' id='word_1_64' title='bbox 1242 1071 1418 1128; x_wconf 80' lang='lat' dir='ltr'><strong>rebus</strong></span> <span class='ocrx_word' id='word_1_65' title='bbox 1440 1069 1671 1124; x_wconf 75' lang='lat' dir='ltr'><strong>maxime</strong></span> <span class='ocrx_word' id='word_1_66' title='bbox 1695 1081 1816 1136; x_wconf 70' lang='lat' dir='ltr'><strong>quae</strong></span> <span class='ocrx_word' id='word_1_67' title='bbox 1847 1079 1976 1118; x_wconf 88' lang='lat' dir='ltr'><strong>non-</strong></span> 
     </span>
    </p>
   </div>
   <div class='ocr_carea' id='block_1_10' title="bbox 369 1155 1973 1249">
    <p class='ocr_par' dir='ltr' id='par_1_10' title="bbox 369 1155 1973 1249">
     <span class='ocr_line' id='line_1_10' title="bbox 369 1155 1973 1249; baseline -0.018 -12"><span class='ocrx_word' id='word_1_68' title='bbox 369 1183 497 1236; x_wconf 82' lang='lat' dir='ltr'><strong>dum</strong></span> <span class='ocrx_word' id='word_1_69' title='bbox 519 1176 767 1249; x_wconf 77' lang='lat' dir='ltr'><strong>publicis</strong></span> <span class='ocrx_word' id='word_1_70' title='bbox 794 1171 1051 1230; x_wconf 79' lang='lat' dir='ltr'><strong>Ecclesiae</strong></span> <span class='ocrx_word' id='word_1_71' title='bbox 1072 1167 1278 1238; x_wconf 76' lang='lat' dir='ltr'><strong>legibus</strong></span> <span class='ocrx_word' id='word_1_72' title='bbox 1303 1171 1529 1219; x_wconf 68' lang='lat' dir='ltr'><strong>asserta:</strong></span> <span class='ocrx_word' id='word_1_73' title='bbox 1551 1161 1764 1214; x_wconf 79' lang='lat' dir='ltr'><strong>luerent</strong></span> <span class='ocrx_word' id='word_1_74' title='bbox 1789 1155 1973 1227; x_wconf 82' lang='lat' dir='ltr'><strong>(Temo</strong></span> 
     </span>
    </p>
   </div>
   <div class='ocr_carea' id='block_1_11' title="bbox 371 1249 1975 1341">
    <p class='ocr_par' dir='ltr' id='par_1_11' title="bbox 371 1249 1975 1341">
     <span class='ocr_line' id='line_1_11' title="bbox 371 1249 1975 1341; baseline -0.017 -14"><span class='ocrx_word' id='word_1_75' title='bbox 371 1269 858 1341; x_wconf 75' lang='lat' dir='ltr'><strong>tertio).C:nterum</strong></span> <span class='ocrx_word' id='word_1_76' title='bbox 893 1275 1064 1332; x_wconf 79' lang='lat' dir='ltr'><strong>quam</strong></span> <span class='ocrx_word' id='word_1_77' title='bbox 1109 1274 1140 1313; x_wconf 87' lang='lat' dir='ltr'><strong>a</strong></span> <span class='ocrx_word' id='word_1_78' title='bbox 1187 1255 1473 1325; x_wconf 82' lang='lat' dir='ltr'><strong>Pelagiana</strong></span> <span class='ocrx_word' id='word_1_79' title='bbox 1511 1249 1707 1306; x_wconf 72' lang='lat' dir='ltr'><strong>bteresi</strong></span> <span class='ocrx_word' id='word_1_80' title='bbox 1754 1262 1975 1302; x_wconf 84' lang='lat' dir='ltr'><strong>aversus</strong></span> 
     </span>
    </p>
   </div>
   <div class='ocr_carea' id='block_1_12' title="bbox 367 1336 1976 1430">
    <p class='ocr_par' dir='ltr' id='par_1_12' title="bbox 367 1336 1976 1430">
     <span class='ocr_line' id='line_1_12' title="bbox 367 1336 1976 1430; baseline -0.017 -11"><span class='ocrx_word' id='word_1_81' title='bbox 367 1336 535 1418; x_wconf 29' lang='lat' dir='ltr'><strong>esset-</strong></span> <span class='ocrx_word' id='word_1_82' title='bbox 561 1362 682 1430; x_wconf 85' lang='lat' dir='ltr'><strong>ipse</strong></span> <span class='ocrx_word' id='word_1_83' title='bbox 723 1356 1045 1412; x_wconf 77' lang='lat' dir='ltr'><strong>testiﬁcatur</strong></span> <span class='ocrx_word' id='word_1_84' title='bbox 1095 1351 1151 1405; x_wconf 91' lang='lat' dir='ltr'><strong>in</strong></span> <span class='ocrx_word' id='word_1_85' title='bbox 1205 1347 1312 1402; x_wconf 85' lang='lat' dir='ltr'><strong>line</strong></span> <span class='ocrx_word' id='word_1_86' title='bbox 1349 1343 1612 1414; x_wconf 75' lang='lat' dir='ltr'><strong>Epistolas</strong></span> <span class='ocrx_word' id='word_1_87' title='bbox 1655 1349 1862 1410; x_wconf 69' lang='lat' dir='ltr'><strong>quarta:</strong></span> <span class='ocrx_word' id='word_1_88' title='bbox 1908 1336 1976 1392; x_wconf 90' lang='lat' dir='ltr'><strong>ad</strong></span> 
     </span>
    </p>
   </div>
   <div class='ocr_carea' id='block_1_13' title="bbox 367 1432 1976 1524">
    <p class='ocr_par' dir='ltr' id='par_1_13' title="bbox 367 1432 1976 1524">
     <span class='ocr_line' id='line_1_13' title="bbox 367 1432 1976 1524; baseline -0.016 -15"><span class='ocrx_word' id='word_1_89' title='bbox 367 1449 751 1524; x_wconf 81' lang='lat' dir='ltr'><strong>Olympiadem</strong></span> <span class='ocrx_word' id='word_1_90' title='bbox 778 1489 795 1513; x_wconf 94' lang='lat'><strong>,</strong></span> <span class='ocrx_word' id='word_1_91' title='bbox 838 1446 1068 1500; x_wconf 80' lang='lat' dir='ltr'><strong>dicens:</strong></span> <span class='ocrx_word' id='word_1_92' title='bbox 1100 1438 1179 1496; x_wconf 66' lang='lat' dir='ltr'><strong>iDe</strong></span> <span class='ocrx_word' id='word_1_93' title='bbox 1229 1437 1443 1508; x_wconf 87' lang='lat' dir='ltr'><strong>Pelagio</strong></span> <span class='ocrx_word' id='word_1_94' title='bbox 1488 1432 1738 1488; x_wconf 81' lang='lat' dir='ltr'><strong>monacho</strong></span> <span class='ocrx_word' id='word_1_95' title='bbox 1789 1447 1976 1501; x_wconf 88' lang='lat' dir='ltr'><strong>magno</strong></span> 
     </span>
    </p>
   </div>
   <div class='ocr_carea' id='block_1_14' title="bbox 367 1525 1980 1609">
    <p class='ocr_par' dir='ltr' id='par_1_14' title="bbox 367 1525 1980 1609">
     <span class='ocr_line' id='line_1_14' title="bbox 367 1525 1980 1609; baseline -0.017 -7"><span class='ocrx_word' id='word_1_96' title='bbox 367 1548 553 1601; x_wconf 79' lang='lat' dir='ltr'><strong>ddlore</strong></span> <span class='ocrx_word' id='word_1_97' title='bbox 587 1540 816 1609; x_wconf 22' lang='lat' dir='ltr'><strong>vall&#39;ectus</strong></span> <span class='ocrx_word' id='word_1_98' title='bbox 858 1553 974 1594; x_wconf 83' lang='lat' dir='ltr'><strong>sum</strong></span> <span class='ocrx_word' id='word_1_99' title='bbox 1002 1551 1021 1589; x_wconf 91' lang='lat'><strong><em>:</em></strong></span> <span class='ocrx_word' id='word_1_100' title='bbox 1045 1534 1212 1604; x_wconf 86' lang='lat' dir='ltr'><strong>cogita</strong></span> <span class='ocrx_word' id='word_1_101' title='bbox 1233 1531 1390 1602; x_wconf 81' lang='lat' dir='ltr'><strong>igitur</strong></span> <span class='ocrx_word' id='word_1_102' title='bbox 1416 1537 1538 1599; x_wconf 88' lang='lat' dir='ltr'><strong>quot</strong></span> <span class='ocrx_word' id='word_1_103' title='bbox 1563 1525 1863 1595; x_wconf 75' lang='lat' dir='ltr'><strong>quantisque</strong></span> <span class='ocrx_word' id='word_1_104' title='bbox 1892 1537 1980 1575; x_wconf 89' lang='lat' dir='ltr'><strong>co—</strong></span> 
     </span>
    </p>
   </div>
   <div class='ocr_carea' id='block_1_15' title="bbox 361 1616 1976 1707">
    <p class='ocr_par' dir='ltr' id='par_1_15' title="bbox 361 1616 1976 1707">
     <span class='ocr_line' id='line_1_15' title="bbox 361 1616 1976 1707; baseline -0.018 -13"><span class='ocrx_word' id='word_1_105' title='bbox 361 1640 513 1694; x_wconf 86' lang='lat' dir='ltr'><strong>ronis</strong></span> <span class='ocrx_word' id='word_1_106' title='bbox 537 1635 682 1707; x_wconf 89' lang='lat' dir='ltr'><strong>digni</strong></span> <span class='ocrx_word' id='word_1_107' title='bbox 709 1633 812 1688; x_wconf 86' lang='lat' dir='ltr'><strong>sint</strong></span> <span class='ocrx_word' id='word_1_108' title='bbox 833 1630 921 1701; x_wconf 87' lang='lat' dir='ltr'><strong>qui</strong></span> <span class='ocrx_word' id='word_1_109' title='bbox 947 1627 1145 1698; x_wconf 74' lang='lat' dir='ltr'><strong>fortiter</strong></span> <span class='ocrx_word' id='word_1_110' title='bbox 1169 1626 1223 1677; x_wconf 90' lang='lat' dir='ltr'><strong>in</strong></span> <span class='ocrx_word' id='word_1_111' title='bbox 1249 1622 1360 1675; x_wconf 86' lang='lat' dir='ltr'><strong>acie</strong></span> <span class='ocrx_word' id='word_1_112' title='bbox 1386 1627 1645 1682; x_wconf 76' lang='lat' dir='ltr'><strong>steterimt,</strong></span> <span class='ocrx_word' id='word_1_113' title='bbox 1680 1632 1798 1669; x_wconf 88' lang='lat' dir='ltr'><strong>cum</strong></span> <span class='ocrx_word' id='word_1_114' title='bbox 1823 1616 1976 1676; x_wconf 80' lang='lat' dir='ltr'><strong>uiros,</strong></span> 
     </span>
    </p>
   </div>
   <div class='ocr_carea' id='block_1_16' title="bbox 359 1709 1976 1801">
    <p class='ocr_par' dir='ltr' id='par_1_16' title="bbox 359 1709 1976 1801">
     <span class='ocr_line' id='line_1_16' title="bbox 359 1709 1976 1801; baseline -0.019 -14"><span class='ocrx_word' id='word_1_115' title='bbox 359 1734 456 1801; x_wconf 82' lang='lat' dir='ltr'><strong>qui</strong></span> <span class='ocrx_word' id='word_1_116' title='bbox 481 1731 540 1785; x_wconf 90' lang='lat' dir='ltr'><strong>in</strong></span> <span class='ocrx_word' id='word_1_117' title='bbox 571 1738 714 1783; x_wconf 89' lang='lat' dir='ltr'><strong>tanta</strong></span> <span class='ocrx_word' id='word_1_118' title='bbox 745 1723 947 1796; x_wconf 88' lang='lat' dir='ltr'><strong>pietatis</strong></span> <span class='ocrx_word' id='word_1_119' title='bbox 973 1717 1325 1775; x_wconf 68' lang='lat' dir='ltr'><strong>exercitatione</strong></span> <span class='ocrx_word' id='word_1_120' title='bbox 1353 1722 1400 1767; x_wconf 83' lang='lat' dir='ltr'><strong>et</strong></span> <span class='ocrx_word' id='word_1_121' title='bbox 1429 1710 1698 1766; x_wconf 84' lang='lat' dir='ltr'><strong>tolerantia</strong></span> <span class='ocrx_word' id='word_1_122' title='bbox 1725 1709 1976 1771; x_wconf 72' lang='lat' dir='ltr'><strong>vixerunt,</strong></span> 
     </span>
    </p>
   </div>
   <div class='ocr_carea' id='block_1_17' title="bbox 363 1820 881 1894">
    <p class='ocr_par' dir='ltr' id='par_1_17' title="bbox 363 1820 881 1894">
     <span class='ocr_line' id='line_1_17' title="bbox 363 1820 881 1894; baseline -0.023 -14"><span class='ocrx_word' id='word_1_123' title='bbox 363 1823 570 1894; x_wconf 80' lang='lat' dir='ltr'><strong>subripi</strong></span> <span class='ocrx_word' id='word_1_124' title='bbox 599 1820 881 1874; x_wconf 78' lang='lat' dir='ltr'><strong>videamus.</strong></span> 
     </span>
    </p>
   </div>
   <div class='ocr_carea' id='block_1_18' title="bbox 421 1890 1982 1977">
    <p class='ocr_par' dir='ltr' id='par_1_18' title="bbox 421 1890 1982 1977">
     <span class='ocr_line' id='line_1_18' title="bbox 421 1890 1982 1977; baseline -0.018 -6"><span class='ocrx_word' id='word_1_125' title='bbox 421 1890 548 1971; x_wconf 73' lang='lat' dir='ltr'><strong>Hic</strong></span> <span class='ocrx_word' id='word_1_126' title='bbox 576 1913 646 1968; x_wconf 88' lang='lat' dir='ltr'><strong>de</strong></span> <span class='ocrx_word' id='word_1_127' title='bbox 685 1907 901 1977; x_wconf 85' lang='lat' dir='ltr'><strong>Pelagio</strong></span> <span class='ocrx_word' id='word_1_128' title='bbox 924 1899 1300 1959; x_wconf 57' lang='lat' dir='ltr'><strong>ibteresiarcha</strong></span> <span class='ocrx_word' id='word_1_129' title='bbox 1347 1896 1430 1967; x_wconf 79' lang='lat' dir='ltr'><strong>agi</strong></span> <span class='ocrx_word' id='word_1_130' title='bbox 1456 1909 1588 1949; x_wconf 82' lang='lat' dir='ltr'><strong>.cum</strong></span> <span class='ocrx_word' id='word_1_131' title='bbox 1637 1891 1819 1947; x_wconf 89' lang='lat' dir='ltr'><strong>multis</strong></span> <span class='ocrx_word' id='word_1_132' title='bbox 1849 1890 1982 1944; x_wconf 80' lang='lat' dir='ltr'><strong>viris</strong></span> 
     </span>
    </p>
   </div>
   <div class='ocr_carea' id='block_1_19' title="bbox 365 1985 1983 2064">
    <p class='ocr_par' dir='ltr' id='par_1_19' title="bbox 365 1985 1983 2064">
     <span class='ocr_line' id='line_1_19' title="bbox 365 1985 1983 2064; baseline -0.019 0"><span class='ocrx_word' id='word_1_133' title='bbox 365 2002 844 2064; x_wconf 77' lang='lat' dir='ltr'><strong>doctisexistimo.</strong></span> <span class='ocrx_word' id='word_1_134' title='bbox 876 1997 1010 2052; x_wconf 86' lang='lat' dir='ltr'><strong>Erat</strong></span> <span class='ocrx_word' id='word_1_135' title='bbox 1029 1995 1175 2050; x_wconf 93' lang='lat' dir='ltr'><strong>enim</strong></span> <span class='ocrx_word' id='word_1_136' title='bbox 1207 1991 1299 2046; x_wconf 90' lang='lat' dir='ltr'><strong>ille</strong></span> <span class='ocrx_word' id='word_1_137' title='bbox 1325 1985 1640 2048; x_wconf 81' lang='lat' dir='ltr'><strong>monachus,</strong></span> <span class='ocrx_word' id='word_1_138' title='bbox 1663 1995 1983 2048; x_wconf 85' lang='lat' dir='ltr'><strong>erroresque</strong></span> 
     </span>
    </p>
   </div>
   <div class='ocr_carea' id='block_1_20' title="bbox 349 2072 1982 2165">
    <p class='ocr_par' dir='ltr' id='par_1_20' title="bbox 349 2072 1982 2165">
     <span class='ocr_line' id='line_1_20' title="bbox 349 2072 1982 2165; baseline -0.018 -11"><span class='ocrx_word' id='word_1_139' title='bbox 349 2111 505 2153; x_wconf 74' lang='lat' dir='ltr'><strong>suos</strong></span> <span class='ocrx_word' id='word_1_140' title='bbox 551 2105 812 2165; x_wconf 76' lang='lat' dir='ltr'><strong>spargere</strong></span> <span class='ocrx_word' id='word_1_141' title='bbox 858 2086 1046 2157; x_wconf 69' lang='lat' dir='ltr'><strong>coepit,</strong></span> <span class='ocrx_word' id='word_1_142' title='bbox 1093 2081 1309 2152; x_wconf 87' lang='lat' dir='ltr'><strong>quando</strong></span> <span class='ocrx_word' id='word_1_143' title='bbox 1350 2079 1773 2149; x_wconf 81' lang='lat' dir='ltr'><strong>Chrysostomus</strong></span> <span class='ocrx_word' id='word_1_144' title='bbox 1824 2072 1982 2128; x_wconf 82' lang='lat' dir='ltr'><strong>exsul</strong></span> 
     </span>
    </p>
   </div>
   <div class='ocr_carea' id='block_1_21' title="bbox 367 2165 1981 2245">
    <p class='ocr_par' dir='ltr' id='par_1_21' title="bbox 367 2165 1981 2245">
     <span class='ocr_line' id='line_1_21' title="bbox 367 2165 1981 2245; baseline -0.017 -1"><span class='ocrx_word' id='word_1_145' title='bbox 367 2197 678 2245; x_wconf 76' lang='lat' dir='ltr'><strong>extremm</strong></span> <span class='ocrx_word' id='word_1_146' title='bbox 706 2184 844 2238; x_wconf 57' lang='lat' dir='ltr'><strong>vitae</strong></span> <span class='ocrx_word' id='word_1_147' title='bbox 883 2176 1212 2235; x_wconf 88' lang='lat' dir='ltr'><strong>curriculum</strong></span> <span class='ocrx_word' id='word_1_148' title='bbox 1233 2173 1425 2240; x_wconf 77' lang='lat' dir='ltr'><strong>agebat</strong></span> <span class='ocrx_word' id='word_1_149' title='bbox 1444 2183 1586 2224; x_wconf 82' lang='lat' dir='ltr'><strong>anno</strong></span> <span class='ocrx_word' id='word_1_150' title='bbox 1613 2167 1833 2222; x_wconf 88' lang='lat' dir='ltr'><strong>circiter</strong></span> <span class='ocrx_word' id='word_1_151' title='bbox 1848 2165 1981 2220; x_wconf 65' lang='lat'><strong>.407.</strong></span> 
     </span>
    </p>
   </div>
   <div class='ocr_carea' id='block_1_22' title="bbox 368 2447 1439 2528">
    <p class='ocr_par' dir='ltr' id='par_1_22' title="bbox 368 2447 1439 2528">
     <span class='ocr_line' id='line_1_22' title="bbox 368 2447 1439 2528; baseline -0.021 -11"><span class='ocrx_word' id='word_1_152' title='bbox 368 2463 518 2517; x_wconf 80' lang='lat' dir='ltr'><strong>alius</strong></span> <span class='ocrx_word' id='word_1_153' title='bbox 547 2460 791 2528; x_wconf 77' lang='lat' dir='ltr'><strong>Pelagius</strong></span> <span class='ocrx_word' id='word_1_154' title='bbox 821 2449 1147 2525; x_wconf 62' lang='lat' dir='ltr'><strong>quaerendus</strong></span> <span class='ocrx_word' id='word_1_155' title='bbox 1168 2447 1439 2500; x_wconf 74' lang='lat' dir='ltr'><strong>videatur.</strong></span> 
     </span>
    </p>
   </div>
   <div class='ocr_carea' id='block_1_23' title="bbox 371 2609 1978 2648">
    <p class='ocr_par' dir='ltr' id='par_1_23' title="bbox 371 2609 1978 2648">
     <span class='ocr_line' id='line_1_23' title="bbox 371 2609 1978 2648; baseline -0.008 -15"><span class='ocrx_word' id='word_1_156' title='bbox 371 2609 1978 2648; x_wconf 80' lang='lat'><strong>_______________________.___.__._</strong></span> 
     </span>
    </p>
   </div>
   <div class='ocr_carea' id='block_1_24' title="bbox 965 2735 1404 2797">
    <p class='ocr_par' dir='ltr' id='par_1_24' title="bbox 965 2735 1404 2797">
     <span class='ocr_line' id='line_1_24' title="bbox 965 2735 1404 2797; baseline -0.021 0"><span class='ocrx_word' id='word_1_157' title='bbox 965 2737 1298 2797; x_wconf 25' lang='lat' dir='ltr'><strong>’DIATRIBA</strong></span> <span class='ocrx_word' id='word_1_158' title='bbox 1339 2735 1404 2789; x_wconf 91' lang='lat' dir='ltr'><strong>ll.</strong></span> 
     </span>
    </p>
   </div>
   <div class='ocr_carea' id='block_1_25' title="bbox 368 2868 1993 2957">
    <p class='ocr_par' dir='ltr' id='par_1_25' title="bbox 368 2868 1993 2957">
     <span class='ocr_line' id='line_1_25' title="bbox 368 2868 1993 2957; baseline -0.015 -11"><span class='ocrx_word' id='word_1_159' title='bbox 368 2891 466 2946; x_wconf 71' lang='lat' dir='ltr'><strong>De</strong></span> <span class='ocrx_word' id='word_1_160' title='bbox 521 2886 800 2957; x_wconf 77' lang='lat' dir='ltr'><strong>disciplina</strong></span> <span class='ocrx_word' id='word_1_161' title='bbox 841 2897 946 2938; x_wconf 73' lang='lat' dir='ltr'><strong>(evo</strong></span> <span class='ocrx_word' id='word_1_162' title='bbox 987 2874 1364 2948; x_wconf 82' lang='lat' dir='ltr'><strong>Chrysostomi,</strong></span> <span class='ocrx_word' id='word_1_163' title='bbox 1405 2871 1564 2941; x_wconf 86' lang='lat' dir='ltr'><strong>deque</strong></span> <span class='ocrx_word' id='word_1_164' title='bbox 1605 2869 1783 2923; x_wconf 81' lang='lat' dir='ltr'><strong>ritibus</strong></span> <span class='ocrx_word' id='word_1_165' title='bbox 1842 2868 1993 2921; x_wconf 81' lang='lat' dir='ltr'><strong>uariis</strong></span> 
     </span>
    </p>
   </div>
   <div class='ocr_carea' id='block_1_26' title="bbox 453 2957 1995 3036">
    <p class='ocr_par' dir='ltr' id='par_1_26' title="bbox 453 2957 1995 3036">
     <span class='ocr_line' id='line_1_26' title="bbox 453 2957 1995 3036; baseline -0.017 0"><span class='ocrx_word' id='word_1_166' title='bbox 453 2993 567 3036; x_wconf 88' lang='lat' dir='ltr'><strong>tum</strong></span> <span class='ocrx_word' id='word_1_167' title='bbox 601 2973 945 3032; x_wconf 80' lang='lat' dir='ltr'><strong>Antiochenis-</strong></span> <span class='ocrx_word' id='word_1_168' title='bbox 962 2980 1072 3024; x_wconf 89' lang='lat' dir='ltr'><strong>tum</strong></span> <span class='ocrx_word' id='word_1_169' title='bbox 1094 2961 1709 3032; x_wconf 81' lang='lat' dir='ltr'><strong>Constantinopolitanis:</strong></span> <span class='ocrx_word' id='word_1_170' title='bbox 1739 2969 1784 3014; x_wconf 89' lang='lat' dir='ltr'><strong>et</strong></span> <span class='ocrx_word' id='word_1_171' title='bbox 1816 2958 1878 3012; x_wconf 87' lang='lat' dir='ltr'><strong>de</strong></span> <span class='ocrx_word' id='word_1_172' title='bbox 1905 2957 1995 3012; x_wconf 87' lang='lat' dir='ltr'><strong>Li-</strong></span> 
     </span>
    </p>
   </div>
   <div class='ocr_carea' id='block_1_27' title="bbox 445 3069 652 3140">
    <p class='ocr_par' dir='ltr' id='par_1_27' title="bbox 445 3069 652 3140">
     <span class='ocr_line' id='line_1_27' title="bbox 445 3069 652 3140; baseline -0.029 -14"><span class='ocrx_word' id='word_1_173' title='bbox 445 3069 652 3140; x_wconf 66' lang='lat' dir='ltr'><strong>turgia.</strong></span> 
     </span>
    </p>
   </div>
   <div class='ocr_carea' id='block_1_28' title="bbox 445 3182 1993 3256">
    <p class='ocr_par' dir='ltr' id='par_1_28' title="bbox 445 3182 1993 3256">
     <span class='ocr_line' id='line_1_28' title="bbox 445 3182 1993 3256; baseline -0.016 0"><span class='ocrx_word' id='word_1_174' title='bbox 445 3200 612 3256; x_wconf 75' lang='lat' dir='ltr'><strong>Circa</strong></span> <span class='ocrx_word' id='word_1_175' title='bbox 641 3196 845 3252; x_wconf 89' lang='lat' dir='ltr'><strong>cultum</strong></span> <span class='ocrx_word' id='word_1_176' title='bbox 875 3188 1202 3248; x_wconf 81' lang='lat' dir='ltr'><strong>venerabilis</strong></span> <span class='ocrx_word' id='word_1_177' title='bbox 1229 3185 1405 3242; x_wconf 86' lang='lat' dir='ltr'><strong>crucis</strong></span> <span class='ocrx_word' id='word_1_178' title='bbox 1431 3182 1993 3246; x_wconf 71' lang='lat' dir='ltr'><strong>Domini,‘sanctarum</strong></span> 
     </span>
    </p>
   </div>
   <div class='ocr_carea' id='block_1_29' title="bbox 331 3271 1994 3362">
    <p class='ocr_par' dir='ltr' id='par_1_29' title="bbox 331 3271 1994 3362">
     <span class='ocr_line' id='line_1_29' title="bbox 331 3271 1994 3362; baseline -0.015 -12"><span class='ocrx_word' id='word_1_179' title='bbox 331 3309 336 3314; x_wconf 81' lang='lat'><em>‘</em></span> <span class='ocrx_word' id='word_1_180' title='bbox 373 3291 740 3362; x_wconf 77' lang='lat' dir='ltr'><strong>reliquiarum</strong></span> <span class='ocrx_word' id='word_1_181' title='bbox 779 3294 836 3341; x_wconf 88' lang='lat' dir='ltr'><strong>et</strong></span> <span class='ocrx_word' id='word_1_182' title='bbox 875 3281 1190 3352; x_wconf 86' lang='lat' dir='ltr'><strong>imaginum,</strong></span> <span class='ocrx_word' id='word_1_183' title='bbox 1236 3277 1509 3346; x_wconf 86' lang='lat' dir='ltr'><strong>etiamque</strong></span> <span class='ocrx_word' id='word_1_184' title='bbox 1548 3271 1994 3327; x_wconf 78' lang='lat' dir='ltr'><strong>intercessionem</strong></span> 
     </span>
    </p>
   </div>
   <div class='ocr_carea' id='block_1_30' title="bbox 369 3362 1996 3442">
    <p class='ocr_par' dir='ltr' id='par_1_30' title="bbox 369 3362 1996 3442">
     <span class='ocr_line' id='line_1_30' title="bbox 369 3362 1996 3442; baseline -0.018 0"><span class='ocrx_word' id='word_1_185' title='bbox 369 3395 438 3442; x_wconf 81' lang='lat' dir='ltr'><strong>et</strong></span> <span class='ocrx_word' id='word_1_186' title='bbox 464 3380 862 3439; x_wconf 81' lang='lat' dir='ltr'><strong>invocationem</strong></span> <span class='ocrx_word' id='word_1_187' title='bbox 892 3381 1226 3434; x_wconf 86' lang='lat' dir='ltr'><strong>sanctorum,</strong></span> <span class='ocrx_word' id='word_1_188' title='bbox 1255 3369 1344 3422; x_wconf 89' lang='lat' dir='ltr'><strong>illa</strong></span> <span class='ocrx_word' id='word_1_189' title='bbox 1371 3365 1568 3437; x_wconf 82' lang='lat' dir='ltr'><strong>passim</strong></span> <span class='ocrx_word' id='word_1_190' title='bbox 1599 3363 1801 3433; x_wconf 82' lang='lat' dir='ltr'><strong>profert</strong></span> <span class='ocrx_word' id='word_1_191' title='bbox 1820 3362 1996 3431; x_wconf 76' lang='lat' dir='ltr'><strong>Chry-</strong></span> 
     </span>
    </p>
   </div>
   <div class='ocr_carea' id='block_1_31' title="bbox 340 3459 1996 3540">
    <p class='ocr_par' dir='ltr' id='par_1_31' title="bbox 340 3459 1996 3540">
     <span class='ocr_line' id='line_1_31' title="bbox 340 3459 1996 3540; baseline -0.016 -9"><span class='ocrx_word' id='word_1_192' title='bbox 340 3485 344 3488; x_wconf 84' lang='lat'>&#39;</span> <span class='ocrx_word' id='word_1_193' title='bbox 378 3483 682 3535; x_wconf 83' lang='lat' dir='ltr'><strong>sostomus,</strong></span> <span class='ocrx_word' id='word_1_194' title='bbox 716 3483 836 3540; x_wconf 64' lang='lat' dir='ltr'><strong>quae</strong></span> <span class='ocrx_word' id='word_1_195' title='bbox 877 3464 1198 3519; x_wconf 87' lang='lat' dir='ltr'><strong>hodiernum</strong></span> <span class='ocrx_word' id='word_1_196' title='bbox 1241 3459 1496 3514; x_wconf 70' lang='lat' dir='ltr'><strong>Ecclesia:</strong></span> <span class='ocrx_word' id='word_1_197' title='bbox 1533 3471 1737 3510; x_wconf 84' lang='lat' dir='ltr'><strong>morem</strong></span> <span class='ocrx_word' id='word_1_198' title='bbox 1772 3466 1996 3523; x_wconf 86' lang='lat' dir='ltr'><strong>prorsus</strong></span> 
     </span>
    </p>
   </div>
   <div class='ocr_carea' id='block_1_32' title="bbox 383 3546 1996 3637">
    <p class='ocr_par' dir='ltr' id='par_1_32' title="bbox 383 3546 1996 3637">
     <span class='ocr_line' id='line_1_32' title="bbox 383 3546 1996 3637; baseline -0.016 -15"><span class='ocrx_word' id='word_1_199' title='bbox 383 3566 716 3637; x_wconf 78' lang='lat' dir='ltr'><strong>exprimant.</strong></span> <span class='ocrx_word' id='word_1_200' title='bbox 749 3557 1036 3628; x_wconf 84' lang='lat' dir='ltr'><strong>Singulare</strong></span> <span class='ocrx_word' id='word_1_201' title='bbox 1061 3567 1280 3624; x_wconf 81' lang='lat' dir='ltr'><strong>prorsus</strong></span> <span class='ocrx_word' id='word_1_202' title='bbox 1311 3560 1396 3606; x_wconf 90' lang='lat' dir='ltr'><strong>est</strong></span> <span class='ocrx_word' id='word_1_203' title='bbox 1419 3549 1493 3613; x_wconf 90' lang='lat' dir='ltr'><strong>id,</strong></span> <span class='ocrx_word' id='word_1_204' title='bbox 1523 3546 1666 3618; x_wconf 88' lang='lat' dir='ltr'><strong>quod</strong></span> <span class='ocrx_word' id='word_1_205' title='bbox 1693 3546 1762 3601; x_wconf 85' lang='lat' dir='ltr'><strong>de</strong></span> <span class='ocrx_word' id='word_1_206' title='bbox 1786 3546 1844 3600; x_wconf 90' lang='lat' dir='ltr'><strong>S.</strong></span> <span class='ocrx_word' id='word_1_207' title='bbox 1873 3559 1996 3637; x_wconf 89' lang='lat' dir='ltr'><strong>cru-</strong></span> 
     </span>
    </p>
   </div>
   <div class='ocr_carea' id='block_1_33' title="bbox 341 3636 1998 3718">
    <p class='ocr_par' dir='ltr' id='par_1_33' title="bbox 341 3636 1998 3718">
     <span class='ocr_line' id='line_1_33' title="bbox 341 3636 1998 3718; baseline -0.015 -4"><span class='ocrx_word' id='word_1_208' title='bbox 341 3667 344 3670; x_wconf 81' lang='grc'><strong>’</strong></span> <span class='ocrx_word' id='word_1_209' title='bbox 384 3636 475 3713; x_wconf 80' lang='lat' dir='ltr'><strong>eis</strong></span> <span class='ocrx_word' id='word_1_210' title='bbox 523 3654 674 3710; x_wconf 85' lang='lat' dir='ltr'><strong>cultu</strong></span> <span class='ocrx_word' id='word_1_211' title='bbox 731 3651 864 3706; x_wconf 85' lang='lat' dir='ltr'><strong>dicit</strong></span> <span class='ocrx_word' id='word_1_212' title='bbox 912 3648 1005 3704; x_wconf 81' lang='lat' dir='ltr'><strong>ille</strong></span> <span class='ocrx_word' id='word_1_213' title='bbox 1030 3648 1231 3718; x_wconf 83' lang='lat' dir='ltr'><strong>(nempe</strong></span> <span class='ocrx_word' id='word_1_214' title='bbox 1278 3645 1334 3696; x_wconf 90' lang='lat' dir='ltr'><strong>in</strong></span> <span class='ocrx_word' id='word_1_215' title='bbox 1382 3640 1545 3696; x_wconf 85' lang='lat' dir='ltr'><strong>Temo</strong></span> <span class='ocrx_word' id='word_1_216' title='bbox 1595 3636 1998 3710; x_wconf 77' lang='lat' dir='ltr'><strong>primo):Nihil</strong></span> 
     </span>
    </p>
   </div>
   <div class='ocr_carea' id='block_1_34' title="bbox 388 3729 1996 3820">
    <p class='ocr_par' dir='ltr' id='par_1_34' title="bbox 388 3729 1996 3820">
     <span class='ocr_line' id='line_1_34' title="bbox 388 3729 1996 3820; baseline -0.014 -15"><span class='ocrx_word' id='word_1_217' title='bbox 388 3745 795 3820; x_wconf 76' lang='lat' dir='ltr'><strong>Imperatoriam</strong></span> <span class='ocrx_word' id='word_1_218' title='bbox 836 3755 1080 3796; x_wconf 80' lang='lat' dir='ltr'><strong>coronam</strong></span> <span class='ocrx_word' id='word_1_219' title='bbox 1121 3740 1195 3792; x_wconf 89' lang='lat' dir='ltr'><strong>sic</strong></span> <span class='ocrx_word' id='word_1_220' title='bbox 1240 3743 1449 3790; x_wconf 66' lang='lat' dir='ltr'><strong>emornat</strong></span> <span class='ocrx_word' id='word_1_221' title='bbox 1493 3741 1549 3786; x_wconf 87' lang='lat' dir='ltr'><strong>ut</strong></span> <span class='ocrx_word' id='word_1_222' title='bbox 1595 3746 1740 3795; x_wconf 72' lang='lat' dir='ltr'><strong>crux,</strong></span> <span class='ocrx_word' id='word_1_223' title='bbox 1765 3729 1996 3784; x_wconf 81' lang='lat' dir='ltr'><strong>uniuerso</strong></span> 
     </span>
    </p>
   </div>
   <div class='ocr_carea' id='block_1_35' title="bbox 383 3823 1995 3908">
    <p class='ocr_par' dir='ltr' id='par_1_35' title="bbox 383 3823 1995 3908">
     <span class='ocr_line' id='line_1_35' title="bbox 383 3823 1995 3908; baseline -0.014 -13"><span class='ocrx_word' id='word_1_224' title='bbox 383 3839 584 3896; x_wconf 69' lang='lat' dir='ltr'><strong>mundo</strong></span> <span class='ocrx_word' id='word_1_225' title='bbox 611 3833 882 3908; x_wconf 81' lang='lat' dir='ltr'><strong>pretiosior</strong></span> <span class='ocrx_word' id='word_1_226' title='bbox 898 3839 994 3898; x_wconf 43' lang='lat' dir='ltr'><strong>;,et</strong></span> <span class='ocrx_word' id='word_1_227' title='bbox 1022 3829 1132 3897; x_wconf 87' lang='lat' dir='ltr'><strong>ejus</strong></span> <span class='ocrx_word' id='word_1_228' title='bbox 1161 3828 1349 3897; x_wconf 75' lang='lat' dir='ltr'><strong>ﬁgura,</strong></span> <span class='ocrx_word' id='word_1_229' title='bbox 1372 3841 1529 3895; x_wconf 84' lang='lat' dir='ltr'><strong>quam</strong></span> <span class='ocrx_word' id='word_1_230' title='bbox 1555 3823 1877 3877; x_wconf 87' lang='lat' dir='ltr'><strong>olim-omnes</strong></span> <span class='ocrx_word' id='word_1_231' title='bbox 1905 3836 1995 3874; x_wconf 70' lang='lat' dir='ltr'><strong>ex-</strong></span> 
     </span>
    </p>
   </div>
   <div class='ocr_carea' id='block_1_36' title="bbox 386 3913 1998 3992">
    <p class='ocr_par' dir='ltr' id='par_1_36' title="bbox 386 3913 1998 3992">
     <span class='ocr_line' id='line_1_36' title="bbox 386 3913 1998 3992; baseline -0.014 -5"><span class='ocrx_word' id='word_1_232' title='bbox 386 3929 782 3992; x_wconf 78' lang='lat' dir='ltr'><strong>Isorrescebant,</strong></span> <span class='ocrx_word' id='word_1_233' title='bbox 825 3925 901 3979; x_wconf 84' lang='lat' dir='ltr'><strong>ita</strong></span> <span class='ocrx_word' id='word_1_234' title='bbox 943 3921 1174 3976; x_wconf 85' lang='lat' dir='ltr'><strong>certatim</strong></span> <span class='ocrx_word' id='word_1_235' title='bbox 1215 3916 1499 3988; x_wconf 65' lang='lat' dir='ltr'><strong>exquiritur</strong></span> <span class='ocrx_word' id='word_1_236' title='bbox 1541 3915 1604 3968; x_wconf 88' lang='lat' dir='ltr'><strong>ab</strong></span> <span class='ocrx_word' id='word_1_237' title='bbox 1645 3913 1899 3977; x_wconf 82' lang='lat' dir='ltr'><strong>omnibus,</strong></span> <span class='ocrx_word' id='word_1_238' title='bbox 1941 3919 1998 3964; x_wconf 90' lang='lat' dir='ltr'><strong>ut</strong></span> 
     </span>
    </p>
   </div>
   <div class='ocr_carea' id='block_1_37' title="bbox 383 4002 1999 4092">
    <p class='ocr_par' dir='ltr' id='par_1_37' title="bbox 383 4002 1999 4092">
     <span class='ocr_line' id='line_1_37' title="bbox 383 4002 1999 4092; baseline -0.016 -13"><span class='ocrx_word' id='word_1_239' title='bbox 383 4023 579 4092; x_wconf 75' lang='lat' dir='ltr'><strong>ubique</strong></span> <span class='ocrx_word' id='word_1_240' title='bbox 599 4019 906 4089; x_wconf 82' lang='lat' dir='ltr'><strong>reperiatur,</strong></span> <span class='ocrx_word' id='word_1_241' title='bbox 934 4011 1076 4082; x_wconf 87' lang='lat' dir='ltr'><strong>apud</strong></span> <span class='ocrx_word' id='word_1_242' title='bbox 1102 4008 1427 4082; x_wconf 84' lang='lat' dir='ltr'><strong>principeset</strong></span> <span class='ocrx_word' id='word_1_243' title='bbox 1447 4004 1695 4069; x_wconf 82' lang='lat' dir='ltr'><strong>subditos,</strong></span> <span class='ocrx_word' id='word_1_244' title='bbox 1725 4002 1866 4073; x_wconf 87' lang='lat' dir='ltr'><strong>apud</strong></span> <span class='ocrx_word' id='word_1_245' title='bbox 1887 4018 1999 4054; x_wconf 57' lang='lat' dir='ltr'><strong>mu.</strong></span> 
     </span>
    </p>
   </div>
   <div class='ocr_carea' id='block_1_38' title="bbox 387 4096 2000 4176">
    <p class='ocr_par' dir='ltr' id='par_1_38' title="bbox 387 4096 2000 4176">
     <span class='ocr_line' id='line_1_38' title="bbox 387 4096 2000 4176; baseline -0.016 -4"><span class='ocrx_word' id='word_1_246' title='bbox 387 4118 542 4172; x_wconf 88' lang='lat' dir='ltr'><strong>lieres</strong></span> <span class='ocrx_word' id='word_1_247' title='bbox 567 4122 614 4167; x_wconf 92' lang='lat' dir='ltr'><strong>et</strong></span> <span class='ocrx_word' id='word_1_248' title='bbox 647 4113 805 4175; x_wconf 83' lang='lat' dir='ltr'><strong>viros,</strong></span> <span class='ocrx_word' id='word_1_249' title='bbox 844 4105 988 4176; x_wconf 81' lang='lat' dir='ltr'><strong>apud</strong></span> <span class='ocrx_word' id='word_1_250' title='bbox 1012 4103 1230 4173; x_wconf 77' lang='lat' dir='ltr'><strong>uirgines</strong></span> <span class='ocrx_word' id='word_1_251' title='bbox 1269 4109 1316 4154; x_wconf 90' lang='lat' dir='ltr'><strong>et</strong></span> <span class='ocrx_word' id='word_1_252' title='bbox 1346 4108 1554 4167; x_wconf 81' lang='lat' dir='ltr'><strong>nuptas,</strong></span> <span class='ocrx_word' id='word_1_253' title='bbox 1577 4096 1716 4166; x_wconf 78' lang='lat' dir='ltr'><strong>apud</strong></span> <span class='ocrx_word' id='word_1_254' title='bbox 1744 4111 1912 4148; x_wconf 77' lang='lat' dir='ltr'><strong>seruos</strong></span> <span class='ocrx_word' id='word_1_255' title='bbox 1949 4102 2000 4148; x_wconf 88' lang='lat' dir='ltr'><strong>et</strong></span> 
     </span>
    </p>
   </div>
   <div class='ocr_carea' id='block_1_39' title="bbox 384 4187 2000 4264">
    <p class='ocr_par' dir='ltr' id='par_1_39' title="bbox 384 4187 2000 4264">
     <span class='ocr_line' id='line_1_39' title="bbox 384 4187 2000 4264; baseline -0.015 0"><span class='ocrx_word' id='word_1_256' title='bbox 384 4208 579 4263; x_wconf 76' lang='lat' dir='ltr'><strong>liberos</strong></span> <span class='ocrx_word' id='word_1_257' title='bbox 603 4221 622 4258; x_wconf 90' lang='lat'><em>:</em></span> <span class='ocrx_word' id='word_1_258' title='bbox 651 4218 780 4256; x_wconf 89' lang='lat' dir='ltr'><strong>nam.</strong></span> <span class='ocrx_word' id='word_1_259' title='bbox 797 4198 930 4254; x_wconf 89' lang='lat' dir='ltr'><strong>illud</strong></span> <span class='ocrx_word' id='word_1_260' title='bbox 959 4211 1135 4250; x_wconf 90' lang='lat' dir='ltr'><strong>omnes</strong></span> <span class='ocrx_word' id='word_1_261' title='bbox 1159 4194 1361 4264; x_wconf 78' lang='lat' dir='ltr'><strong>signum</strong></span> <span class='ocrx_word' id='word_1_262' title='bbox 1388 4191 1674 4261; x_wconf 77' lang='lat' dir='ltr'><strong>frequenter</strong></span> <span class='ocrx_word' id='word_1_263' title='bbox 1701 4187 2000 4258; x_wconf 83' lang='lat' dir='ltr'><strong>imprimunt</strong></span> 
     </span>
    </p>
   </div>
   <div class='ocr_carea' id='block_1_40' title="bbox 385 4279 2000 4356">
    <p class='ocr_par' dir='ltr' id='par_1_40' title="bbox 385 4279 2000 4356">
     <span class='ocr_line' id='line_1_40' title="bbox 385 4279 2000 4356; baseline -0.014 -3"><span class='ocrx_word' id='word_1_264' title='bbox 385 4301 448 4353; x_wconf 84' lang='lat' dir='ltr'><strong>in</strong></span> <span class='ocrx_word' id='word_1_265' title='bbox 487 4294 829 4350; x_wconf 74' lang='lat' dir='ltr'><strong>membrorum</strong></span> <span class='ocrx_word' id='word_1_266' title='bbox 871 4287 1071 4342; x_wconf 78' lang='lat' dir='ltr'><strong>meliori</strong></span> <span class='ocrx_word' id='word_1_267' title='bbox 1100 4291 1266 4356; x_wconf 86' lang='lat' dir='ltr'><strong>parte,</strong></span> <span class='ocrx_word' id='word_1_268' title='bbox 1311 4290 1359 4335; x_wconf 90' lang='lat' dir='ltr'><strong>et</strong></span> <span class='ocrx_word' id='word_1_269' title='bbox 1390 4281 1448 4335; x_wconf 89' lang='lat' dir='ltr'><strong>in</strong></span> <span class='ocrx_word' id='word_1_270' title='bbox 1487 4284 1654 4350; x_wconf 80' lang='lat' dir='ltr'><strong>fronte</strong></span> <span class='ocrx_word' id='word_1_271' title='bbox 1685 4295 1775 4333; x_wconf 82' lang='lat' dir='ltr'><strong>ceu</strong></span> <span class='ocrx_word' id='word_1_272' title='bbox 1817 4279 1871 4332; x_wconf 91' lang='lat' dir='ltr'><strong>in</strong></span> <span class='ocrx_word' id='word_1_273' title='bbox 1914 4293 2000 4332; x_wconf 81' lang='lat' dir='ltr'><strong>co-</strong></span> 
     </span>
    </p>
   </div>
   <div class='ocr_carea' id='block_1_41' title="bbox 388 4369 2001 4453">
    <p class='ocr_par' dir='ltr' id='par_1_41' title="bbox 388 4369 2001 4453">
     <span class='ocr_line' id='line_1_41' title="bbox 388 4369 2001 4453; baseline -0.012 -10"><span class='ocrx_word' id='word_1_274' title='bbox 388 4391 574 4442; x_wconf 84' lang='lat' dir='ltr'><strong>lumna</strong></span> <span class='ocrx_word' id='word_1_275' title='bbox 607 4385 886 4453; x_wconf 82' lang='lat' dir='ltr'><strong>ﬁguratum</strong></span> <span class='ocrx_word' id='word_1_276' title='bbox 926 4376 1150 4448; x_wconf 84' lang='lat' dir='ltr'><strong>quotidie</strong></span> <span class='ocrx_word' id='word_1_277' title='bbox 1189 4375 1567 4444; x_wconf 77' lang='lat' dir='ltr'><strong>circumferunt.</strong></span> <span class='ocrx_word' id='word_1_278' title='bbox 1605 4369 1717 4424; x_wconf 84' lang='lat' dir='ltr'><strong>Hoc</strong></span> <span class='ocrx_word' id='word_1_279' title='bbox 1755 4372 1809 4424; x_wconf 87' lang='lat' dir='ltr'><strong>in</strong></span> <span class='ocrx_word' id='word_1_280' title='bbox 1851 4387 2001 4425; x_wconf 88' lang='lat' dir='ltr'><strong>sacra</strong></span> 
     </span>
    </p>
   </div>
   <div class='ocr_carea' id='block_1_42' title="bbox 389 4463 2001 4541">
    <p class='ocr_par' dir='ltr' id='par_1_42' title="bbox 389 4463 2001 4541">
     <span class='ocr_line' id='line_1_42' title="bbox 389 4463 2001 4541; baseline -0.012 -6"><span class='ocrx_word' id='word_1_281' title='bbox 389 4495 596 4541; x_wconf 72' lang='lat' dir='ltr'><strong>mensa,</strong></span> <span class='ocrx_word' id='word_1_282' title='bbox 632 4476 728 4530; x_wconf 76' lang='lat' dir='ltr'><strong>hoc</strong></span> <span class='ocrx_word' id='word_1_283' title='bbox 758 4476 810 4527; x_wconf 91' lang='lat' dir='ltr'><strong>in</strong></span> <span class='ocrx_word' id='word_1_284' title='bbox 850 4470 1172 4526; x_wconf 80' lang='lat' dir='ltr'><strong>sacerdotum</strong></span> <span class='ocrx_word' id='word_1_285' title='bbox 1201 4465 1624 4530; x_wconf 61' lang='lat' dir='ltr'><strong>ordinationibus,</strong></span> <span class='ocrx_word' id='word_1_286' title='bbox 1667 4463 1762 4516; x_wconf 88' lang='lat' dir='ltr'><strong>hoc</strong></span> <span class='ocrx_word' id='word_1_287' title='bbox 1800 4478 2001 4516; x_wconf 85' lang='lat' dir='ltr'><strong>rursum</strong></span> 
     </span>
    </p>
   </div>
   <div class='ocr_carea' id='block_1_43' title="bbox 391 4553 2000 4638">
    <p class='ocr_par' dir='ltr' id='par_1_43' title="bbox 391 4553 2000 4638">
     <span class='ocr_line' id='line_1_43' title="bbox 391 4553 2000 4638; baseline -0.012 -11"><span class='ocrx_word' id='word_1_288' title='bbox 391 4588 514 4626; x_wconf 67' lang='lat' dir='ltr'><strong>cum</strong></span> <span class='ocrx_word' id='word_1_289' title='bbox 543 4582 758 4638; x_wconf 86' lang='lat' dir='ltr'><strong>corpore</strong></span> <span class='ocrx_word' id='word_1_290' title='bbox 781 4563 970 4618; x_wconf 77' lang='lat' dir='ltr'><strong>Christi</strong></span> <span class='ocrx_word' id='word_1_291' title='bbox 995 4570 1049 4616; x_wconf 87' lang='lat' dir='ltr'><strong>et</strong></span> <span class='ocrx_word' id='word_1_292' title='bbox 1075 4560 1288 4630; x_wconf 76' lang='lat' dir='ltr'><strong>mystica</strong></span> <span class='ocrx_word' id='word_1_293' title='bbox 1311 4572 1462 4613; x_wconf 68' lang='lat' dir='ltr'><strong>uena</strong></span> <span class='ocrx_word' id='word_1_294' title='bbox 1481 4556 1716 4626; x_wconf 71' lang='lat' dir='ltr'><strong>refulget.</strong></span> <span class='ocrx_word' id='word_1_295' title='bbox 1746 4553 1861 4608; x_wconf 84' lang='lat' dir='ltr'><strong>Hoc</strong></span> <span class='ocrx_word' id='word_1_296' title='bbox 1883 4554 2000 4608; x_wconf 88' lang='lat' dir='ltr'><strong>ubi-</strong></span> 
     </span>
    </p>
   </div>
   <div class='ocr_carea' id='block_1_44' title="bbox 392 4645 2000 4733">
    <p class='ocr_par' dir='ltr' id='par_1_44' title="bbox 392 4645 2000 4733">
     <span class='ocr_line' id='line_1_44' title="bbox 392 4645 2000 4733; baseline -0.011 -18"><span class='ocrx_word' id='word_1_297' title='bbox 392 4678 501 4733; x_wconf 85' lang='lat' dir='ltr'><strong>que</strong></span> <span class='ocrx_word' id='word_1_298' title='bbox 524 4658 833 4714; x_wconf 80' lang='lat' dir='ltr'><strong>celebratnm</strong></span> <span class='ocrx_word' id='word_1_299' title='bbox 871 4653 1168 4714; x_wconf 70' lang='lat' dir='ltr'><strong>uidereest,</strong></span> <span class='ocrx_word' id='word_1_300' title='bbox 1185 4651 1253 4703; x_wconf 83' lang='lat' dir='ltr'><strong>in</strong></span> <span class='ocrx_word' id='word_1_301' title='bbox 1281 4649 1531 4712; x_wconf 85' lang='lat' dir='ltr'><strong>domibus,</strong></span> <span class='ocrx_word' id='word_1_302' title='bbox 1572 4647 1626 4699; x_wconf 88' lang='lat' dir='ltr'><strong>in</strong></span> <span class='ocrx_word' id='word_1_303' title='bbox 1653 4650 1786 4717; x_wconf 78' lang='lat' dir='ltr'><strong>foro,</strong></span> <span class='ocrx_word' id='word_1_304' title='bbox 1828 4646 1880 4698; x_wconf 90' lang='lat' dir='ltr'><strong>in</strong></span> <span class='ocrx_word' id='word_1_305' title='bbox 1907 4645 2000 4699; x_wconf 87' lang='lat' dir='ltr'><strong>de-</strong></span> 
     </span>
    </p>
   </div>
   <div class='ocr_carea' id='block_1_45' title="bbox 390 4737 2002 4814">
    <p class='ocr_par' dir='ltr' id='par_1_45' title="bbox 390 4737 2002 4814">
     <span class='ocr_line' id='line_1_45' title="bbox 390 4737 2002 4814; baseline -0.012 -6"><span class='ocrx_word' id='word_1_306' title='bbox 390 4751 658 4814; x_wconf 85' lang='lat' dir='ltr'><strong>sertis,-in</strong></span> <span class='ocrx_word' id='word_1_307' title='bbox 700 4749 816 4812; x_wconf 78' lang='lat' dir='ltr'><strong>viis,</strong></span> <span class='ocrx_word' id='word_1_308' title='bbox 858 4746 912 4798; x_wconf 90' lang='lat' dir='ltr'><strong>in</strong></span> <span class='ocrx_word' id='word_1_309' title='bbox 936 4741 1211 4808; x_wconf 77' lang='lat' dir='ltr'><strong>montibus,</strong></span> <span class='ocrx_word' id='word_1_310' title='bbox 1239 4739 1295 4793; x_wconf 91' lang='lat' dir='ltr'><strong>in</strong></span> <span class='ocrx_word' id='word_1_311' title='bbox 1331 4738 1563 4802; x_wconf 80' lang='lat' dir='ltr'><strong>saltibus,</strong></span> <span class='ocrx_word' id='word_1_312' title='bbox 1594 4737 1647 4791; x_wconf 86' lang='lat' dir='ltr'><strong>in</strong></span> <span class='ocrx_word' id='word_1_313' title='bbox 1689 4737 1922 4804; x_wconf 87' lang='lat' dir='ltr'><strong>collibus,</strong></span> <span class='ocrx_word' id='word_1_314' title='bbox 1950 4738 2002 4789; x_wconf 89' lang='lat' dir='ltr'><strong>in</strong></span> 
     </span>
    </p>
   </div>
   <div class='ocr_carea' id='block_1_46' title="bbox 393 4827 2004 4908">
    <p class='ocr_par' dir='ltr' id='par_1_46' title="bbox 393 4827 2004 4908">
     <span class='ocr_line' id='line_1_46' title="bbox 393 4827 2004 4908; baseline -0.011 -10"><span class='ocrx_word' id='word_1_315' title='bbox 393 4844 559 4908; x_wconf 86' lang='lat' dir='ltr'><strong>mari,</strong></span> <span class='ocrx_word' id='word_1_316' title='bbox 592 4842 646 4894; x_wconf 89' lang='lat' dir='ltr'><strong>in</strong></span> <span class='ocrx_word' id='word_1_317' title='bbox 680 4838 914 4897; x_wconf 81' lang='lat' dir='ltr'><strong>navibus,</strong></span> <span class='ocrx_word' id='word_1_318' title='bbox 937 4836 991 4888; x_wconf 90' lang='lat' dir='ltr'><strong>in</strong></span> <span class='ocrx_word' id='word_1_319' title='bbox 1018 4833 1220 4895; x_wconf 80' lang='lat' dir='ltr'><strong>insulis,</strong></span> <span class='ocrx_word' id='word_1_320' title='bbox 1249 4837 1304 4884; x_wconf 82' lang='lat' dir='ltr'><strong>in</strong></span> <span class='ocrx_word' id='word_1_321' title='bbox 1331 4830 1492 4893; x_wconf 82' lang='lat' dir='ltr'><strong>lectis,</strong></span> <span class='ocrx_word' id='word_1_322' title='bbox 1523 4829 1575 4882; x_wconf 89' lang='lat' dir='ltr'><strong>in</strong></span> <span class='ocrx_word' id='word_1_323' title='bbox 1600 4827 1924 4892; x_wconf 71' lang='lat' dir='ltr'><strong>uestimentis,</strong></span> <span class='ocrx_word' id='word_1_324' title='bbox 1951 4827 2004 4880; x_wconf 89' lang='lat' dir='ltr'><strong>in</strong></span> 
     </span>
    </p>
   </div>
   <div class='ocr_carea' id='block_1_47' title="bbox 390 4919 2004 4995">
    <p class='ocr_par' dir='ltr' id='par_1_47' title="bbox 390 4919 2004 4995">
     <span class='ocr_line' id='line_1_47' title="bbox 390 4919 2004 4995; baseline -0.011 -7"><span class='ocrx_word' id='word_1_325' title='bbox 390 4933 582 4995; x_wconf 75' lang='lat' dir='ltr'><strong>armis,</strong></span> <span class='ocrx_word' id='word_1_326' title='bbox 625 4932 679 4984; x_wconf 88' lang='lat' dir='ltr'><strong>in</strong></span> <span class='ocrx_word' id='word_1_327' title='bbox 713 4927 974 4989; x_wconf 84' lang='lat' dir='ltr'><strong>thalamis,</strong></span> <span class='ocrx_word' id='word_1_328' title='bbox 1017 4924 1071 4978; x_wconf 90' lang='lat' dir='ltr'><strong>in</strong></span> <span class='ocrx_word' id='word_1_329' title='bbox 1117 4922 1374 4986; x_wconf 74' lang='lat' dir='ltr'><strong>conviviis,</strong></span> <span class='ocrx_word' id='word_1_330' title='bbox 1405 4921 1460 4973; x_wconf 88' lang='lat' dir='ltr'><strong>in</strong></span> <span class='ocrx_word' id='word_1_331' title='bbox 1502 4920 1633 4973; x_wconf 81' lang='lat' dir='ltr'><strong>uasis</strong></span> <span class='ocrx_word' id='word_1_332' title='bbox 1676 4919 1924 4989; x_wconf 83' lang='lat' dir='ltr'><strong>argenteis</strong></span> <span class='ocrx_word' id='word_1_333' title='bbox 1957 4929 2004 4970; x_wconf 87' lang='lat' dir='ltr'><strong>et</strong></span> 
     </span>
    </p>
   </div>
   <div class='ocr_carea' id='block_1_48' title="bbox 390 5010 2007 5089">
    <p class='ocr_par' dir='ltr' id='par_1_48' title="bbox 390 5010 2007 5089">
     <span class='ocr_line' id='line_1_48' title="bbox 390 5010 2007 5089; baseline -0.011 -11"><span class='ocrx_word' id='word_1_334' title='bbox 390 5024 596 5088; x_wconf 77' lang='lat' dir='ltr'><strong>aureis,</strong></span> <span class='ocrx_word' id='word_1_335' title='bbox 627 5023 681 5074; x_wconf 89' lang='lat' dir='ltr'><strong>in</strong></span> <span class='ocrx_word' id='word_1_336' title='bbox 710 5017 1018 5089; x_wconf 83' lang='lat' dir='ltr'><strong>margaritis,</strong></span> <span class='ocrx_word' id='word_1_337' title='bbox 1063 5016 1130 5068; x_wconf 82' lang='lat' dir='ltr'><strong>in</strong></span> <span class='ocrx_word' id='word_1_338' title='bbox 1148 5014 1398 5080; x_wconf 82' lang='lat' dir='ltr'><strong>parietum</strong></span> <span class='ocrx_word' id='word_1_339' title='bbox 1434 5011 1662 5082; x_wconf 84' lang='lat' dir='ltr'><strong>picturis,</strong></span> <span class='ocrx_word' id='word_1_340' title='bbox 1701 5010 1757 5064; x_wconf 87' lang='lat' dir='ltr'><strong>in</strong></span> <span class='ocrx_word' id='word_1_341' title='bbox 1782 5013 2007 5079; x_wconf 85' lang='lat' dir='ltr'><strong>corpori-</strong></span> 
     </span>
    </p>
   </div>
   <div class='ocr_carea' id='block_1_49' title="bbox 390 5102 2008 5173">
    <p class='ocr_par' dir='ltr' id='par_1_49' title="bbox 390 5102 2008 5173">
     <span class='ocr_line' id='line_1_49' title="bbox 390 5102 2008 5173; baseline -0.011 -1"><span class='ocrx_word' id='word_1_342' title='bbox 390 5119 494 5172; x_wconf 80' lang='lat' dir='ltr'><strong>bus</strong></span> <span class='ocrx_word' id='word_1_343' title='bbox 537 5115 805 5168; x_wconf 80' lang='lat' dir='ltr'><strong>brutorum</strong></span> <span class='ocrx_word' id='word_1_344' title='bbox 849 5107 985 5162; x_wconf 85' lang='lat' dir='ltr'><strong>male</strong></span> <span class='ocrx_word' id='word_1_345' title='bbox 1027 5105 1244 5172; x_wconf 76' lang='lat' dir='ltr'><strong>affectis,</strong></span> <span class='ocrx_word' id='word_1_346' title='bbox 1283 5105 1338 5158; x_wconf 87' lang='lat' dir='ltr'><strong>in</strong></span> <span class='ocrx_word' id='word_1_347' title='bbox 1368 5102 1664 5173; x_wconf 82' lang='lat' dir='ltr'><strong>corporibus</strong></span> <span class='ocrx_word' id='word_1_348' title='bbox 1707 5119 1739 5155; x_wconf 93' lang='lat' dir='ltr'><strong>a</strong></span> <span class='ocrx_word' id='word_1_349' title='bbox 1781 5103 2008 5156; x_wconf 72' lang='lat' dir='ltr'><strong>dwmone</strong></span> 
     </span>
    </p>
   </div>
   <div class='ocr_carea' id='block_1_50' title="bbox 395 5193 2008 5272">
    <p class='ocr_par' dir='ltr' id='par_1_50' title="bbox 395 5193 2008 5272">
     <span class='ocr_line' id='line_1_50' title="bbox 395 5193 2008 5272; baseline -0.012 -7"><span class='ocrx_word' id='word_1_350' title='bbox 395 5206 646 5272; x_wconf 73' lang='lat' dir='ltr'><strong>obsessis,</strong></span> <span class='ocrx_word' id='word_1_351' title='bbox 688 5202 934 5265; x_wconf 81' lang='lat' dir='ltr'><strong>inbellis,</strong></span> <span class='ocrx_word' id='word_1_352' title='bbox 977 5200 1044 5252; x_wconf 43' lang='lat' dir='ltr'><strong>in‘</strong></span> <span class='ocrx_word' id='word_1_353' title='bbox 1063 5213 1208 5268; x_wconf 87' lang='lat' dir='ltr'><strong>pace,</strong></span> <span class='ocrx_word' id='word_1_354' title='bbox 1253 5197 1307 5248; x_wconf 88' lang='lat' dir='ltr'><strong>in</strong></span> <span class='ocrx_word' id='word_1_355' title='bbox 1347 5194 1543 5260; x_wconf 88' lang='lat' dir='ltr'><strong>diebus,</strong></span> <span class='ocrx_word' id='word_1_356' title='bbox 1583 5194 1639 5248; x_wconf 91' lang='lat' dir='ltr'><strong>in</strong></span> <span class='ocrx_word' id='word_1_357' title='bbox 1679 5194 1924 5252; x_wconf 83' lang='lat' dir='ltr'><strong>noctibus,</strong></span> <span class='ocrx_word' id='word_1_358' title='bbox 1953 5193 2008 5246; x_wconf 89' lang='lat' dir='ltr'><strong>in</strong></span> 
     </span>
    </p>
   </div>
   <div class='ocr_carea' id='block_1_51' title="bbox 395 5285 2004 5360">
    <p class='ocr_par' dir='ltr' id='par_1_51' title="bbox 395 5285 2004 5360">
     <span class='ocr_line' id='line_1_51' title="bbox 395 5285 2004 5360; baseline -0.01 -7"><span class='ocrx_word' id='word_1_359' title='bbox 395 5298 608 5355; x_wconf 81' lang='lat' dir='ltr'><strong>choreis</strong></span> <span class='ocrx_word' id='word_1_360' title='bbox 638 5290 1137 5360; x_wconf 72' lang='lat' dir='ltr'><strong>tripudiantium,.in</strong></span> <span class='ocrx_word' id='word_1_361' title='bbox 1169 5285 1419 5340; x_wconf 82' lang='lat' dir='ltr'><strong>sodalitiis</strong></span> <span class='ocrx_word' id='word_1_362' title='bbox 1456 5300 1563 5339; x_wconf 87' lang='lat' dir='ltr'><strong>sese</strong></span> <span class='ocrx_word' id='word_1_363' title='bbox 1599 5285 1963 5340; x_wconf 86' lang='lat' dir='ltr'><strong>macerantium</strong></span> <span class='ocrx_word' id='word_1_364' title='bbox 1990 5298 2004 5337; x_wconf 90' lang='lat'><strong>.&#39;</strong></span> 
     </span>
    </p>
   </div>
   <div class='ocr_carea' id='block_1_52' title="bbox 397 5378 2008 5451">
    <p class='ocr_par' dir='ltr' id='par_1_52' title="bbox 397 5378 2008 5451">
     <span class='ocr_line' id='line_1_52' title="bbox 397 5378 2008 5451; baseline -0.009 -5"><span class='ocrx_word' id='word_1_365' title='bbox 397 5392 537 5446; x_wconf 80' lang='lat' dir='ltr'><strong>adeo</strong></span> <span class='ocrx_word' id='word_1_366' title='bbox 565 5389 799 5444; x_wconf 85' lang='lat' dir='ltr'><strong>certatim</strong></span> <span class='ocrx_word' id='word_1_367' title='bbox 829 5387 1025 5440; x_wconf 78' lang='lat' dir='ltr'><strong>donum</strong></span> <span class='ocrx_word' id='word_1_368' title='bbox 1060 5383 1430 5448; x_wconf 76' lang='lat' dir='ltr'><strong>Itocrnirabile,</strong></span> <span class='ocrx_word' id='word_1_369' title='bbox 1459 5383 1664 5451; x_wconf 81' lang='lat' dir='ltr'><strong>eiusque</strong></span> <span class='ocrx_word' id='word_1_370' title='bbox 1703 5378 2008 5446; x_wconf 70' lang='lat' dir='ltr'><strong>ineﬂ&#39;abilem</strong></span> 
     </span>
    </p>
   </div>
   <div class='ocr_carea' id='block_1_53' title="bbox 398 5470 2008 5554">
    <p class='ocr_par' dir='ltr' id='par_1_53' title="bbox 398 5470 2008 5554">
     <span class='ocr_line' id='line_1_53' title="bbox 398 5470 2008 5554; baseline -0.008 -19"><span class='ocrx_word' id='word_1_371' title='bbox 398 5483 627 5554; x_wconf 79' lang='lat' dir='ltr'><strong>gratiam</strong></span> <span class='ocrx_word' id='word_1_372' title='bbox 661 5494 847 5533; x_wconf 84' lang='lat' dir='ltr'><strong>omnes</strong></span> <span class='ocrx_word' id='word_1_373' title='bbox 887 5477 1324 5547; x_wconf 85' lang='lat' dir='ltr'><strong>perquirunt......</strong></span> <span class='ocrx_word' id='word_1_374' title='bbox 1375 5472 1568 5542; x_wconf 82' lang='lat' dir='ltr'><strong>Ubique</strong></span> <span class='ocrx_word' id='word_1_375' title='bbox 1607 5470 1699 5525; x_wconf 87' lang='lat' dir='ltr'><strong>illa</strong></span> <span class='ocrx_word' id='word_1_376' title='bbox 1735 5471 1912 5540; x_wconf 78' lang='lat' dir='ltr'><strong>fulget,</strong></span> <span class='ocrx_word' id='word_1_377' title='bbox 1958 5473 2008 5523; x_wconf 89' lang='lat' dir='ltr'><strong>in</strong></span> 
     </span>
    </p>
   </div>
   <div class='ocr_carea' id='block_1_54' title="bbox 395 5561 2010 5640">
    <p class='ocr_par' dir='ltr' id='par_1_54' title="bbox 395 5561 2010 5640">
     <span class='ocr_line' id='line_1_54' title="bbox 395 5561 2010 5640; baseline -0.009 -14"><span class='ocrx_word' id='word_1_378' title='bbox 395 5572 688 5640; x_wconf 78' lang='lat' dir='ltr'><strong>parietibus</strong></span> <span class='ocrx_word' id='word_1_379' title='bbox 728 5571 1015 5631; x_wconf 85' lang='lat' dir='ltr'><strong>domorum,</strong></span> <span class='ocrx_word' id='word_1_380' title='bbox 1063 5569 1116 5620; x_wconf 90' lang='lat' dir='ltr'><strong>in</strong></span> <span class='ocrx_word' id='word_1_381' title='bbox 1145 5567 1307 5630; x_wconf 88' lang='lat' dir='ltr'><strong>tectis,</strong></span> <span class='ocrx_word' id='word_1_382' title='bbox 1338 5563 1590 5625; x_wconf 80' lang='lat' dir='ltr'><strong>inlibris,</strong></span> <span class='ocrx_word' id='word_1_383' title='bbox 1621 5563 1674 5615; x_wconf 91' lang='lat' dir='ltr'><strong>in</strong></span> <span class='ocrx_word' id='word_1_384' title='bbox 1703 5561 1930 5625; x_wconf 80' lang='lat' dir='ltr'><strong>urbibus,</strong></span> <span class='ocrx_word' id='word_1_385' title='bbox 1961 5561 2010 5612; x_wconf 85' lang='lat' dir='ltr'><strong>iu</strong></span> 
     </span>
    </p>
   </div>
   <div class='ocr_carea' id='block_1_55' title="bbox 399 5652 2012 5725">
    <p class='ocr_par' dir='ltr' id='par_1_55' title="bbox 399 5652 2012 5725">
     <span class='ocr_line' id='line_1_55' title="bbox 399 5652 2012 5725; baseline -0.009 -8"><span class='ocrx_word' id='word_1_386' title='bbox 399 5664 552 5725; x_wconf 67' lang='lat' dir='ltr'><strong>ficis,</strong></span> <span class='ocrx_word' id='word_1_387' title='bbox 583 5664 638 5715; x_wconf 87' lang='lat' dir='ltr'><strong>in</strong></span> <span class='ocrx_word' id='word_1_388' title='bbox 674 5660 902 5723; x_wconf 79' lang='lat' dir='ltr'><strong>incultis,</strong></span> <span class='ocrx_word' id='word_1_389' title='bbox 944 5659 994 5710; x_wconf 89' lang='lat' dir='ltr'><strong>in</strong></span> <span class='ocrx_word' id='word_1_390' title='bbox 1031 5657 1181 5710; x_wconf 85' lang='lat' dir='ltr'><strong>cultis</strong></span> <span class='ocrx_word' id='word_1_391' title='bbox 1205 5656 1489 5710; x_wconf 86' lang='lat' dir='ltr'><strong>locis........</strong></span> <span class='ocrx_word' id='word_1_392' title='bbox 1530 5652 1674 5708; x_wconf 79' lang='lat' dir='ltr'><strong>Illud</strong></span> <span class='ocrx_word' id='word_1_393' title='bbox 1698 5669 1814 5710; x_wconf 77' lang='lat' dir='ltr'><strong>vero</strong></span> <span class='ocrx_word' id='word_1_394' title='bbox 1847 5653 2012 5720; x_wconf 87' lang='lat' dir='ltr'><strong>ipsum</strong></span> 
     </span>
    </p>
   </div>
   <div class='ocr_carea' id='block_1_56' title="bbox 401 5745 2008 5825">
    <p class='ocr_par' dir='ltr' id='par_1_56' title="bbox 401 5745 2008 5825">
     <span class='ocr_line' id='line_1_56' title="bbox 401 5745 2008 5825; baseline -0.008 -17"><span class='ocrx_word' id='word_1_395' title='bbox 401 5757 627 5825; x_wconf 80' lang='lat' dir='ltr'><strong>lignum,</strong></span> <span class='ocrx_word' id='word_1_396' title='bbox 659 5754 715 5806; x_wconf 89' lang='lat' dir='ltr'><strong>in</strong></span> <span class='ocrx_word' id='word_1_397' title='bbox 745 5768 844 5823; x_wconf 84' lang='lat' dir='ltr'><strong>quo</strong></span> <span class='ocrx_word' id='word_1_398' title='bbox 866 5765 1067 5804; x_wconf 82' lang='lat' dir='ltr'><strong>sacrum</strong></span> <span class='ocrx_word' id='word_1_399' title='bbox 1092 5763 1277 5818; x_wconf 79' lang='lat' dir='ltr'><strong>corpus</strong></span> <span class='ocrx_word' id='word_1_400' title='bbox 1299 5761 1504 5816; x_wconf 75' lang='lat' dir='ltr'><strong>passum</strong></span> <span class='ocrx_word' id='word_1_401' title='bbox 1527 5755 1572 5798; x_wconf 87' lang='lat' dir='ltr'><strong>et</strong></span> <span class='ocrx_word' id='word_1_402' title='bbox 1591 5745 1892 5811; x_wconf 71' lang='lat' dir='ltr'><strong>cruciﬁxum</strong></span> <span class='ocrx_word' id='word_1_403' title='bbox 1914 5752 2008 5808; x_wconf 80' lang='lat' dir='ltr'><strong>est,</strong></span> 
     </span>
    </p>
   </div>
   <div class='ocr_carea' id='block_1_57' title="bbox 397 5833 2009 5902">
    <p class='ocr_par' dir='ltr' id='par_1_57' title="bbox 397 5833 2009 5902">
     <span class='ocr_line' id='line_1_57' title="bbox 397 5833 2009 5902; baseline -0.009 -1"><span class='ocrx_word' id='word_1_404' title='bbox 397 5863 498 5902; x_wconf 85' lang='lat' dir='ltr'><strong>cur</strong></span> <span class='ocrx_word' id='word_1_405' title='bbox 533 5846 764 5900; x_wconf 78' lang='lat' dir='ltr'><strong>certatim</strong></span> <span class='ocrx_word' id='word_1_406' title='bbox 808 5858 982 5896; x_wconf 67' lang='grc' dir='ltr'><strong>θωπί-ε</strong></span> <span class='ocrx_word' id='word_1_407' title='bbox 1011 5840 1240 5894; x_wconf 83' lang='lat' dir='ltr'><strong>adeunt?</strong></span> <span class='ocrx_word' id='word_1_408' title='bbox 1263 5855 1354 5892; x_wconf 82' lang='lat' dir='ltr'><strong>cur</strong></span> <span class='ocrx_word' id='word_1_409' title='bbox 1375 5837 1679 5902; x_wconf 77' lang='lat' dir='ltr'><strong>particulam</strong></span> <span class='ocrx_word' id='word_1_410' title='bbox 1712 5836 1823 5901; x_wconf 83' lang='lat' dir='ltr'><strong>ejus</strong></span> <span class='ocrx_word' id='word_1_411' title='bbox 1862 5833 2009 5888; x_wconf 87' lang='lat' dir='ltr'><strong>multi</strong></span> 
     </span>
    </p>
   </div>
   <div class='ocr_carea' id='block_1_58' title="bbox 2072 515 3670 584">
    <p class='ocr_par' dir='ltr' id='par_1_58' title="bbox 2072 515 3670 584">
     <span class='ocr_line' id='line_1_58' title="bbox 2072 515 3670 584; baseline -0.001 -12"><span class='ocrx_word' id='word_1_412' title='bbox 2072 526 2323 572; x_wconf 81' lang='lat' dir='ltr'><strong>sumentes</strong></span> <span class='ocrx_word' id='word_1_413' title='bbox 2357 535 2486 571; x_wconf 86' lang='lat' dir='ltr'><strong>auro</strong></span> <span class='ocrx_word' id='word_1_414' title='bbox 2512 519 2784 584; x_wconf 82' lang='lat' dir='ltr'><strong>inclusam,</strong></span> <span class='ocrx_word' id='word_1_415' title='bbox 2815 527 2919 570; x_wconf 91' lang='lat' dir='ltr'><strong>tum</strong></span> <span class='ocrx_word' id='word_1_416' title='bbox 2960 515 3050 569; x_wconf 82' lang='lat' dir='ltr'><strong>viri</strong></span> <span class='ocrx_word' id='word_1_417' title='bbox 3077 524 3183 569; x_wconf 88' lang='lat' dir='ltr'><strong>tum</strong></span> <span class='ocrx_word' id='word_1_418' title='bbox 3209 515 3444 570; x_wconf 87' lang='lat' dir='ltr'><strong>mulieres</strong></span> <span class='ocrx_word' id='word_1_419' title='bbox 3472 531 3506 569; x_wconf 80' lang='grc' dir='ltr'><em>α</em></span> <span class='ocrx_word' id='word_1_420' title='bbox 3537 517 3670 571; x_wconf 85' lang='lat' dir='ltr'><strong>collo</strong></span> 
     </span>
    </p>
   </div>
   <div class='ocr_carea' id='block_1_59' title="bbox 2074 609 3674 678">
    <p class='ocr_par' dir='ltr' id='par_1_59' title="bbox 2074 609 3674 678">
     <span class='ocr_line' id='line_1_59' title="bbox 2074 609 3674 678; baseline -0.002 -14"><span class='ocrx_word' id='word_1_421' title='bbox 2074 610 2390 678; x_wconf 87' lang='lat' dir='ltr'><strong>suspendunt</strong></span> <span class='ocrx_word' id='word_1_422' title='bbox 2415 611 2484 663; x_wconf 90' lang='lat' dir='ltr'><strong>ad</strong></span> <span class='ocrx_word' id='word_1_423' title='bbox 2509 619 2763 673; x_wconf 88' lang='lat' dir='ltr'><strong>ornatum,</strong></span> <span class='ocrx_word' id='word_1_424' title='bbox 2787 609 2877 662; x_wconf 85' lang='lat' dir='ltr'><strong>etsi</strong></span> <span class='ocrx_word' id='word_1_425' title='bbox 2901 609 3243 662; x_wconf 88' lang='lat' dir='ltr'><strong>damnationis</strong></span> <span class='ocrx_word' id='word_1_426' title='bbox 3269 609 3554 676; x_wconf 74' lang='lat' dir='ltr'><strong>symbolum</strong></span> <span class='ocrx_word' id='word_1_427' title='bbox 3580 613 3674 662; x_wconf 84' lang='lat' dir='ltr'><strong>hoc</strong></span> 
     </span>
    </p>
   </div>
   <div class='ocr_carea' id='block_1_60' title="bbox 2078 699 3676 771">
    <p class='ocr_par' dir='ltr' id='par_1_60' title="bbox 2078 699 3676 771">
     <span class='ocr_line' id='line_1_60' title="bbox 2078 699 3676 771; baseline 0 -17"><span class='ocrx_word' id='word_1_428' title='bbox 2078 699 2270 771; x_wconf 86' lang='lat' dir='ltr'><strong>lignum</strong></span> <span class='ocrx_word' id='word_1_429' title='bbox 2293 700 2429 768; x_wconf 80' lang='lat' dir='ltr'><strong>fuit?</strong></span> <span class='ocrx_word' id='word_1_430' title='bbox 2455 699 2571 753; x_wconf 85' lang='lat' dir='ltr'><strong>lmo</strong></span> <span class='ocrx_word' id='word_1_431' title='bbox 2591 699 2936 769; x_wconf 87' lang='lat' dir='ltr'><strong>Imperatores</strong></span> <span class='ocrx_word' id='word_1_432' title='bbox 2960 699 3125 770; x_wconf 89' lang='lat' dir='ltr'><strong>posito</strong></span> <span class='ocrx_word' id='word_1_433' title='bbox 3157 699 3452 753; x_wconf 78' lang='lat' dir='ltr'><strong>diademate</strong></span> <span class='ocrx_word' id='word_1_434' title='bbox 3476 715 3676 754; x_wconf 87' lang='lat' dir='ltr'><strong>crucem</strong></span> 
     </span>
    </p>
   </div>
   <div class='ocr_carea' id='block_1_61' title="bbox 2077 789 2858 862">
    <p class='ocr_par' dir='ltr' id='par_1_61' title="bbox 2077 789 2858 862">
     <span class='ocr_line' id='line_1_61' title="bbox 2077 789 2858 862; baseline -0.003 -18"><span class='ocrx_word' id='word_1_435' title='bbox 2077 789 2416 858; x_wconf 77' lang='lat' dir='ltr'><strong>suscipiebant</strong></span> <span class='ocrx_word' id='word_1_436' title='bbox 2443 789 2622 862; x_wconf 84' lang='lat' dir='ltr'><strong>(Temo</strong></span> <span class='ocrx_word' id='word_1_437' title='bbox 2650 789 2858 860; x_wconf 86' lang='lat' dir='ltr'><strong>primo).</strong></span> 
     </span>
    </p>
   </div>
   <div class='ocr_carea' id='block_1_62' title="bbox 2149 879 3675 950">
    <p class='ocr_par' dir='ltr' id='par_1_62' title="bbox 2149 879 3675 950">
     <span class='ocr_line' id='line_1_62' title="bbox 2149 879 3675 950; baseline 0.001 -16"><span class='ocrx_word' id='word_1_438' title='bbox 2149 881 2277 936; x_wconf 72' lang='lat' dir='ltr'><strong>Haec</strong></span> <span class='ocrx_word' id='word_1_439' title='bbox 2319 882 2515 950; x_wconf 70' lang='lat' dir='ltr'><strong>saepius</strong></span> <span class='ocrx_word' id='word_1_440' title='bbox 2563 881 2694 936; x_wconf 89' lang='lat' dir='ltr'><strong>dicit</strong></span> <span class='ocrx_word' id='word_1_441' title='bbox 2729 882 2781 935; x_wconf 90' lang='lat' dir='ltr'><strong>in</strong></span> <span class='ocrx_word' id='word_1_442' title='bbox 2834 879 3165 936; x_wconf 82' lang='lat' dir='ltr'><strong>orationibus</strong></span> <span class='ocrx_word' id='word_1_443' title='bbox 3200 891 3388 936; x_wconf 88' lang='lat' dir='ltr'><strong>contra</strong></span> <span class='ocrx_word' id='word_1_444' title='bbox 3438 880 3675 946; x_wconf 66' lang='lat' dir='ltr'><strong>iudices,</strong></span> 
     </span>
    </p>
   </div>
   <div class='ocr_carea' id='block_1_63' title="bbox 2078 971 3682 1044">
    <p class='ocr_par' dir='ltr' id='par_1_63' title="bbox 2078 971 3682 1044">
     <span class='ocr_line' id='line_1_63' title="bbox 2078 971 3682 1044; baseline 0.001 -19"><span class='ocrx_word' id='word_1_445' title='bbox 2078 971 2329 1041; x_wconf 88' lang='lat' dir='ltr'><strong>additque</strong></span> <span class='ocrx_word' id='word_1_446' title='bbox 2353 973 2508 1042; x_wconf 84' lang='lat' dir='ltr'><strong>signo</strong></span> <span class='ocrx_word' id='word_1_447' title='bbox 2529 973 2714 1028; x_wconf 83' lang='lat' dir='ltr'><strong>:crucis</strong></span> <span class='ocrx_word' id='word_1_448' title='bbox 2733 972 3095 1027; x_wconf 86' lang='lat' dir='ltr'><strong>adversariam</strong></span> <span class='ocrx_word' id='word_1_449' title='bbox 3117 981 3432 1044; x_wconf 78' lang='lat' dir='ltr'><strong>potestatem</strong></span> <span class='ocrx_word' id='word_1_450' title='bbox 3460 987 3682 1027; x_wconf 88' lang='lat' dir='ltr'><strong>omnem</strong></span> 
     </span>
    </p>
   </div>
   <div class='ocr_carea' id='block_1_64' title="bbox 2079 1063 3676 1135">
    <p class='ocr_par' dir='ltr' id='par_1_64' title="bbox 2079 1063 3676 1135">
     <span class='ocr_line' id='line_1_64' title="bbox 2079 1063 3676 1135; baseline 0.001 -17"><span class='ocrx_word' id='word_1_451' title='bbox 2079 1064 2248 1134; x_wconf 80' lang='lat' dir='ltr'><strong>fugari</strong></span> <span class='ocrx_word' id='word_1_452' title='bbox 2279 1063 2578 1135; x_wconf 84' lang='lat' dir='ltr'><strong>(Ibidem).</strong></span> <span class='ocrx_word' id='word_1_453' title='bbox 2608 1065 2892 1135; x_wconf 88' lang='lat' dir='ltr'><strong>Singulare</strong></span> <span class='ocrx_word' id='word_1_454' title='bbox 2949 1073 3128 1120; x_wconf 79' lang='lat' dir='ltr'><strong>autem</strong></span> <span class='ocrx_word' id='word_1_455' title='bbox 3173 1066 3405 1120; x_wconf 83' lang='lat' dir='ltr'><strong>omnino</strong></span> <span class='ocrx_word' id='word_1_456' title='bbox 3459 1077 3544 1121; x_wconf 91' lang='lat' dir='ltr'><strong>est</strong></span> <span class='ocrx_word' id='word_1_457' title='bbox 3588 1065 3676 1131; x_wconf 92' lang='lat' dir='ltr'><strong>id,</strong></span> 
     </span>
    </p>
   </div>
   <div class='ocr_carea' id='block_1_65' title="bbox 2084 1153 3681 1226">
    <p class='ocr_par' dir='ltr' id='par_1_65' title="bbox 2084 1153 3681 1226">
     <span class='ocr_line' id='line_1_65' title="bbox 2084 1153 3681 1226; baseline 0.002 -19"><span class='ocrx_word' id='word_1_458' title='bbox 2084 1153 2228 1224; x_wconf 89' lang='lat' dir='ltr'><strong>quod</strong></span> <span class='ocrx_word' id='word_1_459' title='bbox 2284 1154 2366 1210; x_wconf 86' lang='lat' dir='ltr'><strong>bis</strong></span> <span class='ocrx_word' id='word_1_460' title='bbox 2417 1153 2621 1224; x_wconf 80' lang='lat' dir='ltr'><strong>profert</strong></span> <span class='ocrx_word' id='word_1_461' title='bbox 2670 1154 3125 1226; x_wconf 80' lang='lat' dir='ltr'><strong>Cbrysostomus,</strong></span> <span class='ocrx_word' id='word_1_462' title='bbox 3165 1155 3320 1225; x_wconf 88' lang='lat' dir='ltr'><strong>cujus</strong></span> <span class='ocrx_word' id='word_1_463' title='bbox 3363 1155 3463 1210; x_wconf 88' lang='lat' dir='ltr'><strong>.hic</strong></span> <span class='ocrx_word' id='word_1_464' title='bbox 3511 1156 3681 1210; x_wconf 70' lang='lat' dir='ltr'><strong>verba</strong></span> 
     </span>
    </p>
   </div>
   <div class='ocr_carea' id='block_1_66' title="bbox 2080 1247 3684 1320">
    <p class='ocr_par' dir='ltr' id='par_1_66' title="bbox 2080 1247 3684 1320">
     <span class='ocr_line' id='line_1_66' title="bbox 2080 1247 3684 1320; baseline -0.001 -18"><span class='ocrx_word' id='word_1_465' title='bbox 2080 1248 2384 1304; x_wconf 78' lang='lat' dir='ltr'><strong>adscribam</strong></span> <span class='ocrx_word' id='word_1_466' title='bbox 2413 1247 2598 1319; x_wconf 82' lang='lat' dir='ltr'><strong>(Tento</strong></span> <span class='ocrx_word' id='word_1_467' title='bbox 2623 1249 2861 1318; x_wconf 83' lang='lat' dir='ltr'><strong>quinto):</strong></span> <span class='ocrx_word' id='word_1_468' title='bbox 2892 1249 2999 1304; x_wconf 78' lang='lat' dir='ltr'><strong>Sed</strong></span> <span class='ocrx_word' id='word_1_469' title='bbox 3050 1264 3162 1302; x_wconf 88' lang='lat' dir='ltr'><strong>ecce</strong></span> <span class='ocrx_word' id='word_1_470' title='bbox 3213 1265 3341 1303; x_wconf 73' lang='lat' dir='ltr'><strong>crus:</strong></span> <span class='ocrx_word' id='word_1_471' title='bbox 3391 1264 3526 1303; x_wconf 87' lang='lat' dir='ltr'><strong>nunc</strong></span> <span class='ocrx_word' id='word_1_472' title='bbox 3567 1248 3684 1320; x_wconf 82' lang='lat' dir='ltr'><strong>ipsa</strong></span> 
     </span>
    </p>
   </div>
   <div class='ocr_carea' id='block_1_67' title="bbox 2080 1340 3684 1412">
    <p class='ocr_par' dir='ltr' id='par_1_67' title="bbox 2080 1340 3684 1412">
     <span class='ocr_line' id='line_1_67' title="bbox 2080 1340 3684 1412; baseline -0.002 -17"><span class='ocrx_word' id='word_1_473' title='bbox 2080 1342 2183 1395; x_wconf 77' lang='lat' dir='ltr'><strong>vita</strong></span> <span class='ocrx_word' id='word_1_474' title='bbox 2206 1342 2360 1396; x_wconf 78' lang='lat' dir='ltr'><strong>euasit</strong></span> <span class='ocrx_word' id='word_1_475' title='bbox 2389 1341 2738 1396; x_wconf 82' lang='lat' dir='ltr'><strong>honorabilior</strong></span> <span class='ocrx_word' id='word_1_476' title='bbox 2767 1349 2814 1395; x_wconf 89' lang='lat' dir='ltr'><strong>et</strong></span> <span class='ocrx_word' id='word_1_477' title='bbox 2836 1340 3174 1412; x_wconf 84' lang='lat' dir='ltr'><strong>splendidior,</strong></span> <span class='ocrx_word' id='word_1_478' title='bbox 3204 1350 3254 1394; x_wconf 87' lang='lat' dir='ltr'><strong>et</strong></span> <span class='ocrx_word' id='word_1_479' title='bbox 3289 1357 3461 1395; x_wconf 84' lang='lat' dir='ltr'><strong>omnes</strong></span> <span class='ocrx_word' id='word_1_480' title='bbox 3494 1357 3603 1393; x_wconf 89' lang='lat' dir='ltr'><strong>eam</strong></span> <span class='ocrx_word' id='word_1_481' title='bbox 3629 1342 3684 1392; x_wconf 83' lang='lat' dir='ltr'><strong>in</strong></span> 
     </span>
    </p>
   </div>
   <div class='ocr_carea' id='block_1_68' title="bbox 2083 1431 3684 1506">
    <p class='ocr_par' dir='ltr' id='par_1_68' title="bbox 2083 1431 3684 1506">
     <span class='ocr_line' id='line_1_68' title="bbox 2083 1431 3684 1506; baseline -0.002 -19"><span class='ocrx_word' id='word_1_482' title='bbox 2083 1435 2252 1504; x_wconf 82' lang='lat' dir='ltr'><strong>fronte</strong></span> <span class='ocrx_word' id='word_1_483' title='bbox 2271 1434 2674 1506; x_wconf 71' lang='lat' dir='ltr'><strong>cinumferimus</strong></span> <span class='ocrx_word' id='word_1_484' title='bbox 2689 1450 2714 1498; x_wconf 33' lang='lat'><strong>.;</strong></span> <span class='ocrx_word' id='word_1_485' title='bbox 2732 1449 2845 1487; x_wconf 71' lang='lat' dir='ltr'><strong>‘non</strong></span> <span class='ocrx_word' id='word_1_486' title='bbox 2872 1433 3037 1487; x_wconf 80' lang='lat' dir='ltr'><strong>soluat</strong></span> <span class='ocrx_word' id='word_1_487' title='bbox 3061 1449 3165 1486; x_wconf 88' lang='lat' dir='ltr'><strong>non</strong></span> <span class='ocrx_word' id='word_1_488' title='bbox 3207 1434 3570 1496; x_wconf 82' lang='lat' dir='ltr'><strong>erubescentes,</strong></span> <span class='ocrx_word' id='word_1_489' title='bbox 3593 1431 3684 1484; x_wconf 84' lang='lat' dir='ltr'><strong>sed</strong></span> 
     </span>
    </p>
   </div>
   <div class='ocr_carea' id='block_1_69' title="bbox 2082 1524 3684 1598">
    <p class='ocr_par' dir='ltr' id='par_1_69' title="bbox 2082 1524 3684 1598">
     <span class='ocr_line' id='line_1_69' title="bbox 2082 1524 3684 1598; baseline -0.003 -17"><span class='ocrx_word' id='word_1_490' title='bbox 2082 1528 2235 1581; x_wconf 86' lang='lat' dir='ltr'><strong>etiam</strong></span> <span class='ocrx_word' id='word_1_491' title='bbox 2270 1527 2563 1598; x_wconf 87' lang='lat' dir='ltr'><strong>gloriantes.</strong></span> <span class='ocrx_word' id='word_1_492' title='bbox 2593 1527 2738 1582; x_wconf 76' lang='lat' dir='ltr'><strong>Alibi</strong></span> <span class='ocrx_word' id='word_1_493' title='bbox 2767 1527 2895 1580; x_wconf 88' lang='lat' dir='ltr'><strong>dicit</strong></span> <span class='ocrx_word' id='word_1_494' title='bbox 2925 1525 3074 1580; x_wconf 83' lang='lat' dir='ltr'><strong>illam</strong></span> <span class='ocrx_word' id='word_1_495' title='bbox 3107 1525 3158 1579; x_wconf 93' lang='lat' dir='ltr'><strong>in</strong></span> <span class='ocrx_word' id='word_1_496' title='bbox 3191 1524 3366 1579; x_wconf 79' lang='lat' dir='ltr'><strong>fronte</strong></span> <span class='ocrx_word' id='word_1_497' title='bbox 3397 1524 3560 1578; x_wconf 82' lang='lat' dir='ltr'><strong>fuisse</strong></span> <span class='ocrx_word' id='word_1_498' title='bbox 3589 1525 3684 1577; x_wconf 86' lang='lat' dir='ltr'><strong>de-</strong></span> 
     </span>
    </p>
   </div>
   <div class='ocr_carea' id='block_1_70' title="bbox 2087 1616 3685 1690">
    <p class='ocr_par' dir='ltr' id='par_1_70' title="bbox 2087 1616 3685 1690">
     <span class='ocr_line' id='line_1_70' title="bbox 2087 1616 3685 1690; baseline -0.004 -18"><span class='ocrx_word' id='word_1_499' title='bbox 2087 1619 2281 1688; x_wconf 90' lang='lat' dir='ltr'><strong>pictam</strong></span> <span class='ocrx_word' id='word_1_500' title='bbox 2311 1618 2498 1690; x_wconf 88' lang='lat' dir='ltr'><strong>(Tomo</strong></span> <span class='ocrx_word' id='word_1_501' title='bbox 2537 1618 2800 1688; x_wconf 88' lang='lat' dir='ltr'><strong>septimo).</strong></span> <span class='ocrx_word' id='word_1_502' title='bbox 2848 1616 3074 1682; x_wconf 88' lang='lat' dir='ltr'><strong>Idcirco,</strong></span> <span class='ocrx_word' id='word_1_503' title='bbox 3105 1617 3292 1686; x_wconf 90' lang='lat' dir='ltr'><strong>inquit,</strong></span> <span class='ocrx_word' id='word_1_504' title='bbox 3326 1626 3372 1670; x_wconf 88' lang='lat' dir='ltr'><strong>ct</strong></span> <span class='ocrx_word' id='word_1_505' title='bbox 3410 1616 3546 1669; x_wconf 90' lang='lat' dir='ltr'><strong>domi</strong></span> <span class='ocrx_word' id='word_1_506' title='bbox 3571 1654 3587 1680; x_wconf 94' lang='lat'><strong>,</strong></span> <span class='ocrx_word' id='word_1_507' title='bbox 3640 1624 3685 1666; x_wconf 86' lang='lat' dir='ltr'><strong>et</strong></span> 
     </span>
    </p>
   </div>
   <div class='ocr_carea' id='block_1_71' title="bbox 2069 1710 3685 1783">
    <p class='ocr_par' dir='ltr' id='par_1_71' title="bbox 2069 1710 3685 1783">
     <span class='ocr_line' id='line_1_71' title="bbox 2069 1710 3685 1783; baseline -0.001 -19"><span class='ocrx_word' id='word_1_508' title='bbox 2069 1712 2139 1766; x_wconf 85' lang='lat' dir='ltr'><strong>in</strong></span> <span class='ocrx_word' id='word_1_509' title='bbox 2166 1713 2462 1782; x_wconf 88' lang='lat' dir='ltr'><strong>parietibus,</strong></span> <span class='ocrx_word' id='word_1_510' title='bbox 2504 1722 2551 1765; x_wconf 89' lang='lat' dir='ltr'><strong>et</strong></span> <span class='ocrx_word' id='word_1_511' title='bbox 2589 1713 2640 1765; x_wconf 90' lang='lat' dir='ltr'><strong>in</strong></span> <span class='ocrx_word' id='word_1_512' title='bbox 2677 1711 2930 1783; x_wconf 82' lang='lat' dir='ltr'><strong>fenestris,</strong></span> <span class='ocrx_word' id='word_1_513' title='bbox 2966 1721 3013 1764; x_wconf 88' lang='lat' dir='ltr'><strong>et</strong></span> <span class='ocrx_word' id='word_1_514' title='bbox 3040 1711 3094 1764; x_wconf 89' lang='lat' dir='ltr'><strong>in</strong></span> <span class='ocrx_word' id='word_1_515' title='bbox 3134 1713 3302 1780; x_wconf 79' lang='lat' dir='ltr'><strong>fronte</strong></span> <span class='ocrx_word' id='word_1_516' title='bbox 3329 1719 3377 1764; x_wconf 87' lang='lat' dir='ltr'><strong>et</strong></span> <span class='ocrx_word' id='word_1_517' title='bbox 3417 1710 3470 1762; x_wconf 87' lang='lat' dir='ltr'><strong>in</strong></span> <span class='ocrx_word' id='word_1_518' title='bbox 3499 1717 3685 1774; x_wconf 89' lang='lat' dir='ltr'><strong>mente,</strong></span> 
     </span>
    </p>
   </div>
   <div class='ocr_carea' id='block_1_72' title="bbox 2086 1802 3688 1873">
    <p class='ocr_par' dir='ltr' id='par_1_72' title="bbox 2086 1802 3688 1873">
     <span class='ocr_line' id='line_1_72' title="bbox 2086 1802 3688 1873; baseline -0.002 -15"><span class='ocrx_word' id='word_1_519' title='bbox 2086 1805 2232 1858; x_wconf 77' lang='lat' dir='ltr'><strong>illuni</strong></span> <span class='ocrx_word' id='word_1_520' title='bbox 2285 1821 2401 1858; x_wconf 88' lang='lat' dir='ltr'><strong>cum</strong></span> <span class='ocrx_word' id='word_1_521' title='bbox 2438 1805 2599 1858; x_wconf 88' lang='lat' dir='ltr'><strong>multo</strong></span> <span class='ocrx_word' id='word_1_522' title='bbox 2641 1803 2811 1858; x_wconf 88' lang='lat' dir='ltr'><strong>studio</strong></span> <span class='ocrx_word' id='word_1_523' title='bbox 2863 1803 3188 1873; x_wconf 80' lang='lat' dir='ltr'><strong>depingimus</strong></span> <span class='ocrx_word' id='word_1_524' title='bbox 3216 1803 3408 1871; x_wconf 83' lang='lat' dir='ltr'><strong>(Temo</strong></span> <span class='ocrx_word' id='word_1_525' title='bbox 3461 1802 3688 1872; x_wconf 86' lang='lat' dir='ltr'><strong>quinto).</strong></span> 
     </span>
    </p>
   </div>
   <div class='ocr_carea' id='block_1_73' title="bbox 2093 1893 3691 1964">
    <p class='ocr_par' dir='ltr' id='par_1_73' title="bbox 2093 1893 3691 1964">
     <span class='ocr_line' id='line_1_73' title="bbox 2093 1893 3691 1964; baseline -0.003 -16"><span class='ocrx_word' id='word_1_526' title='bbox 2093 1893 2280 1949; x_wconf 85' lang='lat' dir='ltr'><strong>Omnes</strong></span> <span class='ocrx_word' id='word_1_527' title='bbox 2308 1910 2420 1947; x_wconf 88' lang='lat' dir='ltr'><strong>eam</strong></span> <span class='ocrx_word' id='word_1_528' title='bbox 2445 1895 2500 1947; x_wconf 90' lang='lat' dir='ltr'><strong>in</strong></span> <span class='ocrx_word' id='word_1_529' title='bbox 2530 1893 2700 1962; x_wconf 80' lang='lat' dir='ltr'><strong>fronte</strong></span> <span class='ocrx_word' id='word_1_530' title='bbox 2727 1895 3152 1964; x_wconf 77' lang='lat' dir='ltr'><strong>circumferimus,</strong></span> <span class='ocrx_word' id='word_1_531' title='bbox 3182 1893 3372 1961; x_wconf 83' lang='lat' dir='ltr'><strong>inquit,</strong></span> <span class='ocrx_word' id='word_1_532' title='bbox 3400 1909 3502 1946; x_wconf 87' lang='lat' dir='ltr'><strong>non</strong></span> <span class='ocrx_word' id='word_1_533' title='bbox 3525 1893 3691 1947; x_wconf 88' lang='lat' dir='ltr'><strong>solum</strong></span> 
     </span>
    </p>
   </div>
   <div class='ocr_carea' id='block_1_74' title="bbox 2089 1982 3693 2054">
    <p class='ocr_par' dir='ltr' id='par_1_74' title="bbox 2089 1982 3693 2054">
     <span class='ocr_line' id='line_1_74' title="bbox 2089 1982 3693 2054; baseline -0.003 -15"><span class='ocrx_word' id='word_1_534' title='bbox 2089 2002 2191 2039; x_wconf 90' lang='lat' dir='ltr'><strong>non</strong></span> <span class='ocrx_word' id='word_1_535' title='bbox 2212 1987 2574 2050; x_wconf 78' lang='lat' dir='ltr'><strong>erubescentes,</strong></span> <span class='ocrx_word' id='word_1_536' title='bbox 2601 1985 2696 2038; x_wconf 84' lang='lat' dir='ltr'><strong>sed</strong></span> <span class='ocrx_word' id='word_1_537' title='bbox 2716 1985 2866 2038; x_wconf 90' lang='lat' dir='ltr'><strong>etiam</strong></span> <span class='ocrx_word' id='word_1_538' title='bbox 2901 1985 3195 2054; x_wconf 84' lang='lat' dir='ltr'><strong>gloriantes.</strong></span> <span class='ocrx_word' id='word_1_539' title='bbox 3230 1982 3355 2037; x_wconf 89' lang='lat' dir='ltr'><strong>Non</strong></span> <span class='ocrx_word' id='word_1_540' title='bbox 3382 1984 3531 2037; x_wconf 89' lang='lat' dir='ltr'><strong>modo</strong></span> <span class='ocrx_word' id='word_1_541' title='bbox 3546 1983 3693 2037; x_wconf 78' lang='lat' dir='ltr'><strong>.enim</strong></span> 
     </span>
    </p>
   </div>
   <div class='ocr_carea' id='block_1_75' title="bbox 2091 2075 3694 2147">
    <p class='ocr_par' dir='ltr' id='par_1_75' title="bbox 2091 2075 3694 2147">
     <span class='ocr_line' id='line_1_75' title="bbox 2091 2075 3694 2147; baseline -0.002 -18"><span class='ocrx_word' id='word_1_542' title='bbox 2091 2075 2386 2147; x_wconf 84' lang='lat' dir='ltr'><strong>populares,</strong></span> <span class='ocrx_word' id='word_1_543' title='bbox 2428 2075 2520 2128; x_wconf 87' lang='lat' dir='ltr'><strong>sed</strong></span> <span class='ocrx_word' id='word_1_544' title='bbox 2548 2085 2596 2129; x_wconf 86' lang='lat' dir='ltr'><strong>et</strong></span> <span class='ocrx_word' id='word_1_545' title='bbox 2623 2076 2670 2127; x_wconf 82' lang='lat' dir='ltr'><strong>ii</strong></span> <span class='ocrx_word' id='word_1_546' title='bbox 2707 2076 2795 2143; x_wconf 88' lang='lat' dir='ltr'><strong>qui</strong></span> <span class='ocrx_word' id='word_1_547' title='bbox 2828 2084 2944 2128; x_wconf 90' lang='lat' dir='ltr'><strong>sunt</strong></span> <span class='ocrx_word' id='word_1_548' title='bbox 2965 2075 3260 2128; x_wconf 85' lang='lat' dir='ltr'><strong>diademate</strong></span> <span class='ocrx_word' id='word_1_549' title='bbox 3284 2075 3535 2141; x_wconf 84' lang='lat' dir='ltr'><strong>redimiti,</strong></span> <span class='ocrx_word' id='word_1_550' title='bbox 3582 2090 3694 2128; x_wconf 87' lang='lat' dir='ltr'><strong>eam</strong></span> 
     </span>
    </p>
   </div>
   <div class='ocr_carea' id='block_1_76' title="bbox 2095 2165 3209 2238">
    <p class='ocr_par' dir='ltr' id='par_1_76' title="bbox 2095 2165 3209 2238">
     <span class='ocr_line' id='line_1_76' title="bbox 2095 2165 3209 2238; baseline -0.004 -18"><span class='ocrx_word' id='word_1_551' title='bbox 2095 2168 2262 2238; x_wconf 89' lang='lat' dir='ltr'><strong>potius</strong></span> <span class='ocrx_word' id='word_1_552' title='bbox 2281 2168 2333 2220; x_wconf 90' lang='lat' dir='ltr'><strong>in</strong></span> <span class='ocrx_word' id='word_1_553' title='bbox 2364 2169 2529 2236; x_wconf 82' lang='lat' dir='ltr'><strong>fronte</strong></span> <span class='ocrx_word' id='word_1_554' title='bbox 2554 2174 2752 2235; x_wconf 88' lang='lat' dir='ltr'><strong>gestant</strong></span> <span class='ocrx_word' id='word_1_555' title='bbox 2777 2181 2932 2231; x_wconf 89' lang='lat' dir='ltr'><strong>quam</strong></span> <span class='ocrx_word' id='word_1_556' title='bbox 2947 2165 3209 2220; x_wconf 85' lang='lat' dir='ltr'><strong>diadema.</strong></span> 
     </span>
    </p>
   </div>
   <div class='ocr_carea' id='block_1_77' title="bbox 2169 2253 3695 2324">
    <p class='ocr_par' dir='ltr' id='par_1_77' title="bbox 2169 2253 3695 2324">
     <span class='ocr_line' id='line_1_77' title="bbox 2169 2253 3695 2324; baseline 0.001 -15"><span class='ocrx_word' id='word_1_557' title='bbox 2169 2258 2241 2310; x_wconf 83' lang='lat' dir='ltr'><strong>De</strong></span> <span class='ocrx_word' id='word_1_558' title='bbox 2287 2255 2492 2311; x_wconf 85' lang='lat' dir='ltr'><strong>honore</strong></span> <span class='ocrx_word' id='word_1_559' title='bbox 2535 2263 2696 2323; x_wconf 83' lang='lat' dir='ltr'><strong>atque</strong></span> <span class='ocrx_word' id='word_1_560' title='bbox 2742 2253 2887 2308; x_wconf 89' lang='lat' dir='ltr'><strong>cultu</strong></span> <span class='ocrx_word' id='word_1_561' title='bbox 2934 2263 3240 2308; x_wconf 87' lang='lat' dir='ltr'><strong>sanctorum</strong></span> <span class='ocrx_word' id='word_1_562' title='bbox 3267 2296 3282 2319; x_wconf 93' lang='lat'><strong>,</strong></span> <span class='ocrx_word' id='word_1_563' title='bbox 3320 2255 3695 2324; x_wconf 73' lang='lat' dir='ltr'><strong>prtccipueqno</strong></span> 
     </span>
    </p>
   </div>
   <div class='ocr_carea' id='block_1_78' title="bbox 2096 2345 3695 2418">
    <p class='ocr_par' dir='ltr' id='par_1_78' title="bbox 2096 2345 3695 2418">
     <span class='ocr_line' id='line_1_78' title="bbox 2096 2345 3695 2418; baseline -0.003 -15"><span class='ocrx_word' id='word_1_564' title='bbox 2096 2357 2388 2418; x_wconf 88' lang='lat' dir='ltr'><strong>martyrum</strong></span> <span class='ocrx_word' id='word_1_565' title='bbox 2419 2346 2658 2416; x_wconf 86' lang='lat' dir='ltr'><strong>reliquiis</strong></span> <span class='ocrx_word' id='word_1_566' title='bbox 2696 2347 2933 2415; x_wconf 70' lang='lat' dir='ltr'><strong>praestita</strong></span> <span class='ocrx_word' id='word_1_567' title='bbox 2973 2345 3280 2415; x_wconf 83' lang='lat' dir='ltr'><strong>frequenter</strong></span> <span class='ocrx_word' id='word_1_568' title='bbox 3318 2347 3428 2415; x_wconf 85' lang='lat' dir='ltr'><strong>agit</strong></span> <span class='ocrx_word' id='word_1_569' title='bbox 3461 2347 3695 2415; x_wconf 83' lang='lat' dir='ltr'><strong>Chryso-</strong></span> 
     </span>
    </p>
   </div>
   <div class='ocr_carea' id='block_1_79' title="bbox 2094 2437 3694 2508">
    <p class='ocr_par' dir='ltr' id='par_1_79' title="bbox 2094 2437 3694 2508">
     <span class='ocr_line' id='line_1_79' title="bbox 2094 2437 3694 2508; baseline -0.001 -14"><span class='ocrx_word' id='word_1_570' title='bbox 2094 2452 2321 2494; x_wconf 89' lang='lat' dir='ltr'><strong>stomus.</strong></span> <span class='ocrx_word' id='word_1_571' title='bbox 2343 2439 2576 2508; x_wconf 82' lang='lat' dir='ltr'><strong>insignis</strong></span> <span class='ocrx_word' id='word_1_572' title='bbox 2601 2439 2749 2491; x_wconf 91' lang='lat' dir='ltr'><strong>locus</strong></span> <span class='ocrx_word' id='word_1_573' title='bbox 2781 2437 2867 2491; x_wconf 88' lang='lat' dir='ltr'><strong>ille</strong></span> <span class='ocrx_word' id='word_1_574' title='bbox 2896 2446 2998 2499; x_wconf 87' lang='lat' dir='ltr'><strong>est,</strong></span> <span class='ocrx_word' id='word_1_575' title='bbox 3047 2437 3137 2491; x_wconf 91' lang='lat' dir='ltr'><strong>ubi</strong></span> <span class='ocrx_word' id='word_1_576' title='bbox 3182 2437 3249 2492; x_wconf 91' lang='lat' dir='ltr'><strong>de</strong></span> <span class='ocrx_word' id='word_1_577' title='bbox 3281 2448 3473 2492; x_wconf 85' lang='lat' dir='ltr'><strong>sancto</strong></span> <span class='ocrx_word' id='word_1_578' title='bbox 3500 2439 3694 2508; x_wconf 74' lang='lat' dir='ltr'><strong>Babyla</strong></span> 
     </span>
    </p>
   </div>
   <div class='ocr_carea' id='block_1_80' title="bbox 2099 2528 3699 2600">
    <p class='ocr_par' dir='ltr' id='par_1_80' title="bbox 2099 2528 3699 2600">
     <span class='ocr_line' id='line_1_80' title="bbox 2099 2528 3699 2600; baseline -0.002 -15"><span class='ocrx_word' id='word_1_579' title='bbox 2099 2532 2369 2586; x_wconf 87' lang='lat' dir='ltr'><strong>disserens</strong></span> <span class='ocrx_word' id='word_1_580' title='bbox 2417 2531 2536 2584; x_wconf 86' lang='lat' dir='ltr'><strong>talia</strong></span> <span class='ocrx_word' id='word_1_581' title='bbox 2574 2528 2714 2584; x_wconf 82' lang='lat' dir='ltr'><strong>fatur</strong></span> <span class='ocrx_word' id='word_1_582' title='bbox 2745 2528 2928 2600; x_wconf 88' lang='lat' dir='ltr'><strong>(Tomo</strong></span> <span class='ocrx_word' id='word_1_583' title='bbox 2974 2529 3257 2598; x_wconf 86' lang='lat' dir='ltr'><strong>secundo):</strong></span> <span class='ocrx_word' id='word_1_584' title='bbox 3308 2530 3370 2582; x_wconf 80' lang='lat' dir='ltr'><strong>At</strong></span> <span class='ocrx_word' id='word_1_585' title='bbox 3427 2529 3560 2583; x_wconf 84' lang='lat' dir='ltr'><strong>Deus</strong></span> <span class='ocrx_word' id='word_1_586' title='bbox 3610 2530 3699 2582; x_wconf 83' lang='lat' dir='ltr'><strong>ille</strong></span> 
     </span>
    </p>
   </div>
   <div class='ocr_carea' id='block_1_81' title="bbox 2093 2619 3697 2694">
    <p class='ocr_par' dir='ltr' id='par_1_81' title="bbox 2093 2619 3697 2694">
     <span class='ocr_line' id='line_1_81' title="bbox 2093 2619 3697 2694; baseline -0.003 -18"><span class='ocrx_word' id='word_1_587' title='bbox 2093 2623 2344 2688; x_wconf 88' lang='lat' dir='ltr'><strong>clemens,</strong></span> <span class='ocrx_word' id='word_1_588' title='bbox 2382 2622 2468 2694; x_wconf 86' lang='lat' dir='ltr'><strong>qui</strong></span> <span class='ocrx_word' id='word_1_589' title='bbox 2497 2621 2726 2690; x_wconf 69' lang='lat' dir='ltr'><strong>infinitas</strong></span> <span class='ocrx_word' id='word_1_590' title='bbox 2761 2619 2903 2674; x_wconf 87' lang='lat' dir='ltr'><strong>nobis</strong></span> <span class='ocrx_word' id='word_1_591' title='bbox 2934 2621 3110 2674; x_wconf 85' lang='lat' dir='ltr'><strong>salutis</strong></span> <span class='ocrx_word' id='word_1_592' title='bbox 3137 2621 3424 2674; x_wconf 82' lang='lat' dir='ltr'><strong>occasiones</strong></span> <span class='ocrx_word' id='word_1_593' title='bbox 3451 2621 3697 2682; x_wconf 82' lang='lat' dir='ltr'><strong>contulit,</strong></span> 
     </span>
    </p>
   </div>
   <div class='ocr_carea' id='block_1_82' title="bbox 2098 2712 3699 2784">
    <p class='ocr_par' dir='ltr' id='par_1_82' title="bbox 2098 2712 3699 2784">
     <span class='ocr_line' id='line_1_82' title="bbox 2098 2712 3699 2784; baseline -0.002 -16"><span class='ocrx_word' id='word_1_594' title='bbox 2098 2714 2231 2768; x_wconf 87' lang='lat' dir='ltr'><strong>hanc</strong></span> <span class='ocrx_word' id='word_1_595' title='bbox 2271 2729 2468 2784; x_wconf 85' lang='lat' dir='ltr'><strong>quoque</strong></span> <span class='ocrx_word' id='word_1_596' title='bbox 2497 2713 2655 2767; x_wconf 82' lang='lat' dir='ltr'><strong>nobis</strong></span> <span class='ocrx_word' id='word_1_597' title='bbox 2698 2729 2814 2766; x_wconf 86' lang='lat' dir='ltr'><strong>cum</strong></span> <span class='ocrx_word' id='word_1_598' title='bbox 2857 2712 2974 2766; x_wconf 87' lang='lat' dir='ltr'><strong>aliis</strong></span> <span class='ocrx_word' id='word_1_599' title='bbox 3012 2713 3216 2778; x_wconf 87' lang='lat' dir='ltr'><strong>aperuit</strong></span> <span class='ocrx_word' id='word_1_600' title='bbox 3255 2713 3422 2778; x_wconf 84' lang='lat' dir='ltr'><strong>viam,</strong></span> <span class='ocrx_word' id='word_1_601' title='bbox 3465 2727 3578 2780; x_wconf 78' lang='lat' dir='ltr'><strong>qua:</strong></span> <span class='ocrx_word' id='word_1_602' title='bbox 3606 2729 3699 2765; x_wconf 87' lang='lat' dir='ltr'><strong>nos</strong></span> 
     </span>
    </p>
   </div>
   <div class='ocr_carea' id='block_1_83' title="bbox 2101 2804 3700 2876">
    <p class='ocr_par' dir='ltr' id='par_1_83' title="bbox 2101 2804 3700 2876">
     <span class='ocr_line' id='line_1_83' title="bbox 2101 2804 3700 2876; baseline -0.001 -18"><span class='ocrx_word' id='word_1_603' title='bbox 2101 2806 2258 2876; x_wconf 83' lang='lat' dir='ltr'><strong>possit</strong></span> <span class='ocrx_word' id='word_1_604' title='bbox 2277 2805 2356 2858; x_wconf 84' lang='lat' dir='ltr'><strong>ad</strong></span> <span class='ocrx_word' id='word_1_605' title='bbox 2381 2806 2613 2858; x_wconf 71' lang='lat' dir='ltr'><strong>virtutem</strong></span> <span class='ocrx_word' id='word_1_606' title='bbox 2641 2820 2866 2869; x_wconf 71' lang='lat' dir='ltr'><strong>euocare,</strong></span> <span class='ocrx_word' id='word_1_607' title='bbox 2903 2813 3194 2858; x_wconf 86' lang='lat' dir='ltr'><strong>sanctorum</strong></span> <span class='ocrx_word' id='word_1_608' title='bbox 3220 2804 3459 2873; x_wconf 88' lang='lat' dir='ltr'><strong>reliquias</strong></span> <span class='ocrx_word' id='word_1_609' title='bbox 3497 2804 3700 2857; x_wconf 87' lang='lat' dir='ltr'><strong>interim</strong></span> 
     </span>
    </p>
   </div>
   <div class='ocr_carea' id='block_1_84' title="bbox 2095 2893 3701 2966">
    <p class='ocr_par' dir='ltr' id='par_1_84' title="bbox 2095 2893 3701 2966">
     <span class='ocr_line' id='line_1_84' title="bbox 2095 2893 3701 2966; baseline 0 -18"><span class='ocrx_word' id='word_1_610' title='bbox 2095 2897 2243 2966; x_wconf 77' lang='lat' dir='ltr'><strong>apud</strong></span> <span class='ocrx_word' id='word_1_611' title='bbox 2270 2913 2362 2950; x_wconf 87' lang='lat' dir='ltr'><strong>nos</strong></span> <span class='ocrx_word' id='word_1_612' title='bbox 2391 2897 2700 2966; x_wconf 84' lang='lat' dir='ltr'><strong>relinquens.</strong></span> <span class='ocrx_word' id='word_1_613' title='bbox 2734 2893 2874 2948; x_wconf 88' lang='lat' dir='ltr'><strong>Nam</strong></span> <span class='ocrx_word' id='word_1_614' title='bbox 2914 2904 3026 2964; x_wconf 86' lang='lat' dir='ltr'><strong>post</strong></span> <span class='ocrx_word' id='word_1_615' title='bbox 3053 2895 3299 2948; x_wconf 85' lang='lat' dir='ltr'><strong>sermonis</strong></span> <span class='ocrx_word' id='word_1_616' title='bbox 3317 2895 3550 2948; x_wconf 85' lang='lat' dir='ltr'><strong>virtutem</strong></span> <span class='ocrx_word' id='word_1_617' title='bbox 3570 2934 3586 2960; x_wconf 94' lang='lat'><strong>,</strong></span> <span class='ocrx_word' id='word_1_618' title='bbox 3617 2912 3701 2948; x_wconf 86' lang='lat' dir='ltr'><strong>se-</strong></span> 
     </span>
    </p>
   </div>
   <div class='ocr_carea' id='block_1_85' title="bbox 2097 2984 3702 3055">
    <p class='ocr_par' dir='ltr' id='par_1_85' title="bbox 2097 2984 3702 3055">
     <span class='ocr_line' id='line_1_85' title="bbox 2097 2984 3702 3055; baseline -0.003 -11"><span class='ocrx_word' id='word_1_619' title='bbox 2097 2989 2324 3044; x_wconf 86' lang='lat' dir='ltr'><strong>cundum</strong></span> <span class='ocrx_word' id='word_1_620' title='bbox 2349 2998 2513 3042; x_wconf 89' lang='lat' dir='ltr'><strong>tenent</strong></span> <span class='ocrx_word' id='word_1_621' title='bbox 2533 2987 2763 3041; x_wconf 84' lang='lat' dir='ltr'><strong>ordinem</strong></span> <span class='ocrx_word' id='word_1_622' title='bbox 2783 2996 3080 3039; x_wconf 83' lang='lat' dir='ltr'><strong>sanctorum</strong></span> <span class='ocrx_word' id='word_1_623' title='bbox 3101 2984 3356 3055; x_wconf 84' lang='lat' dir='ltr'><strong>sepulcra,</strong></span> <span class='ocrx_word' id='word_1_624' title='bbox 3377 3001 3493 3055; x_wconf 64' lang='lat' dir='ltr'><strong>quae</strong></span> <span class='ocrx_word' id='word_1_625' title='bbox 3505 2985 3702 3039; x_wconf 83' lang='lat' dir='ltr'><strong>animos</strong></span> 
     </span>
    </p>
   </div>
   <div class='ocr_carea' id='block_1_86' title="bbox 2081 3076 3702 3134">
    <p class='ocr_par' dir='ltr' id='par_1_86' title="bbox 2081 3076 3702 3134">
     <span class='ocr_line' id='line_1_86' title="bbox 2081 3076 3702 3134; baseline -0.005 0"><span class='ocrx_word' id='word_1_626' title='bbox 2081 3081 2406 3134; x_wconf 83' lang='lat' dir='ltr'><strong>intuentium</strong></span> <span class='ocrx_word' id='word_1_627' title='bbox 2435 3079 2695 3132; x_wconf 81' lang='lat' dir='ltr'><strong>hominum</strong></span> <span class='ocrx_word' id='word_1_628' title='bbox 2718 3077 3139 3130; x_wconf 10' lang='lat' dir='ltr'><strong>adpimitatianem</strong></span> <span class='ocrx_word' id='word_1_629' title='bbox 3160 3077 3431 3130; x_wconf 82' lang='lat' dir='ltr'><strong>concitent.</strong></span> <span class='ocrx_word' id='word_1_630' title='bbox 3456 3077 3532 3128; x_wconf 75' lang='lat' dir='ltr'><strong>Ac</strong></span> <span class='ocrx_word' id='word_1_631' title='bbox 3542 3076 3702 3130; x_wconf 78' lang='lat' dir='ltr'><strong>sicubi</strong></span> 
     </span>
    </p>
   </div>
   <div class='ocr_carea' id='block_1_87' title="bbox 2101 3167 3702 3242">
    <p class='ocr_par' dir='ltr' id='par_1_87' title="bbox 2101 3167 3702 3242">
     <span class='ocr_line' id='line_1_87' title="bbox 2101 3167 3702 3242; baseline -0.005 -17"><span class='ocrx_word' id='word_1_632' title='bbox 2101 3172 2213 3242; x_wconf 86' lang='lat' dir='ltr'><strong>quis</strong></span> <span class='ocrx_word' id='word_1_633' title='bbox 2241 3171 2493 3241; x_wconf 87' lang='lat' dir='ltr'><strong>ejusmodi</strong></span> <span class='ocrx_word' id='word_1_634' title='bbox 2516 3184 2688 3239; x_wconf 69' lang='lat' dir='ltr'><strong>capsa</strong></span> <span class='ocrx_word' id='word_1_635' title='bbox 2709 3168 2889 3234; x_wconf 89' lang='lat' dir='ltr'><strong>adstet,</strong></span> <span class='ocrx_word' id='word_1_636' title='bbox 2911 3169 3090 3222; x_wconf 78' lang='lat' dir='ltr'><strong>statim</strong></span> <span class='ocrx_word' id='word_1_637' title='bbox 3119 3168 3232 3237; x_wconf 84' lang='lat' dir='ltr'><strong>ejus</strong></span> <span class='ocrx_word' id='word_1_638' title='bbox 3261 3167 3702 3237; x_wconf 72' lang='lat' dir='ltr'><strong>efﬁcaciam-sensu</strong></span> 
     </span>
    </p>
   </div>
   <div class='ocr_carea' id='block_1_88' title="bbox 2104 3259 3702 3334">
    <p class='ocr_par' dir='ltr' id='par_1_88' title="bbox 2104 3259 3702 3334">
     <span class='ocr_line' id='line_1_88' title="bbox 2104 3259 3702 3334; baseline -0.005 -16"><span class='ocrx_word' id='word_1_639' title='bbox 2104 3264 2431 3334; x_wconf 86' lang='lat' dir='ltr'><strong>percipit.....</strong></span> <span class='ocrx_word' id='word_1_640' title='bbox 2477 3260 2651 3314; x_wconf 82' lang='lat' dir='ltr'><strong>Probe</strong></span> <span class='ocrx_word' id='word_1_641' title='bbox 2703 3270 2872 3312; x_wconf 88' lang='lat' dir='ltr'><strong>autem</strong></span> <span class='ocrx_word' id='word_1_642' title='bbox 2933 3259 3298 3313; x_wconf 76' lang='lat' dir='ltr'><strong>animaduertet</strong></span> <span class='ocrx_word' id='word_1_643' title='bbox 3347 3259 3702 3329; x_wconf 78' lang='lat' dir='ltr'><strong>defunctorum</strong></span> 
     </span>
    </p>
   </div>
   <div class='ocr_carea' id='block_1_89' title="bbox 2105 3350 3702 3425">
    <p class='ocr_par' dir='ltr' id='par_1_89' title="bbox 2105 3350 3702 3425">
     <span class='ocr_line' id='line_1_89' title="bbox 2105 3350 3702 3425; baseline -0.003 -17"><span class='ocrx_word' id='word_1_644' title='bbox 2105 3355 2427 3425; x_wconf 87' lang='lat' dir='ltr'><strong>phantasiam</strong></span> <span class='ocrx_word' id='word_1_645' title='bbox 2459 3353 2670 3421; x_wconf 35' lang='lat' dir='ltr'><strong>ac‘ipsis</strong></span> <span class='ocrx_word' id='word_1_646' title='bbox 2689 3351 2814 3405; x_wconf 87' lang='lat' dir='ltr'><strong>locis</strong></span> <span class='ocrx_word' id='word_1_647' title='bbox 2833 3353 2886 3404; x_wconf 88' lang='lat' dir='ltr'><strong>in</strong></span> <span class='ocrx_word' id='word_1_648' title='bbox 2909 3351 3178 3405; x_wconf 72' lang='lat' dir='ltr'><strong>uiuentium</strong></span> <span class='ocrx_word' id='word_1_649' title='bbox 3199 3350 3382 3404; x_wconf 87' lang='lat' dir='ltr'><strong>animis</strong></span> <span class='ocrx_word' id='word_1_650' title='bbox 3403 3350 3630 3416; x_wconf 72' lang='lat' dir='ltr'><strong>excitari,</strong></span> <span class='ocrx_word' id='word_1_651' title='bbox 3659 3352 3702 3405; x_wconf 85' lang='lat' dir='ltr'><strong>si</strong></span> 
     </span>
    </p>
   </div>
   <div class='ocr_carea' id='block_1_90' title="bbox 2104 3439 3700 3514">
    <p class='ocr_par' dir='ltr' id='par_1_90' title="bbox 2104 3439 3700 3514">
     <span class='ocr_line' id='line_1_90' title="bbox 2104 3439 3700 3514; baseline -0.003 -17"><span class='ocrx_word' id='word_1_652' title='bbox 2104 3445 2217 3514; x_wconf 89' lang='lat' dir='ltr'><strong>quis</strong></span> <span class='ocrx_word' id='word_1_653' title='bbox 2255 3444 2434 3512; x_wconf 86' lang='lat' dir='ltr'><strong>cogitet</strong></span> <span class='ocrx_word' id='word_1_654' title='bbox 2463 3440 2729 3511; x_wconf 75' lang='lat' dir='ltr'><strong>quomodo</strong></span> <span class='ocrx_word' id='word_1_655' title='bbox 2769 3440 2841 3504; x_wconf 89' lang='lat' dir='ltr'><strong>ii,</strong></span> <span class='ocrx_word' id='word_1_656' title='bbox 2889 3440 2977 3508; x_wconf 86' lang='lat' dir='ltr'><strong>qui</strong></span> <span class='ocrx_word' id='word_1_657' title='bbox 3023 3439 3231 3510; x_wconf 82' lang='lat' dir='ltr'><strong>lugendi</strong></span> <span class='ocrx_word' id='word_1_658' title='bbox 3267 3455 3425 3493; x_wconf 87' lang='lat' dir='ltr'><strong>causa</strong></span> <span class='ocrx_word' id='word_1_659' title='bbox 3466 3439 3700 3503; x_wconf 70' lang='lat' dir='ltr'><strong>uariunt,</strong></span> 
     </span>
    </p>
   </div>
   <div class='ocr_carea' id='block_1_91' title="bbox 2101 3530 3704 3604">
    <p class='ocr_par' dir='ltr' id='par_1_91' title="bbox 2101 3530 3704 3604">
     <span class='ocr_line' id='line_1_91' title="bbox 2101 3530 3704 3604; baseline -0.004 -14"><span class='ocrx_word' id='word_1_660' title='bbox 2101 3537 2276 3591; x_wconf 89' lang='lat' dir='ltr'><strong>statim</strong></span> <span class='ocrx_word' id='word_1_661' title='bbox 2307 3546 2460 3604; x_wconf 87' lang='lat' dir='ltr'><strong>atque</strong></span> <span class='ocrx_word' id='word_1_662' title='bbox 2497 3533 2565 3587; x_wconf 91' lang='lat' dir='ltr'><strong>ad</strong></span> <span class='ocrx_word' id='word_1_663' title='bbox 2591 3531 2827 3602; x_wconf 87' lang='lat' dir='ltr'><strong>sepulcra</strong></span> <span class='ocrx_word' id='word_1_664' title='bbox 2853 3539 3191 3594; x_wconf 87' lang='lat' dir='ltr'><strong>accesserunt,</strong></span> <span class='ocrx_word' id='word_1_665' title='bbox 3247 3546 3309 3584; x_wconf 88' lang='lat' dir='ltr'><strong>ac</strong></span> <span class='ocrx_word' id='word_1_666' title='bbox 3348 3530 3395 3585; x_wconf 88' lang='lat' dir='ltr'><strong>si</strong></span> <span class='ocrx_word' id='word_1_667' title='bbox 3435 3531 3704 3584; x_wconf 76' lang='lat' dir='ltr'><strong>viceurme</strong></span> 
     </span>
    </p>
   </div>
   <div class='ocr_carea' id='block_1_92' title="bbox 2102 3622 3705 3698">
    <p class='ocr_par' dir='ltr' id='par_1_92' title="bbox 2102 3622 3705 3698">
     <span class='ocr_line' id='line_1_92' title="bbox 2102 3622 3705 3698; baseline -0.006 -14"><span class='ocrx_word' id='word_1_668' title='bbox 2102 3646 2208 3695; x_wconf 80' lang='lat' dir='ltr'><strong>eos,</strong></span> <span class='ocrx_word' id='word_1_669' title='bbox 2253 3629 2341 3698; x_wconf 88' lang='lat' dir='ltr'><strong>qui</strong></span> <span class='ocrx_word' id='word_1_670' title='bbox 2378 3629 2432 3680; x_wconf 88' lang='lat' dir='ltr'><strong>in</strong></span> <span class='ocrx_word' id='word_1_671' title='bbox 2469 3642 2600 3679; x_wconf 88' lang='lat' dir='ltr'><strong>urna</strong></span> <span class='ocrx_word' id='word_1_672' title='bbox 2635 3626 2844 3694; x_wconf 84' lang='lat' dir='ltr'><strong>jaceat,</strong></span> <span class='ocrx_word' id='word_1_673' title='bbox 2883 3631 3077 3678; x_wconf 83' lang='lat' dir='ltr'><strong>stantes</strong></span> <span class='ocrx_word' id='word_1_674' title='bbox 3119 3622 3362 3686; x_wconf 75' lang='lat' dir='ltr'><strong>riderent,</strong></span> <span class='ocrx_word' id='word_1_675' title='bbox 3411 3622 3484 3676; x_wconf 87' lang='lat' dir='ltr'><strong>sic</strong></span> <span class='ocrx_word' id='word_1_676' title='bbox 3519 3622 3636 3676; x_wconf 83' lang='lat' dir='ltr'><strong>illos</strong></span> <span class='ocrx_word' id='word_1_677' title='bbox 3677 3639 3705 3674; x_wconf 86' lang='lat' dir='ltr'><strong>e</strong></span> 
     </span>
    </p>
   </div>
   <div class='ocr_carea' id='block_1_93' title="bbox 2103 3709 3704 3785">
    <p class='ocr_par' dir='ltr' id='par_1_93' title="bbox 2103 3709 3704 3785">
     <span class='ocr_line' id='line_1_93' title="bbox 2103 3709 3704 3785; baseline -0.006 -13"><span class='ocrx_word' id='word_1_678' title='bbox 2103 3719 2278 3774; x_wconf 89' lang='lat' dir='ltr'><strong>limine</strong></span> <span class='ocrx_word' id='word_1_679' title='bbox 2304 3717 2476 3771; x_wconf 82' lang='lat' dir='ltr'><strong>statim</strong></span> <span class='ocrx_word' id='word_1_680' title='bbox 2499 3713 2822 3785; x_wconf 89' lang='lat' dir='ltr'><strong>compellent.</strong></span> <span class='ocrx_word' id='word_1_681' title='bbox 2853 3711 3009 3766; x_wconf 78' lang='lat' dir='ltr'><strong>Multi</strong></span> <span class='ocrx_word' id='word_1_682' title='bbox 3035 3726 3173 3778; x_wconf 83' lang='lat' dir='ltr'><strong>vero,</strong></span> <span class='ocrx_word' id='word_1_683' title='bbox 3195 3710 3503 3765; x_wconf 84' lang='lat' dir='ltr'><strong>intolerabili</strong></span> <span class='ocrx_word' id='word_1_684' title='bbox 3533 3709 3704 3777; x_wconf 75' lang='lat' dir='ltr'><strong>a/fecti</strong></span> 
     </span>
    </p>
   </div>
   <div class='ocr_carea' id='block_1_94' title="bbox 2103 3802 3702 3879">
    <p class='ocr_par' dir='ltr' id='par_1_94' title="bbox 2103 3802 3702 3879">
     <span class='ocr_line' id='line_1_94' title="bbox 2103 3802 3702 3879; baseline -0.006 -15"><span class='ocrx_word' id='word_1_685' title='bbox 2103 3809 2300 3874; x_wconf 86' lang='lat' dir='ltr'><strong>dolore,</strong></span> <span class='ocrx_word' id='word_1_686' title='bbox 2320 3823 2479 3879; x_wconf 90' lang='lat' dir='ltr'><strong>prope</strong></span> <span class='ocrx_word' id='word_1_687' title='bbox 2505 3805 2737 3876; x_wconf 84' lang='lat' dir='ltr'><strong>sepulcra</strong></span> <span class='ocrx_word' id='word_1_688' title='bbox 2765 3813 3082 3858; x_wconf 87' lang='lat' dir='ltr'><strong>mortuorum</strong></span> <span class='ocrx_word' id='word_1_689' title='bbox 3111 3802 3424 3856; x_wconf 80' lang='lat' dir='ltr'><strong>domicilium</strong></span> <span class='ocrx_word' id='word_1_690' title='bbox 3458 3802 3553 3856; x_wconf 90' lang='lat' dir='ltr'><strong>sibi</strong></span> <span class='ocrx_word' id='word_1_691' title='bbox 3585 3820 3702 3872; x_wconf 88' lang='lat' dir='ltr'><strong>per—</strong></span> 
     </span>
    </p>
   </div>
   <div class='ocr_carea' id='block_1_95' title="bbox 2103 3892 3705 3966">
    <p class='ocr_par' dir='ltr' id='par_1_95' title="bbox 2103 3892 3705 3966">
     <span class='ocr_line' id='line_1_95' title="bbox 2103 3892 3705 3966; baseline -0.006 -11"><span class='ocrx_word' id='word_1_692' title='bbox 2103 3917 2232 3955; x_wconf 79' lang='lat' dir='ltr'><strong>enne</strong></span> <span class='ocrx_word' id='word_1_693' title='bbox 2257 3899 2656 3962; x_wconf 85' lang='lat' dir='ltr'><strong>constituerunt;</strong></span> <span class='ocrx_word' id='word_1_694' title='bbox 2685 3896 2740 3950; x_wconf 90' lang='lat' dir='ltr'><strong>id</strong></span> <span class='ocrx_word' id='word_1_695' title='bbox 2765 3911 3088 3966; x_wconf 82' lang='lat' dir='ltr'><strong>nequaquam</strong></span> <span class='ocrx_word' id='word_1_696' title='bbox 3127 3893 3344 3965; x_wconf 81' lang='lat' dir='ltr'><strong>facturi,</strong></span> <span class='ocrx_word' id='word_1_697' title='bbox 3375 3892 3472 3946; x_wconf 91' lang='lat' dir='ltr'><strong>nisi</strong></span> <span class='ocrx_word' id='word_1_698' title='bbox 3506 3909 3571 3947; x_wconf 75' lang='lat' dir='ltr'><strong>ea:</strong></span> <span class='ocrx_word' id='word_1_699' title='bbox 3607 3892 3705 3948; x_wconf 69' lang='lat' dir='ltr'><strong>lati</strong></span> 
     </span>
    </p>
   </div>
   <div class='ocr_carea' id='block_1_96' title="bbox 2106 3983 3703 4062">
    <p class='ocr_par' dir='ltr' id='par_1_96' title="bbox 2106 3983 3703 4062">
     <span class='ocr_line' id='line_1_96' title="bbox 2106 3983 3703 4062; baseline -0.006 -14"><span class='ocrx_word' id='word_1_700' title='bbox 2106 4001 2377 4062; x_wconf 86' lang='lat' dir='ltr'><strong>conspectu</strong></span> <span class='ocrx_word' id='word_1_701' title='bbox 2411 3991 2679 4062; x_wconf 87' lang='lat' dir='ltr'><strong>quidpiam</strong></span> <span class='ocrx_word' id='word_1_702' title='bbox 2719 3988 3080 4043; x_wconf 85' lang='lat' dir='ltr'><strong>consolationis</strong></span> <span class='ocrx_word' id='word_1_703' title='bbox 3107 3987 3466 4058; x_wconf 85' lang='lat' dir='ltr'><strong>percepissent.</strong></span> <span class='ocrx_word' id='word_1_704' title='bbox 3504 3983 3703 4055; x_wconf 62' lang='lat' dir='ltr'><strong>Ecquid</strong></span> 
     </span>
    </p>
   </div>
   <div class='ocr_carea' id='block_1_97' title="bbox 2099 4077 3704 4153">
    <p class='ocr_par' dir='ltr' id='par_1_97' title="bbox 2099 4077 3704 4153">
     <span class='ocr_line' id='line_1_97' title="bbox 2099 4077 3704 4153; baseline -0.006 -14"><span class='ocrx_word' id='word_1_705' title='bbox 2099 4085 2178 4138; x_wconf 85' lang='lat' dir='ltr'><strong>de.</strong></span> <span class='ocrx_word' id='word_1_706' title='bbox 2192 4085 2304 4139; x_wconf 83' lang='lat' dir='ltr'><strong>loco</strong></span> <span class='ocrx_word' id='word_1_707' title='bbox 2323 4093 2368 4138; x_wconf 90' lang='lat' dir='ltr'><strong>et</strong></span> <span class='ocrx_word' id='word_1_708' title='bbox 2389 4083 2622 4153; x_wconf 82' lang='lat' dir='ltr'><strong>sepulcro</strong></span> <span class='ocrx_word' id='word_1_709' title='bbox 2643 4081 2860 4150; x_wconf 83' lang='lat' dir='ltr'><strong>loquor?</strong></span> <span class='ocrx_word' id='word_1_710' title='bbox 2885 4095 3000 4134; x_wconf 84' lang='lat' dir='ltr'><strong>cunt</strong></span> <span class='ocrx_word' id='word_1_711' title='bbox 3019 4078 3323 4148; x_wconf 73' lang='lat' dir='ltr'><strong>uestisstepe</strong></span> <span class='ocrx_word' id='word_1_712' title='bbox 3346 4077 3455 4131; x_wconf 87' lang='lat' dir='ltr'><strong>sola</strong></span> <span class='ocrx_word' id='word_1_713' title='bbox 3475 4085 3704 4131; x_wconf 87' lang='lat' dir='ltr'><strong>mortuo-</strong></span> 
     </span>
    </p>
   </div>
   <div class='ocr_carea' id='block_1_98' title="bbox 2104 4172 3705 4243">
    <p class='ocr_par' dir='ltr' id='par_1_98' title="bbox 2104 4172 3705 4243">
     <span class='ocr_line' id='line_1_98' title="bbox 2104 4172 3705 4243; baseline -0.005 -12"><span class='ocrx_word' id='word_1_714' title='bbox 2104 4196 2224 4233; x_wconf 79' lang='lat' dir='ltr'><strong>rum</strong></span> <span class='ocrx_word' id='word_1_715' title='bbox 2239 4179 2369 4243; x_wconf 73' lang='lat' dir='ltr'><strong>uisa,</strong></span> <span class='ocrx_word' id='word_1_716' title='bbox 2385 4185 2472 4230; x_wconf 88' lang='lat' dir='ltr'><strong>aut</strong></span> <span class='ocrx_word' id='word_1_717' title='bbox 2493 4175 2695 4229; x_wconf 79' lang='lat' dir='ltr'><strong>uerbum</strong></span> <span class='ocrx_word' id='word_1_718' title='bbox 2715 4191 2874 4228; x_wconf 80' lang='lat' dir='ltr'><strong>unum</strong></span> <span class='ocrx_word' id='word_1_719' title='bbox 2894 4181 3059 4226; x_wconf 88' lang='lat' dir='ltr'><strong>mente</strong></span> <span class='ocrx_word' id='word_1_720' title='bbox 3080 4172 3346 4241; x_wconf 86' lang='lat' dir='ltr'><strong>repetitum</strong></span> <span class='ocrx_word' id='word_1_721' title='bbox 3366 4172 3598 4224; x_wconf 81' lang='lat' dir='ltr'><strong>animum</strong></span> <span class='ocrx_word' id='word_1_722' title='bbox 3611 4185 3705 4223; x_wconf 46' lang='lat' dir='ltr'><strong>ex»-</strong></span> 
     </span>
    </p>
   </div>
   <div class='ocr_carea' id='block_1_99' title="bbox 2105 4261 3706 4328">
    <p class='ocr_par' dir='ltr' id='par_1_99' title="bbox 2105 4261 3706 4328">
     <span class='ocr_line' id='line_1_99' title="bbox 2105 4261 3706 4328; baseline -0.007 -5"><span class='ocrx_word' id='word_1_723' title='bbox 2105 4270 2277 4323; x_wconf 82' lang='lat' dir='ltr'><strong>citarit</strong></span> <span class='ocrx_word' id='word_1_724' title='bbox 2298 4311 2310 4328; x_wconf 85' lang='lat'><strong>,</strong></span> <span class='ocrx_word' id='word_1_725' title='bbox 2336 4279 2380 4321; x_wconf 86' lang='lat' dir='ltr'><strong>et</strong></span> <span class='ocrx_word' id='word_1_726' title='bbox 2412 4267 2656 4320; x_wconf 76' lang='lat' dir='ltr'><strong>labentem</strong></span> <span class='ocrx_word' id='word_1_727' title='bbox 2683 4266 2978 4318; x_wconf 80' lang='lat' dir='ltr'><strong>memoriam</strong></span> <span class='ocrx_word' id='word_1_728' title='bbox 3007 4263 3282 4316; x_wconf 74' lang='lat' dir='ltr'><strong>reduxerit.</strong></span> <span class='ocrx_word' id='word_1_729' title='bbox 3313 4261 3440 4315; x_wconf 78' lang='lat' dir='ltr'><strong>Ideo</strong></span> <span class='ocrx_word' id='word_1_730' title='bbox 3463 4262 3706 4328; x_wconf 82' lang='lat' dir='ltr'><strong>reliquias</strong></span> 
     </span>
    </p>
   </div>
   <div class='ocr_carea' id='block_1_100' title="bbox 2106 4353 3707 4416">
    <p class='ocr_par' dir='ltr' id='par_1_100' title="bbox 2106 4353 3707 4416">
     <span class='ocr_line' id='line_1_100' title="bbox 2106 4353 3707 4416; baseline -0.006 -1"><span class='ocrx_word' id='word_1_731' title='bbox 2106 4371 2397 4416; x_wconf 85' lang='lat' dir='ltr'><strong>sanctorum</strong></span> <span class='ocrx_word' id='word_1_732' title='bbox 2451 4358 2594 4412; x_wconf 83' lang='lat' dir='ltr'><strong>nobis</strong></span> <span class='ocrx_word' id='word_1_733' title='bbox 2649 4355 2788 4409; x_wconf 83' lang='lat' dir='ltr'><strong>Deus</strong></span> <span class='ocrx_word' id='word_1_734' title='bbox 2845 4355 3058 4408; x_wconf 82' lang='lat' dir='ltr'><strong>dimisit.</strong></span> <span class='ocrx_word' id='word_1_735' title='bbox 3104 4353 3198 4408; x_wconf 68' lang='lat' dir='ltr'><strong>Me</strong></span> <span class='ocrx_word' id='word_1_736' title='bbox 3233 4363 3402 4410; x_wconf 85' lang='lat' dir='ltr'><strong>autem</strong></span> <span class='ocrx_word' id='word_1_737' title='bbox 3451 4369 3552 4407; x_wconf 80' lang='lat' dir='ltr'><strong>non</strong></span> <span class='ocrx_word' id='word_1_738' title='bbox 3595 4353 3707 4406; x_wconf 67' lang='lat' dir='ltr'><strong>lucc</strong></span> 
     </span>
    </p>
   </div>
   <div class='ocr_carea' id='block_1_101' title="bbox 2113 4443 3706 4522">
    <p class='ocr_par' dir='ltr' id='par_1_101' title="bbox 2113 4443 3706 4522">
     <span class='ocr_line' id='line_1_101' title="bbox 2113 4443 3706 4522; baseline -0.005 -20"><span class='ocrx_word' id='word_1_739' title='bbox 2113 4455 2305 4522; x_wconf 72' lang='lat' dir='ltr'><strong>{rustra</strong></span> <span class='ocrx_word' id='word_1_740' title='bbox 2335 4449 2586 4514; x_wconf 78' lang='lat' dir='ltr'><strong>iactitare,</strong></span> <span class='ocrx_word' id='word_1_741' title='bbox 2605 4448 2694 4499; x_wconf 86' lang='lat' dir='ltr'><strong>sed</strong></span> <span class='ocrx_word' id='word_1_742' title='bbox 2712 4447 2778 4498; x_wconf 87' lang='lat' dir='ltr'><strong>ad</strong></span> <span class='ocrx_word' id='word_1_743' title='bbox 2808 4445 3076 4498; x_wconf 87' lang='lat' dir='ltr'><strong>utilitatem</strong></span> <span class='ocrx_word' id='word_1_744' title='bbox 3094 4452 3320 4497; x_wconf 86' lang='lat' dir='ltr'><strong>nostram</strong></span> <span class='ocrx_word' id='word_1_745' title='bbox 3346 4443 3420 4495; x_wconf 91' lang='lat' dir='ltr'><strong>ita</strong></span> <span class='ocrx_word' id='word_1_746' title='bbox 3450 4443 3706 4512; x_wconf 76' lang='lat' dir='ltr'><strong>provisum</strong></span> 
     </span>
    </p>
   </div>
   <div class='ocr_carea' id='block_1_102' title="bbox 2108 4534 3709 4610">
    <p class='ocr_par' dir='ltr' id='par_1_102' title="bbox 2108 4534 3709 4610">
     <span class='ocr_line' id='line_1_102' title="bbox 2108 4534 3709 4610; baseline -0.006 -13"><span class='ocrx_word' id='word_1_747' title='bbox 2108 4559 2248 4607; x_wconf 80' lang='lat' dir='ltr'><strong>esse,</strong></span> <span class='ocrx_word' id='word_1_748' title='bbox 2280 4541 2433 4610; x_wconf 78' lang='lat' dir='ltr'><strong>ﬁdem</strong></span> <span class='ocrx_word' id='word_1_749' title='bbox 2491 4542 2656 4610; x_wconf 80' lang='lat' dir='ltr'><strong>facere</strong></span> <span class='ocrx_word' id='word_1_750' title='bbox 2699 4546 2916 4606; x_wconf 88' lang='lat' dir='ltr'><strong>possunt</strong></span> <span class='ocrx_word' id='word_1_751' title='bbox 2978 4534 3233 4589; x_wconf 88' lang='lat' dir='ltr'><strong>miracula</strong></span> <span class='ocrx_word' id='word_1_752' title='bbox 3286 4550 3401 4606; x_wconf 74' lang='lat' dir='ltr'><strong>qua:</strong></span> <span class='ocrx_word' id='word_1_753' title='bbox 3441 4551 3476 4588; x_wconf 90' lang='lat' dir='ltr'><strong>a</strong></span> <span class='ocrx_word' id='word_1_754' title='bbox 3505 4536 3709 4588; x_wconf 84' lang='lat' dir='ltr'><strong>sanctis</strong></span> 
     </span>
    </p>
   </div>
   <div class='ocr_carea' id='block_1_103' title="bbox 2108 4632 2928 4707">
    <p class='ocr_par' dir='ltr' id='par_1_103' title="bbox 2108 4632 2928 4707">
     <span class='ocr_line' id='line_1_103' title="bbox 2108 4632 2928 4707; baseline -0.01 -18"><span class='ocrx_word' id='word_1_755' title='bbox 2108 4635 2334 4707; x_wconf 84' lang='lat' dir='ltr'><strong>quotidie</strong></span> <span class='ocrx_word' id='word_1_756' title='bbox 2359 4633 2667 4702; x_wconf 86' lang='lat' dir='ltr'><strong>martyribus</strong></span> <span class='ocrx_word' id='word_1_757' title='bbox 2689 4632 2928 4685; x_wconf 86' lang='lat' dir='ltr'><strong>eduntur.</strong></span> 
     </span>
    </p>
   </div>
   <div class='ocr_carea' id='block_1_104' title="bbox 2183 4720 3708 4782">
    <p class='ocr_par' dir='ltr' id='par_1_104' title="bbox 2183 4720 3708 4782">
     <span class='ocr_line' id='line_1_104' title="bbox 2183 4720 3708 4782; baseline -0.003 -1"><span class='ocrx_word' id='word_1_758' title='bbox 2183 4725 2411 4782; x_wconf 92' lang='lat' dir='ltr'><strong>llomilia</strong></span> <span class='ocrx_word' id='word_1_759' title='bbox 2439 4740 2568 4780; x_wconf 87' lang='lat' dir='ltr'><strong>vero</strong></span> <span class='ocrx_word' id='word_1_760' title='bbox 2599 4724 2652 4777; x_wconf 90' lang='lat' dir='ltr'><strong>in</strong></span> <span class='ocrx_word' id='word_1_761' title='bbox 2682 4722 2738 4778; x_wconf 93' lang='lat' dir='ltr'><strong>S.</strong></span> <span class='ocrx_word' id='word_1_762' title='bbox 2781 4721 3122 4776; x_wconf 83' lang='lat' dir='ltr'><strong>Eustathium</strong></span> <span class='ocrx_word' id='word_1_763' title='bbox 3169 4722 3563 4777; x_wconf 79' lang='lat' dir='ltr'><strong>Antiochenam</strong></span> <span class='ocrx_word' id='word_1_764' title='bbox 3587 4720 3708 4776; x_wconf 73' lang='lat' dir='ltr'><strong>hmo</strong></span> 
     </span>
    </p>
   </div>
   <div class='ocr_carea' id='block_1_105' title="bbox 2114 4815 3709 4884">
    <p class='ocr_par' dir='ltr' id='par_1_105' title="bbox 2114 4815 3709 4884">
     <span class='ocr_line' id='line_1_105' title="bbox 2114 4815 3709 4884; baseline -0.006 -8"><span class='ocrx_word' id='word_1_765' title='bbox 2114 4821 2307 4875; x_wconf 85' lang='lat' dir='ltr'><strong>habet:</strong></span> <span class='ocrx_word' id='word_1_766' title='bbox 2329 4818 2528 4872; x_wconf 84' lang='lat' dir='ltr'><strong>Idcirco</strong></span> <span class='ocrx_word' id='word_1_767' title='bbox 2555 4825 2844 4869; x_wconf 87' lang='lat' dir='ltr'><strong>sanctorum</strong></span> <span class='ocrx_word' id='word_1_768' title='bbox 2870 4830 3085 4883; x_wconf 87' lang='lat' dir='ltr'><strong>corpora</strong></span> <span class='ocrx_word' id='word_1_769' title='bbox 3109 4823 3158 4867; x_wconf 89' lang='lat' dir='ltr'><strong>et</strong></span> <span class='ocrx_word' id='word_1_770' title='bbox 3185 4817 3350 4884; x_wconf 71' lang='lat' dir='ltr'><strong>fontes</strong></span> <span class='ocrx_word' id='word_1_771' title='bbox 3371 4823 3417 4866; x_wconf 88' lang='lat' dir='ltr'><strong>et</strong></span> <span class='ocrx_word' id='word_1_772' title='bbox 3443 4815 3640 4866; x_wconf 85' lang='lat' dir='ltr'><strong>radices</strong></span> <span class='ocrx_word' id='word_1_773' title='bbox 3662 4823 3709 4866; x_wconf 90' lang='lat' dir='ltr'><strong>et</strong></span> 
     </span>
    </p>
   </div>
   <div class='ocr_carea' id='block_1_106' title="bbox 2111 4904 3710 4986">
    <p class='ocr_par' dir='ltr' id='par_1_106' title="bbox 2111 4904 3710 4986">
     <span class='ocr_line' id='line_1_106' title="bbox 2111 4904 3710 4986; baseline -0.005 -18"><span class='ocrx_word' id='word_1_774' title='bbox 2111 4923 2369 4986; x_wconf 85' lang='lat' dir='ltr'><strong>unguenta</strong></span> <span class='ocrx_word' id='word_1_775' title='bbox 2417 4925 2655 4978; x_wconf 84' lang='lat' dir='ltr'><strong>uuncupo</strong></span> <span class='ocrx_word' id='word_1_776' title='bbox 2693 4907 2981 4976; x_wconf 84' lang='lat' dir='ltr'><strong>spiritualia</strong></span> <span class='ocrx_word' id='word_1_777' title='bbox 3021 4904 3204 4979; x_wconf 79' lang='lat' dir='ltr'><strong>(Temo</strong></span> <span class='ocrx_word' id='word_1_778' title='bbox 3249 4906 3510 4976; x_wconf 84' lang='lat' dir='ltr'><strong>secundo).</strong></span> <span class='ocrx_word' id='word_1_779' title='bbox 3554 4905 3710 4960; x_wconf 78' lang='lat' dir='ltr'><strong>Plebs</strong></span> 
     </span>
    </p>
   </div>
   <div class='ocr_carea' id='block_1_107' title="bbox 2123 4995 3709 5065">
    <p class='ocr_par' dir='ltr' id='par_1_107' title="bbox 2123 4995 3709 5065">
     <span class='ocr_line' id='line_1_107' title="bbox 2123 4995 3709 5065; baseline -0.008 -5"><span class='ocrx_word' id='word_1_780' title='bbox 2123 5021 2249 5060; x_wconf 75' lang='lat' dir='ltr'><strong>vero</strong></span> <span class='ocrx_word' id='word_1_781' title='bbox 2263 5001 2600 5058; x_wconf 33' lang='lat' dir='ltr'><strong>‘Antiocliena</strong></span> <span class='ocrx_word' id='word_1_782' title='bbox 2626 5001 2682 5053; x_wconf 80' lang='lat' dir='ltr'><strong>in</strong></span> <span class='ocrx_word' id='word_1_783' title='bbox 2701 5000 2902 5052; x_wconf 78' lang='lat' dir='ltr'><strong>vicinos</strong></span> <span class='ocrx_word' id='word_1_784' title='bbox 2925 4998 3038 5051; x_wconf 88' lang='lat' dir='ltr'><strong>urbi</strong></span> <span class='ocrx_word' id='word_1_785' title='bbox 3061 5012 3300 5065; x_wconf 82' lang='lat' dir='ltr'><strong>campos,</strong></span> <span class='ocrx_word' id='word_1_786' title='bbox 3317 4997 3406 5050; x_wconf 89' lang='lat' dir='ltr'><strong>ubi</strong></span> <span class='ocrx_word' id='word_1_787' title='bbox 3428 4995 3709 5065; x_wconf 86' lang='lat' dir='ltr'><strong>sepulchra</strong></span> 
     </span>
    </p>
   </div>
   <div class='ocr_carea' id='block_1_108' title="bbox 2117 5087 3713 5167">
    <p class='ocr_par' dir='ltr' id='par_1_108' title="bbox 2117 5087 3713 5167">
     <span class='ocr_line' id='line_1_108' title="bbox 2117 5087 3713 5167; baseline -0.007 -16"><span class='ocrx_word' id='word_1_788' title='bbox 2117 5101 2612 5167; x_wconf 79' lang='lat' dir='ltr'><strong>martyrum-erant,</strong></span> <span class='ocrx_word' id='word_1_789' title='bbox 2650 5091 2876 5144; x_wconf 74' lang='lat' dir='ltr'><strong>libenter</strong></span> <span class='ocrx_word' id='word_1_790' title='bbox 2904 5087 3228 5142; x_wconf 80' lang='lat' dir='ltr'><strong>continebat.</strong></span> <span class='ocrx_word' id='word_1_791' title='bbox 3249 5087 3380 5153; x_wconf 69' lang='lat' dir='ltr'><strong>Quia</strong></span> <span class='ocrx_word' id='word_1_792' title='bbox 3411 5100 3540 5140; x_wconf 85' lang='lat' dir='ltr'><strong>vero</strong></span> <span class='ocrx_word' id='word_1_793' title='bbox 3571 5101 3713 5140; x_wconf 85' lang='lat' dir='ltr'><strong>mar-</strong></span> 
     </span>
    </p>
   </div>
   <div class='ocr_carea' id='block_1_109' title="bbox 2116 5175 3712 5259">
    <p class='ocr_par' dir='ltr' id='par_1_109' title="bbox 2116 5175 3712 5259">
     <span class='ocr_line' id='line_1_109' title="bbox 2116 5175 3712 5259; baseline -0.008 -18"><span class='ocrx_word' id='word_1_794' title='bbox 2116 5197 2291 5259; x_wconf 87' lang='lat' dir='ltr'><strong>tyrum</strong></span> <span class='ocrx_word' id='word_1_795' title='bbox 2319 5191 2662 5240; x_wconf 77' lang='lat' dir='ltr'><strong>monumenta</strong></span> <span class='ocrx_word' id='word_1_796' title='bbox 2705 5196 2827 5234; x_wconf 82' lang='lat' dir='ltr'><strong>etttll</strong></span> <span class='ocrx_word' id='word_1_797' title='bbox 2879 5178 3252 5234; x_wconf 66' lang='lat' dir='ltr'><strong>haereticorum</strong></span> <span class='ocrx_word' id='word_1_798' title='bbox 3296 5175 3594 5245; x_wconf 80' lang='lat' dir='ltr'><strong>sepulchris</strong></span> <span class='ocrx_word' id='word_1_799' title='bbox 3626 5176 3712 5230; x_wconf 89' lang='lat' dir='ltr'><strong>in-</strong></span> 
     </span>
    </p>
   </div>
   <div class='ocr_carea' id='block_1_110' title="bbox 2115 5265 3713 5342">
    <p class='ocr_par' dir='ltr' id='par_1_110' title="bbox 2115 5265 3713 5342">
     <span class='ocr_line' id='line_1_110' title="bbox 2115 5265 3713 5342; baseline -0.008 -10"><span class='ocrx_word' id='word_1_800' title='bbox 2115 5276 2362 5332; x_wconf 80' lang='lat' dir='ltr'><strong>termixta</strong></span> <span class='ocrx_word' id='word_1_801' title='bbox 2409 5281 2563 5328; x_wconf 82' lang='lat' dir='ltr'><strong>erant</strong></span> <span class='ocrx_word' id='word_1_802' title='bbox 2607 5269 2902 5342; x_wconf 55' lang='lat' dir='ltr'><strong>(Ibidem);</strong></span> <span class='ocrx_word' id='word_1_803' title='bbox 2949 5269 3070 5324; x_wconf 84' lang='lat' dir='ltr'><strong>ideo</strong></span> <span class='ocrx_word' id='word_1_804' title='bbox 3099 5267 3414 5331; x_wconf 82' lang='lat' dir='ltr'><strong>Flavianus,</strong></span> <span class='ocrx_word' id='word_1_805' title='bbox 3442 5275 3504 5322; x_wconf 66' lang='lat' dir='ltr'><strong>,ut</strong></span> <span class='ocrx_word' id='word_1_806' title='bbox 3545 5265 3713 5320; x_wconf 83' lang='lat' dir='ltr'><strong>devo-</strong></span> 
     </span>
    </p>
   </div>
   <div class='ocr_carea' id='block_1_111' title="bbox 2116 5358 3715 5438">
    <p class='ocr_par' dir='ltr' id='par_1_111' title="bbox 2116 5358 3715 5438">
     <span class='ocr_line' id='line_1_111' title="bbox 2116 5358 3715 5438; baseline -0.008 -14"><span class='ocrx_word' id='word_1_807' title='bbox 2116 5382 2182 5424; x_wconf 72' lang='lat' dir='ltr'><strong>tae</strong></span> <span class='ocrx_word' id='word_1_808' title='bbox 2237 5368 2374 5438; x_wconf 82' lang='lat' dir='ltr'><strong>plebi</strong></span> <span class='ocrx_word' id='word_1_809' title='bbox 2431 5365 2770 5426; x_wconf 83' lang='lat' dir='ltr'><strong>consuleret,</strong></span> <span class='ocrx_word' id='word_1_810' title='bbox 2823 5377 2947 5416; x_wconf 84' lang='lat' dir='ltr'><strong>ossa</strong></span> <span class='ocrx_word' id='word_1_811' title='bbox 2992 5361 3078 5415; x_wconf 87' lang='lat' dir='ltr'><strong>illa</strong></span> <span class='ocrx_word' id='word_1_812' title='bbox 3131 5370 3428 5430; x_wconf 81' lang='lat' dir='ltr'><strong>martyrum</strong></span> <span class='ocrx_word' id='word_1_813' title='bbox 3483 5358 3715 5428; x_wconf 86' lang='lat' dir='ltr'><strong>delegit,</strong></span> 
     </span>
    </p>
   </div>
   <div class='ocr_carea' id='block_1_112' title="bbox 2117 5451 3718 5526">
    <p class='ocr_par' dir='ltr' id='par_1_112' title="bbox 2117 5451 3718 5526">
     <span class='ocr_line' id='line_1_112' title="bbox 2117 5451 3718 5526; baseline -0.006 -12"><span class='ocrx_word' id='word_1_814' title='bbox 2117 5477 2178 5514; x_wconf 83' lang='lat' dir='ltr'><strong>ac</strong></span> <span class='ocrx_word' id='word_1_815' title='bbox 2215 5473 2457 5516; x_wconf 88' lang='lat' dir='ltr'><strong>seorsum</strong></span> <span class='ocrx_word' id='word_1_816' title='bbox 2503 5457 2556 5511; x_wconf 88' lang='lat' dir='ltr'><strong>in</strong></span> <span class='ocrx_word' id='word_1_817' title='bbox 2590 5471 2722 5526; x_wconf 87' lang='lat' dir='ltr'><strong>puro</strong></span> <span class='ocrx_word' id='word_1_818' title='bbox 2772 5453 3075 5521; x_wconf 85' lang='lat' dir='ltr'><strong>mundoque</strong></span> <span class='ocrx_word' id='word_1_819' title='bbox 3104 5452 3223 5506; x_wconf 80' lang='lat' dir='ltr'><strong>loco</strong></span> <span class='ocrx_word' id='word_1_820' title='bbox 3245 5451 3553 5508; x_wconf 76' lang='lat' dir='ltr'><strong>collocavit.</strong></span> <span class='ocrx_word' id='word_1_821' title='bbox 3600 5451 3718 5519; x_wconf 83' lang='lat' dir='ltr'><strong>Ipse</strong></span> 
     </span>
    </p>
   </div>
   <div class='ocr_carea' id='block_1_113' title="bbox 2115 5543 3714 5622">
    <p class='ocr_par' dir='ltr' id='par_1_113' title="bbox 2115 5543 3714 5622">
     <span class='ocr_line' id='line_1_113' title="bbox 2115 5543 3714 5622; baseline -0.004 -20"><span class='ocrx_word' id='word_1_822' title='bbox 2115 5567 2330 5622; x_wconf 85' lang='lat' dir='ltr'><strong>quoque</strong></span> <span class='ocrx_word' id='word_1_823' title='bbox 2361 5549 2776 5620; x_wconf 82' lang='lat' dir='ltr'><strong>Cbrysostomus</strong></span> <span class='ocrx_word' id='word_1_824' title='bbox 2806 5545 2956 5601; x_wconf 72' lang='lat' dir='ltr'><strong>exsul</strong></span> <span class='ocrx_word' id='word_1_825' title='bbox 2989 5543 3182 5600; x_wconf 75' lang='lat' dir='ltr'><strong>Ruﬁno</strong></span> <span class='ocrx_word' id='word_1_826' title='bbox 3224 5544 3537 5614; x_wconf 82' lang='lat' dir='ltr'><strong>presbytero</strong></span> <span class='ocrx_word' id='word_1_827' title='bbox 3585 5543 3714 5598; x_wconf 84' lang='lat' dir='ltr'><strong>reli-</strong></span> 
     </span>
    </p>
   </div>
   <div class='ocr_carea' id='block_1_114' title="bbox 2117 5636 3717 5715">
    <p class='ocr_par' dir='ltr' id='par_1_114' title="bbox 2117 5636 3717 5715">
     <span class='ocr_line' id='line_1_114' title="bbox 2117 5636 3717 5715; baseline -0.008 -15"><span class='ocrx_word' id='word_1_828' title='bbox 2117 5647 2269 5715; x_wconf 83' lang='lat' dir='ltr'><strong>quias</strong></span> <span class='ocrx_word' id='word_1_829' title='bbox 2299 5654 2591 5714; x_wconf 81' lang='lat' dir='ltr'><strong>martyrum</strong></span> <span class='ocrx_word' id='word_1_830' title='bbox 2633 5641 2809 5705; x_wconf 86' lang='lat' dir='ltr'><strong>misit,</strong></span> <span class='ocrx_word' id='word_1_831' title='bbox 2854 5639 3073 5692; x_wconf 88' lang='lat' dir='ltr'><strong>minimc</strong></span> <span class='ocrx_word' id='word_1_832' title='bbox 3104 5636 3316 5702; x_wconf 82' lang='lat' dir='ltr'><strong>dubias,</strong></span> <span class='ocrx_word' id='word_1_833' title='bbox 3348 5637 3554 5706; x_wconf 86' lang='lat' dir='ltr'><strong>inquit,</strong></span> <span class='ocrx_word' id='word_1_834' title='bbox 3587 5649 3717 5703; x_wconf 81' lang='lat' dir='ltr'><strong>quas</strong></span> 
     </span>
    </p>
   </div>
   <div class='ocr_carea' id='block_1_115' title="bbox 2120 5727 3716 5801">
    <p class='ocr_par' dir='ltr' id='par_1_115' title="bbox 2120 5727 3716 5801">
     <span class='ocr_line' id='line_1_115' title="bbox 2120 5727 3716 5801; baseline -0.008 -8"><span class='ocrx_word' id='word_1_835' title='bbox 2120 5739 2186 5793; x_wconf 86' lang='lat' dir='ltr'><strong>ab</strong></span> <span class='ocrx_word' id='word_1_836' title='bbox 2228 5734 2662 5793; x_wconf 84' lang='lat' dir='ltr'><strong>OtreioArabissi</strong></span> <span class='ocrx_word' id='word_1_837' title='bbox 2688 5734 2942 5801; x_wconf 85' lang='lat' dir='ltr'><strong>episcopo</strong></span> <span class='ocrx_word' id='word_1_838' title='bbox 2991 5739 3273 5799; x_wconf 81' lang='lat' dir='ltr'><strong>acceperat</strong></span> <span class='ocrx_word' id='word_1_839' title='bbox 3298 5727 3482 5798; x_wconf 76' lang='lat' dir='ltr'><strong>(Temo</strong></span> <span class='ocrx_word' id='word_1_840' title='bbox 3521 5727 3716 5797; x_wconf 88' lang='lat' dir='ltr'><strong>tertio).</strong></span> 
     </span>
    </p>
   </div>
   <div class='ocr_carea' id='block_1_116' title="bbox 2131 5821 3717 5901">
    <p class='ocr_par' dir='ltr' id='par_1_116' title="bbox 2131 5821 3717 5901">
     <span class='ocr_line' id='line_1_116' title="bbox 2131 5821 3717 5901; baseline -0.008 -15"><span class='ocrx_word' id='word_1_841' title='bbox 2131 5831 2286 5886; x_wconf 86' lang='lat' dir='ltr'><strong>Plura</strong></span> <span class='ocrx_word' id='word_1_842' title='bbox 2313 5843 2594 5901; x_wconf 87' lang='lat' dir='ltr'><strong>possemus</strong></span> <span class='ocrx_word' id='word_1_843' title='bbox 2619 5827 2816 5883; x_wconf 87' lang='lat' dir='ltr'><strong>addere</strong></span> <span class='ocrx_word' id='word_1_844' title='bbox 2835 5867 2850 5892; x_wconf 93' lang='lat'><strong>,</strong></span> <span class='ocrx_word' id='word_1_845' title='bbox 2898 5823 2992 5881; x_wconf 86' lang='lat' dir='ltr'><strong>sed</strong></span> <span class='ocrx_word' id='word_1_846' title='bbox 3021 5827 3135 5878; x_wconf 73' lang='lat' dir='ltr'><strong>haec</strong></span> <span class='ocrx_word' id='word_1_847' title='bbox 3163 5824 3295 5878; x_wconf 77' lang='lat' dir='ltr'><strong>satis</strong></span> <span class='ocrx_word' id='word_1_848' title='bbox 3325 5833 3468 5877; x_wconf 86' lang='lat' dir='ltr'><strong>sunt.</strong></span> <span class='ocrx_word' id='word_1_849' title='bbox 3506 5821 3717 5876; x_wconf 74' lang='lat' dir='ltr'><strong>Cultura</strong></span> 
     </span>
    </p>
   </div>
  </div>
