4194 6468
569 383 632 434 {‘37
1912 379 1988 434 ΒΥ
1997 379 2230 438 NOPSIS
2269 380 2503 439 EORUM
3775 388 3844 449 58

563 511 705 566 enim
751 509 836 563 ille
887 507 1224 577 reliquiarum
1267 503 1402 559 adeo
1442 500 1744 572 frequenter
1780 501 2046 568 celebrat,
2093 511 2149 554 ut

567 603 698 657 nihil
729 617 790 655 ea
816 601 884 655 de
914 615 972 654 re
997 599 1140 653 dubii
1170 598 1418 666 supersit.

638 692 749 746 Nec
777 691 952 744 minus
990 690 1134 743 clare
1172 686 1406 756 loquitur
1443 685 1509 738 de
1548 685 1880 737 invocatione
1908 692 1958 735 et
1991 682 2154 736 inter-

569 781 812 834 cessione
852 787 1155 830 sanctorum
1197 782 1254 829 et
1299 783 1612 844 martyrum.
1657 773 1788 826 Cum
1837 771 2150 824 Antiocheni

570 872 792 924 adversa
823 867 1125 921 valetudine
1155 865 1456 920 laborantes
1475 864 1541 918 ad
1558 863 1800 930 Judaaos,
1833 864 1920 931 qui
1950 863 2154 930 praesti-

569 961 669 1029 giis
694 959 760 1012 ad
789 958 1004 1012 morbos
1030 955 1379 1025 depellendos
1418 955 1706 1009 utebantur
1724 997 1739 1019 ,
1765 953 2150 1023 confugerent,

571 1059 628 1102 ut
664 1064 693 1100 a
726 1048 912 1101 talibus
953 1047 1072 1101 illos
1114 1056 1356 1109 avertat,
1407 1045 1489 1099 his
1531 1053 1719 1098 avocat
1764 1043 1944 1098 verbis
1972 1041 2155 1113 (Tomo

572 1139 802 1210 primo):
851 1139 1077 1191 Proinde
1111 1147 1167 1190 tu
1220 1153 1443 1208 quoque,
1491 1138 1537 1190 si
1576 1137 1757 1190 videris
1806 1146 1852 1189 te
1909 1136 2078 1205 puniri
2123 1153 2157 1188 a

575 1229 682 1283 Deo
702 1271 715 1290 ,
758 1246 819 1282 ne
854 1229 1116 1297 profugias
1142 1229 1209 1280 ad
1231 1229 1340 1298 ejus
1365 1226 1595 1281 inimicos
1619 1227 1829 1280 Judazos
1847 1267 1862 1290 ,
1907 1243 1970 1280 ne
1996 1227 2156 1295 magis

571 1321 721 1372 etiam
742 1321 884 1373 illum
906 1321 956 1372 in
980 1329 1026 1372 te
1046 1335 1279 1388 provoces
1298 1333 1316 1380 ,°
1341 1319 1430 1372 sed
1448 1319 1516 1370 ad
1530 1319 1720 1371 amicos
1735 1318 1873 1371 illius
1889 1326 2154 1387 martyres,

571 1421 718 1481 atque
742 1422 961 1475 sanctos,
1002 1412 1087 1479 qui
1116 1413 1192 1464 illi
1217 1412 1535 1476 placuerunt,
1566 1410 1746 1480 quique
1772 1409 1986 1462 multum
2017 1409 2157 1477 apud

572 1503 720 1556 illaut
757 1501 938 1555 habent
979 1502 1316 1556 auctoritatis.
1371 1502 1596 1558 llomilia
1644 1515 1775 1555 vero
1820 1501 1871 1553 in
1917 1507 2156 1553 sanetum

574 1591 836 1646 lllclctitnn
857 1591 1038 1661 (Tomo
1081 1593 1324 1658 secundo)
1347 1610 1357 1643 :
1382 1591 1594 1643 Oremus
1623 1591 1789 1657 itaque
1817 1607 1988 1644 omnes
2008 1589 2162 1644 simul

576 1691 678 1733 tant
708 1683 1052 1751 magistratus,
1080 1699 1230 1749 quam
1268 1682 1483 1750 privati,
1517 1691 1620 1734 tam
1643 1682 1770 1733 servi
1793 1698 1947 1750 quam
1982 1681 2156 1744 liberi,

578 1776 774 1826 beatum
819 1775 986 1844 ipsum
1029 1774 1285 1826 Meletiunt
1324 1776 1506 1826 harum
1552 1790 1754 1842 precum
1793 1775 1981 1826 socium
2023 1774 2160 1826 acci—

581 1869 790 1936 pientes.
823 1867 891 1920 Et
918 1868 1043 1920 alibi
1073 1866 1367 1921 clarissime
1396 1865 1578 1934 (Tanto
1617 1866 1822 1936 quarto)
1850 1885 1862 1920 :
1887 1865 1954 1918 Id
1996 1867 2158 1918 scien-

581 1967 653 2010 tes
673 1998 689 2022 ,
735 1958 938 2022 dilecti,
972 1957 1321 2026 confugiamus
1346 1958 1414 2009 ad
1436 1967 1724 2011 sanctorum
1749 1974 1944 2025 preces,
1978 1967 2023 2009 et
2053 1973 2164 2009 ore-

580 2061 691 2097 mus
711 2055 761 2097 ut
787 2062 880 2114 pro
907 2046 1046 2099 nobis
1068 2045 1397 2099 intercedant.
1428 2045 1535 2100 Sed
1571 2063 1671 2100 non
1710 2047 1914 2099 illorunt
1937 2047 2162 2114 precibus

581 2144 770 2187 tantum
824 2137 1170 2203 conﬁdamus,
1201 2138 1290 2189 sed
1339 2146 1386 2190 et
1441 2139 1541 2207 ipsi
1582 2148 1791 2201 nostra,
1822 2148 1876 2190 ut
1931 2147 2155 2208 Oportet,

577 2226 920 2292 dispensemus
955 2236 1111 2291 recte,
1155 2236 1200 2280 et
1224 2227 1294 2280 ad
1321 2228 1531 2282 meliora
1557 2230 1774 2281 converti
1819 2229 2040 2280 nitamur
2060 2269 2074 2289 ,
2109 2238 2164 2280 ut

581 2316 743 2369 locum
770 2317 943 2370 demus
967 2320 1202 2382 orationi,
1231 2335 1340 2390 qua:
1369 2337 1460 2388 pro
1484 2321 1626 2373 nobis
1647 2321 1900 2391 funditur.
1922 2322 2034 2374 Alia
2059 2338 2162 2376 non

581 2419 746 2472 pauca
786 2408 1098 2474 proferenda
1141 2417 1518 2479 suppeterent;
1560 2409 1654 2464 sed
1704 2411 1755 2464 in
1785 2426 1845 2464 re
1869 2411 2163 2466 certissima

583 2510 686 2548 non
709 2506 789 2549 est
809 2497 1004 2551 diutius
1027 2499 1438 2553 immorandum.

657 2586 908 2642 Ecclesiae
947 2590 1127 2643 multa:
1171 2590 1260 2643 illo
1297 2605 1412 2644 :cvo
1450 2591 1702 2661 martyria
1742 2591 2162 2660 appellabantur.

579 2677 886 2747 Martyrium
911 2695 1034 2733 vero
1057 2681 1208 2734 initio
1227 2681 1504 2735 ecclesiam
1529 2691 1816 2753 martyrum
1840 2683 2167 2751 signiﬁcasse

582 2766 821 2831 videtur;
845 2783 906 2821 ac
927 2784 1144 2837 semper
1166 2768 1495 2838 frequentius
1512 2786 1606 2840 pro
1623 2773 1847 2827 ecclesia
1871 2782 2163 2842 martyrum

584 2856 878 2924 accipitur,
928 2859 1021 2914 sed
1073 2875 1168 2924 pro
1219 2861 1340 2914 aliis
1387 2861 1547 2915 etiam
1603 2864 1842 2918 ecclesiis
1898 2879 2162 2918 nonnum-

582 2963 742 3016 quam
768 2949 1047 3004 adhibetur
1067 2949 1251 3020 (Tomo
1267 2953 1507 3006 secundo.
1548 2951 1670 3007 Vide
1693 2964 1863 3007 notam
1886 2966 1932 3007 et
1954 2954 2166 3008 Glossa—

585 3040 716 3092 rium
761 3039 938 3113 Cangii
987 3041 1479 3114 Graeco-Latinum).
1531 3046 1626 3101 Illo
1668 3055 1845 3100 autem
1891 3063 2007 3100 aevo
2056 3057 2164 3100 tum

584 3130 830 3186 ccclesiis
850 3171 866 3198 ,
901 3142 1009 3186 tum
1051 3135 1322 3206 martyriis
1367 3151 1591 3206 magnus
1619 3137 1969 3192 exhibebatur
1999 3138 2168 3190 honor

584 3230 638 3275 et
677 3223 993 3276 reverentia.
1034 3223 1166 3278 Cum
1217 3225 1267 3278 in
1302 3227 1585 3281 ecclesiam
1634 3228 1930 3291 intrarent,
1980 3241 2167 3280 manus

584 3311 906 3379 abluebant,
958 3315 1191 3383 itemque
1239 3325 1523 3386 antequam
1574 3327 1918 3386 precarentur
1968 3316 2167 3387 (Tanto

584 3402 779 3473 octavo)
810 3420 822 3455 :
851 3404 1284 3469 Quemadmodum
1317 3409 1469 3474 enim,
1521 3409 1720 3477 inquit,
1749 3410 1954 3463 solenne
1988 3421 2060 3462 est
2110 3420 2166 3463 ut

585 3498 748 3562 fontes
795 3507 978 3563 prtesto
1012 3499 1111 3550 sint
1149 3508 1264 3552 ante
1309 3500 1562 3565 oratoria,
1597 3509 1648 3551 ut
1704 3501 1966 3554 adoraturi
2004 3501 2165 3556 Deum

588 3601 766 3635 manus
806 3586 944 3652 prius
973 3585 1101 3640 lotas
1132 3588 1261 3641 inter
1275 3591 1590 3655 precandum
1615 3590 1850 3643 attollant
1877 3606 1895 3644 :
1920 3593 1990 3645 ita
2038 3610 2168 3662 pau-

585 3689 726 3741 peres
780 3675 997 3742 fontium
1035 3676 1136 3729 vice
1183 3688 1299 3732 ante
1346 3682 1480 3749 fores
1535 3678 1903 3734 collocaverunt
1952 3685 2168 3751 majores

585 3765 773 3828 nostri;
808 3775 860 3816 ut
900 3768 1320 3834 quemadmodum
1369 3786 1548 3822 manus
1602 3768 1858 3824 abluitnus
1898 3789 2062 3843 aqua,
2093 3775 2167 3827 sic

594 3855 734 3922 prius
775 3872 864 3924 per
907 3857 1280 3925 beneﬁcentiam
1318 3863 1542 3914 abstersa
1575 3862 1766 3925 anima,
1819 3871 1926 3914 tum
1966 3863 2165 3914 demum

584 3961 755 4013 preces
821 3956 1018 4000 nostras
1071 3946 1366 4016 o/feramus.
1417 3950 1474 4004 In
1519 3966 1668 4004 more
1704 3961 1818 4005 erat
1871 3951 2068 4016 etiam,
2111 3959 2168 4004 ιιι

583 4035 672 4103 qui
705 4036 755 4089 in
801 4039 1080 4092 ecclesiam
1127 4041 1385 4094 intrarent
1427 4041 1543 4110 ejus
1567 4043 1824 4095 vestibula
1856 4043 2165 4097 oscularen-

587 4137 688 4178 tur.
735 4127 873 4181 intra
917 4129 1196 4184 ecclesiam
1241 4147 1368 4186 vero
1407 4133 1658 4187 mulieres
1686 4134 1876 4189 tabulis
1906 4135 2094 4204 ligneis
2137 4151 2164 4188 a

588 4217 716 4270 viris
755 4220 1443 4290 sequestrabanturzquam
1486 4239 1596 4278 rem
1645 4240 1674 4276 a
1726 4226 2014 4294 majoribus
2039 4241 2168 4279 con-

583 4308 818 4362 stitutatn
869 4311 937 4364 ita
984 4312 1185 4380 profert
1214 4313 1832 4384 Chrysostomus(Tonto
1883 4316 2162 4384 septimo):

587 4399 850 4472 Oporteret
873 4406 1041 4474 utique
1072 4406 1208 4460 intus
1233 4424 1338 4461 esse
1377 4425 1578 4462 murum
1616 4408 1701 4478 qui
1743 4424 1826 4461 vos
1855 4425 1887 4459 a
1941 4405 2167 4458 mulieri-

583 4491 675 4546 bus
702 4497 1200 4564 sequestraret:quia
1242 4514 1355 4550 vero
1399 4498 1452 4549 id
1495 4515 1599 4550 non
1643 4498 1811 4561 vultis,
1833 4497 2166 4549 necessarium

581 4600 686 4637 esse
731 4595 972 4654 putarunt
1023 4597 1188 4656 patres
1236 4589 1414 4654 nostri,
1434 4599 1487 4641 ut
1535 4588 1712 4641 saltent
1756 4589 1935 4656 ligneis
1982 4587 2165 4642 tabulis

581 4692 665 4730 vos
684 4694 1048 4748 separaremus.
1085 4678 1151 4733 Ut
1179 4697 1212 4733 α
1253 4681 1530 4734 senioribus
1573 4696 1660 4749 ego
1697 4681 1892 4743 audivi,
1937 4683 2076 4734 initio
2112 4683 2164 4733 Iti

583 4771 795 4836 parietes
821 4787 920 4824 non
947 4775 1103 4840 fuere.

653 4861 784 4914 item
820 4863 1140 4931 singularem
1187 4863 1340 4917 docet
1365 4864 1777 4933 Cbrysostomus
1805 4864 1942 4932 quod
1973 4880 2161 4933 nempe

581 4955 630 5005 in
662 4955 927 5024 mysteriis
947 4953 1233 5008 Christiani
1248 4955 1564 5008 Antiocheni
1586 4970 1644 5008 se
1665 4963 1847 5008 mutuo
1870 4956 2160 5024 amplecte-

580 5057 764 5100 rentur
794 5048 974 5116 (Tomo
1029 5051 1255 5118 octavo);
1287 5059 1343 5102 ut
1395 5049 1544 5102 tnulti
1592 5065 1752 5103 unum
1799 5049 2156 5115 efﬁcerentur,

577 5147 737 5206 atque
776 5154 1087 5192 communes
1117 5153 1302 5206 preces
1332 5140 1613 5194 funderent
1645 5157 1740 5210 pro
1766 5158 1872 5197 non
1902 5143 2119 5196 initiatis
2141 5186 2156 5208 ,

580 5243 674 5295 pro
699 5228 941 5293 inﬁrmis,
968 5244 1063 5297 pro
1087 5229 1231 5283 orbis
1253 5229 1533 5298 fructibus,
1565 5249 1661 5302 pro
1685 5243 1845 5301 terra,
1874 5249 1970 5304 pro
2002 5236 2154 5288 mari.

577 5318 775 5375 Morem
815 5328 988 5371 autem
1039 5327 1305 5382 veterem,
1357 5337 1509 5391 quem
1557 5323 1854 5378 mirabilem
1905 5324 2052 5389 dicit,
2106 5325 2156 5377 in

577 5407 890 5462 memoriam
932 5419 1144 5462 revocat
1190 5411 1375 5480 (Tanto
1406 5415 1570 5484 tertio)
1604 5416 1809 5470 :Coacti
1845 5427 2042 5477 autent,
2081 5417 2157 5470 in-

573 5503 703 5570 quit,
737 5509 856 5551 tunc
884 5501 1058 5567 ﬁdeles
1084 5519 1254 5558 omnes
1296 5515 1407 5573 post
1445 5508 1670 5559 auditam
1708 5509 2010 5572 doctrinam,
2049 5518 2158 5575 post

575 5592 861 5655 orationes,
918 5606 1026 5661 post
1074 5599 1419 5664 mysteriorum
1468 5601 1940 5668 participationem,
1991 5599 2156 5651 soluta

579 5684 788 5752 synaxi,
828 5699 928 5738 non
959 5688 1128 5740 statim
1153 5691 1355 5742 domum
1384 5691 1752 5753 concedebant;
1790 5692 1877 5745 sed
1907 5691 2084 5744 divites
2111 5702 2156 5743 et

572 5775 942 5843 opulentiores,
983 5780 1218 5835 alimenta
1251 5793 1298 5835 et
1331 5783 1526 5852 fercula
1566 5800 1592 5836 c
1629 5785 1856 5836 domibus
1894 5785 1996 5834 suis
2024 5781 2152 5848 a/fe-

2253 512 2421 556 rentes
2441 545 2455 565 ,
2490 518 2734 572 pauperes
2763 500 3093 569 advocabant,
3121 499 3470 570 communique
3492 501 3646 556 simul
3671 519 3849 558 mensa

2259 595 2583 662 fruebantur,
2619 594 2962 646 communibus
3001 593 3164 661 epulis
3201 601 3348 662 atque
3383 593 3618 648 conviviis
3647 595 3699 647 in
3732 611 3846 657 ipsa

2258 686 2486 738 ecclesia.
2517 687 2598 739 Ait
2637 702 2792 753 put'rn
2822 685 3163 741 celebritates
3208 685 3323 739 illas
3365 683 3420 740 in
3470 683 3697 740 meridie
3723 686 3842 756 ple-

2259 792 2486 846 rumque
2511 778 2664 830 Solvi.

2335 868 2407 920 De
2440 867 2718 937 praecipuis
2745 881 2841 936 per
2869 882 3066 922 annum
3113 867 3302 924 diebus
3341 867 3488 924 festis
3529 883 3635 923 non
3677 869 3844 922 semel

2260 960 2371 1027 agit
2406 959 2595 1012 doctor
2641 969 2840 1012 noster.
2891 959 2965 1013 De
3007 959 3169 1013 natali
3210 975 3337 1014 vero
3377 960 3466 1014 die
3501 958 3700 1012 Christi
3732 957 3846 1013 hmc

2262 1059 2442 1103 narrat
2491 1049 2543 1103 in
2596 1049 2853 1103 concione
2900 1065 3058 1118 quam
3110 1049 3294 1104 habuit
3345 1064 3485 1102 anno
3533 1047 3842 1103 586zillam

2264 1155 2454 1208 nempe
2479 1140 2852 1194 solennitatem
2897 1155 3065 1209 nuper
3093 1154 3156 1194 ac
3182 1139 3414 1193 nondum
3440 1139 3640 1207 elapsis
3658 1137 3844 1192 decem

2263 1231 2418 1282 anuis
2445 1231 2512 1282 ab
2539 1230 2846 1293 Occidente,
2880 1230 2965 1283 ubi
2995 1230 3062 1282 ab
3091 1229 3313 1285 exordio
3341 1229 3610 1284 celebrata
3641 1228 3841 1288 fuerat,

2264 1321 2600 1374 Antiochiam
2653 1321 2864 1374 allatam
2921 1321 3084 1376 fuisse
3134 1319 3333 1386 (Temo
3383 1320 3664 1391 secundo).
3709 1317 3843 1385 Quia

2263 1427 2390 1465 vero
2437 1412 2648 1481 plurimi
2675 1411 2816 1466 diem
2856 1411 3049 1466 festum
3094 1411 3397 1480 hujusmodi
3441 1411 3590 1480 quasi
3646 1425 3845 1464 novum

2263 1517 2326 1556 ac
2378 1518 2546 1571 nuper
2591 1503 2862 1557 inductum
2892 1502 3278 1566 detrectabant,
3299 1503 3477 1556 multis
3521 1501 3850 1571 argumentis

2265 1593 2453 1661 probat
2495 1594 2582 1646 ille
2631 1594 2860 1646 natalem
2889 1593 3087 1647 Christi
3140 1593 3194 1648 in
3243 1592 3549 1662 vigesimum
3606 1590 3844 1661 quintam

2267 1682 2571 1736 Decembris
2598 1683 2849 1736 incidere.
2874 1683 3094 1737 Veteres
3123 1694 3297 1736 tamen
3319 1682 3553 1752 Egyptii
3581 1690 3634 1736 et
3656 1681 3848 1736 Orien-

2268 1775 2400 1828 tales
2430 1791 2647 1835 omnes,
2683 1785 2739 1828 ut
2767 1789 2993 1828 concors
3035 1776 3272 1829 omnium
3326 1775 3588 1829 sententia
3632 1782 3750 1839 est,
3777 1773 3852 1826 si-

2266 1863 2374 1917 mul
2407 1863 2717 1932 Epiphania:
2745 1863 3050 1933 Natalisque
3078 1863 3285 1918 Domini
3318 1863 3506 1918 festum
3551 1863 3640 1917 die
3688 1873 3844 1916 sexta

2264 1953 2498 2008 Januarii
2528 1953 2978 2008 celebrabant:at
3005 1955 3145 2009 circa
3189 1953 3419 2007 medium
3464 1952 3642 2006 saeculi
3669 1953 3846 2020 quarti

2268 2045 2471 2098 invecta
2488 2043 2702 2098 easdem
2725 2044 2779 2098 in
2799 2045 3042 2114 regiones
3058 2043 3386 2099 consuetudo
3407 2043 3502 2098 fuit
3523 2053 3578 2097 ut
3597 2043 3850 2112 vigesima

2266 2137 2445 2206 quinta
2476 2135 2780 2190 Decembris
2810 2136 3038 2189 natalem
3085 2134 3227 2190 diem
3270 2133 3623 2188 celebrarent.
3658 2132 3851 2186 Verum

2269 2230 2493 2298 priscam
2523 2228 2667 2282 illam
2701 2226 3140 2282 consuetudinem
3166 2225 3232 2280 ad
3262 2235 3472 2280 aetatem
3505 2239 3671 2295 usque
3699 2237 3851 2278 suam

2270 2319 2322 2372 in
2353 2318 2586 2372 Ecclesia
2617 2317 3060 2388 Jerosolymitana
3081 2317 3321 2371 obtinere
3351 2315 3499 2370 testis
3523 2325 3606 2370 est
3632 2313 3854 2368 Cosmus

2267 2410 2583 2480 Egyptius,
2635 2424 2791 2477 quem
2833 2409 3096 2462 edidimus
3134 2422 3275 2462 anno
3322 2405 3856 2475 l706:idipsumque

2267 2502 2547 2556 confirmat
2581 2499 2812 2553 Joannes
2841 2498 3118 2562 Niczenus,
3152 2499 3280 2552 dum
3323 2499 3394 2551 ait
3423 2511 3732 2550 asseverare
3759 2494 3853 2548 Je-

2269 2593 2714 2661 rosolymitanos,
2761 2590 3018 2646 Jacobum
3066 2590 3284 2645 fratrem
3335 2589 3571 2651 Domini,
3625 2589 3854 2658 primum

2269 2683 2722 2753 Jerosolymorum
2750 2682 3057 2751 episcopum
3082 2722 3096 2745 ,
3136 2681 3203 2735 ad
3235 2681 3462 2735 natalem
3491 2679 3685 2734 Christi
3714 2678 3857 2733 cele-

2272 2773 2529 2828 brandam
2555 2773 2791 2827 Januarii
2823 2783 3029 2826 sextum
3063 2773 3204 2827 diem
3234 2772 3604 2841 assignavisse.

2344 2864 2539 2918 Verum
2583 2863 2674 2918 diu
2716 2874 2840 2918 ante
2883 2864 2932 2917 in
2978 2865 3364 2918 Antiochenam
3425 2862 3716 2916 Ecclesium
3767 2861 3854 2914 in-

2269 2961 2452 3007 vectus
2482 2953 2653 3007 fuerat
2678 2954 2810 3007 ritus
2839 2953 3142 3008 celebrandi
3189 2953 3418 3006 natalem
3447 2950 3642 3005 Christi
3672 2951 3758 3004 die
3784 2951 3858 3005 25

2273 3044 2599 3099 Decembris.
2627 3045 2714 3098 Ait
2739 3045 2882 3099 enim
2914 3045 3001 3098 ille
3027 3044 3251 3098 Homilia
3281 3044 3332 3096 in
3362 3044 3417 3098 S.
3447 3043 3853 3112 Philogonium:

2271 3135 2455 3208 (Tomo
2485 3135 2673 3206 primo)
2701 3155 2712 3188 :
2737 3134 2902 3190 Instat
2939 3137 3070 3188 enim
3105 3139 3307 3204 festum,
3345 3135 3569 3186 omnium
3613 3134 3855 3202 festorum

2270 3228 2488 3280 maxime
2529 3226 2867 3280 venerandum
2913 3236 3060 3293 atque
3104 3225 3414 3278 tremendum
3442 3241 3460 3278 :
3484 3225 3618 3294 quod
3661 3225 3704 3276 si
3740 3224 3857 3290 quis

2269 3319 2488 3390 appellet
2522 3319 2748 3371 onmium
2798 3322 3040 3388 festorum
3088 3317 3421 3386 metropolin,
3467 3315 3858 3384 haudquaquam

2269 3411 2480 3464 aberret.
2509 3409 2778 3473 Quodnam
2807 3418 2972 3461 autent
3003 3408 3098 3460 hoc
3125 3409 3233 3461 est?
3258 3406 3444 3460 Christi
3475 3407 3526 3459 in
3555 3422 3708 3458 carne
3737 3403 3856 3457 Na-

2270 3503 2404 3556 talis.
2426 3502 2498 3554 Ab
2521 3501 2614 3554 hoc
2633 3511 2802 3552 autem
2833 3501 3011 3569 festum
3047 3497 3452 3567 Epiphaniorum
3479 3495 3550 3548 vel
3573 3492 3852 3562 Theopha-

2270 3594 2493 3655 niorum,
2525 3607 2728 3646 sacrum
2759 3589 2962 3642 Pascha
2983 3629 2996 3649 ,
3027 3588 3264 3641 Ascensio
3313 3597 3360 3639 et
3388 3585 3676 3639 Pentecoste
3700 3584 3860 3654 origi-

2269 3701 2381 3737 nem
2426 3699 2487 3736 ac
2534 3683 2919 3752 fundamentum
2965 3680 3175 3732 ducunt.
3227 3677 3348 3730 Nisi
3394 3678 3526 3731 enim
3577 3676 3856 3730 secundum

2268 3789 2470 3826 carnem
2491 3781 2640 3824 natus
2666 3780 2790 3823 esset
2813 3767 3062 3832 Christus,
3087 3785 3187 3820 non
3208 3767 3488 3836 baptizatus
3507 3767 3713 3838 fuisset;
3734 3781 3857 3819 nam

2267 3866 2322 3918 id
2346 3869 2530 3934 festum
2555 3859 3004 3930 Theophaniorum
3029 3869 3097 3913 est
3118 3876 3136 3914 :
3159 3876 3472 3929 nequaquam
3496 3859 3670 3930 [uisset
3691 3860 3860 3912 cruci-

2269 3955 2435 4022 ﬁxus,
2474 3953 2609 4022 quod
2649 3963 2718 4006 est
2745 3951 2928 4016 festum
2952 3949 3164 4005 Paschte
3191 3966 3208 4004 :
3233 3968 3331 4003 non
3361 3951 3572 4004 misisset
3601 3949 3855 4018 Spiritum

2267 4053 2516 4108 sanctum,
2549 4044 2684 4112 quod
2706 4052 2776 4096 est
2798 4042 2980 4111 festum
3001 4041 3339 4095 Pentecostes.

2341 4134 2466 4188 Post
2504 4133 2742 4188 Natalem
2805 4148 2932 4201 ergo
2983 4133 3176 4186 Christi
3221 4133 3336 4186 dies
3378 4130 3716 4201 Epiphaniae,
3755 4145 3853 4186 seu

2269 4224 2734 4294 Theotibaniorum
2784 4223 2941 4292 (nam
2993 4234 3215 4290 utroque
3263 4224 3476 4276 nomine
3525 4221 3853 4290 appellatur)

2271 4334 2462 4387 magno
2508 4317 2649 4371 cultu
2695 4315 2956 4370 celebrari
3000 4315 3225 4368 solebat.
3258 4314 3350 4368 Illo
3394 4314 3479 4367 die
3523 4313 3852 4382 baptismatis

2268 4411 2463 4464 Christi
2495 4424 2705 4478 quoque
2734 4408 2924 4462 festum
2957 4407 3240 4476 agebatur,
3288 4415 3339 4459 et
3367 4405 3432 4460 ad
3475 4406 3847 4475 mysteriorum

2270 4503 2720 4572 participationem
2740 4499 3130 4554 advocabantur
3158 4498 3342 4554 ﬁdeles
3362 4511 3548 4551 omnes
3572 4495 3658 4567 (T.
3691 4497 3852 4549 unde-

2265 4595 2396 4647 cimo
2425 4595 2464 4663 ).
2497 4593 2570 4647 De
2601 4591 2871 4646 Paschatis
2903 4590 3036 4644 festo
3062 4589 3304 4660 quaedam
3335 4603 3493 4658 supra
3521 4587 3650 4642 dicit
3673 4587 3848 4657 Chry-

2267 4693 2534 4738 sostomus
2564 4699 2681 4752 qua:
2712 4681 3066 4750 explicatione
3094 4694 3229 4748 opus
3255 4678 3450 4732 habent
3471 4697 3483 4733 :
3503 4678 3557 4732 Si
3583 4677 3846 4742 Christus,

2265 4777 2453 4846 inquit,
2484 4777 2776 4831 secundum
2801 4790 3016 4829 carnem
3047 4782 3200 4827 natus
3225 4787 3330 4826 non
3350 4780 3512 4838 esset,
3537 4786 3640 4826 non
3664 4769 3852 4827 fuisset

2263 4873 2566 4933 crucifixus,
2596 4869 2736 4940 quod
2758 4877 2842 4922 est
2862 4865 3082 4921 Pascha.
3105 4865 3268 4932 Queis
3288 4863 3587 4932 signiﬁcare
3615 4861 3846 4925 videtur,

2263 4961 2532 5016 Christum
2587 4963 2638 5014 in
2688 4960 2775 5013 (lic
2828 4957 3100 5012 Pascbatis
3149 4955 3458 5009 cruciﬁxum
3513 4953 3694 5007 fuisse.
3748 4950 3848 5006 Ubi

2263 5054 2653 5109 observandum
2689 5051 2813 5105 illud
2846 5059 2928 5104 est
2953 5091 2966 5110 ,
2999 5048 3139 5118 quod
3171 5050 3222 5100 in
3250 5045 3478 5100 secunda
3503 5054 3650 5113 parte
3675 5043 3847 5098 celavi

2264 5148 2390 5199 tomi
2421 5146 2652 5198 diximus
2679 5145 2728 5195 in
2758 5142 2953 5195 Monito
2999 5139 3064 5192 ad
3106 5152 3407 5192 sermonem
3439 5135 3504 5190 de
3548 5135 3805 5190 Paschate
3825 5173 3846 5198 .

2263 5251 2418 5305 quem
2443 5235 2578 5290 inter
2597 5234 2773 5306 spuria
2793 5233 3082 5286 locavimus
3109 5229 3289 5300 (Tanto
3311 5238 3503 5291 octavo,
3518 5227 3569 5280 in
3595 5226 3843 5296 Spuriis).

2261 5328 2503 5396 Scriptor
2526 5328 2668 5382 enim
2701 5327 2789 5380 ille
2819 5326 3027 5379 videtur
3052 5324 3269 5376 omnino
3294 5322 3621 5389 distinguere
3645 5318 3846 5374 Pascha

2261 5435 2290 5472 a
2324 5419 2592 5472 Dominica
2619 5416 3066 5471 Resurrectionis.
3108 5413 3290 5482 Neque
3319 5411 3476 5464 modo
3503 5413 3556 5464 in
3583 5409 3801 5464 Oriente
3829 5449 3844 5472 ,

2261 5512 2352 5565 sed
2408 5510 2567 5563 etiam
2616 5511 2666 5562 in
2731 5507 3018 5562 Occidente
3086 5507 3240 5558 talem
3312 5504 3474 5574 fuisse
3543 5502 3845 5557 distinctio-

2263 5618 2382 5655 nem
2433 5601 2808 5670 compcrimus.
2837 5599 3123 5667 Gregorius
3173 5596 3316 5650 enim
3361 5593 3721 5657 Turonensis,
3751 5605 3844 5644 or-

2261 5693 2436 5745 dinem
2485 5708 2513 5745 a
2555 5692 2818 5760 Perpetuo
2856 5700 3194 5743 antccessore
3249 5701 3348 5741 suo
3395 5693 3649 5740 statutum
3700 5681 3843 5737 refe-

2264 5798 2407 5850 rens,
2451 5783 2913 5838 ilcsurreclionem
2967 5780 3175 5835 Domini
3233 5777 3381 5849 prius
3426 5791 3583 5848 quam
3640 5772 3842 5829 Pascha
