4194 6474
321 398 404 452 €59
1109 407 1273 476 QUAE
1315 407 1380 463 IN
1417 407 1757 465 OPERIBUS
1793 405 2280 464 CHRYSOSTOMI‘
2311 411 2838 472 UllSl-LllVANTUIl.
3558 415 3626 465 eo

329 518 660 574 oelelu‘alam
688 517 910 573 exhibet
935 517 1041 574 hoc
1069 527 1223 588 pacto
1246 518 1266 589 (
1281 518 1430 590 Creg.
1462 517 1656 573 Turon.
1686 538 1738 588 p.
1769 518 1928 585 551):

403 609 568 662 Sexto
603 609 862 664 Calendas
897 609 1094 680 Aprilis
1125 611 1507 665 Resurrectione
1540 610 1746 663 Domini
1775 611 1935 663 nostri

329 703 360 755 .l
369 721 452 757 esu
483 703 700 767 Christi,
733 703 802 754 ad
825 701 1104 757 Basilicam
1130 701 1318 756 Domni
1344 701 1580 756 Martini.

409 794 637 857 l'uscha,
669 796 723 847 in
757 795 1006 848 Ecclesia.

413 888 503 938 Die
528 885 862 939 Ascensionis
892 887 944 938 in
971 884 1195 938 Basilica
1221 883 1408 937 Domni
1438 883 1664 937 Martini.

416 979 506 1035 Ubi
545 987 707 1031 notat
751 977 1062 1032 lluinartius
1107 975 1558 1030 nosterzFestum
1604 973 1870 1028 Paschalis
1907 991 1939 1026 a

340 1075 466 1141 {esto
489 1069 905 1122 Resurrectionis
928 1067 1259 1138 distinguitur
1287 1067 1342 1120 in
1370 1066 1723 1119 vetustioribus
1747 1063 1941 1119 Kalen-

340 1162 514 1224 dariis,
534 1160 625 1212 ubi
648 1159 1056 1212 Resurrectionis
1073 1158 1256 1227 festum
1282 1157 1364 1210 die
1381 1157 1450 1210 27
1479 1156 1650 1209 Martii
1667 1155 1941 1218 recolitur;

343 1251 548 1303 Pascha
583 1259 776 1314 autem,
821 1257 876 1301 ut
912 1263 1084 1301 omnes
1114 1255 1335 1311 norunt,
1382 1263 1474 1316 pro
1523 1246 1763 1300 varietate
1807 1246 1944 1299 luna:

334 1357 536 1410 semper
581 1340 895 1393 celebratum
935 1341 988 1392 in
1032 1336 1264 1392 Ecclesia
1307 1337 1422 1410 fuit.
1471 1339 1553 1392 An
1599 1337 1724 1406 quid
1766 1337 1943 1392 simile

334 1442 587 1502 tempore
638 1431 1399 1501 Chrysostomiobservatum
1446 1430 1742 1483 Antiochiae
1789 1429 1945 1483 fuerit

337 1524 561 1576 \ideant
604 1522 825 1576 eruditi.
879 1521 1028 1575 Diem
1081 1535 1210 1574 vero
1263 1519 1494 1574 natalem
1543 1519 1741 1574 Christi
1792 1528 1945 1572 vocat

333 1631 503 1684 supra
554 1614 977 1685 Cbrysostomus
1023 1613 1341 1682 metropolin
1389 1613 1644 1667 festorum
1677 1631 1690 1667 :
1723 1614 1776 1667 in
1827 1613 1944 1667 loco

330 1707 506 1758 etiam
561 1719 727 1773 supra
777 1714 1075 1758 memorato
1124 1704 1480 1758 Pentecosten
1533 1719 1744 1774 quoque
1791 1712 1947 1758 vocat

333 1797 674 1865 metropolin
726 1795 988 1850 festorum
1021 1812 1034 1848 :
1066 1796 1161 1850 sed
1218 1796 1337 1850 talis
1393 1795 1678 1866 appellatio
1737 1795 1946 1864 utrique

329 1899 658 1958 conopetere
680 1896 878 1956 potest,
902 1889 1025 1958 quia
1051 1887 1171 1942 dies
1201 1888 1391 1942 natalis
1415 1897 1496 1943 est
1521 1887 1944 1952 fundamentum,

333 1983 671 2037 Pentecoste
700 1998 829 2036 vero
855 1983 1303 2052 complementum
1333 1982 1611 2037 festorum.

418 2076 498 2129 De
526 2075 771 2129 diaconis
818 2075 961 2144 loqui
1011 2073 1260 2138 videtur,
1311 2074 1523 2144 quando
1562 2075 1691 2130 dicit
1735 2074 1947 2129 illorum

329 2167 586 2220 ofﬁcium
613 2180 756 2230 esse,
786 2174 845 2219 ut
873 2166 1144 2235 improbos
1169 2174 1223 2220 et
1250 2166 1424 2234 palam
1452 2165 1711 2221 scelestos
1734 2174 1952 2221 arceant

335 2275 374 2313 a
409 2259 821 2329 participatione
863 2259 1108 2328 corporis
1151 2267 1217 2312 et.
1241 2259 1514 2330 Sanguinis
1545 2259 1742 2314 Christi
1770 2257 1952 2330 (Tomo

335 2353 612 2421 septimo).
644 2351 912 2420 Additque
959 2351 1080 2404 illos
1125 2352 1301 2405 tunica
1370 2351 1488 2406 alba
1536 2359 1592 2406 et
1641 2351 1953 2420 splendente

339 2444 579 2498 amictus
607 2443 662 2495 in
692 2442 922 2496 ecclesia
948 2443 1194 2497 circuire.
1226 2442 1430 2497 Caetera
1455 2458 1576 2512 qua:
1604 2443 1669 2496 ad
1698 2443 1953 2497 diaconos

321 2535 671 2603 spectabant
697 2549 820 2587 mox
847 2532 1178 2598 adferemus,
1213 2533 1301 2588 ubi
1331 2534 1398 2588 de
1423 2534 1682 2604 Liturgia.

422 2627 814 2681 Cateclnnneni
883 2626 974 2695 qui
1050 2625 1314 2696 Mysteriis
1372 2625 1955 2697 initiabantur(Tomo

339 2727 538 2783 nono),
559 2719 612 2770 in
641 2719 866 2787 mystica
896 2717 1203 2785 precatione
1236 2718 1349 2771 [nec
1373 2732 1544 2786 primo
1571 2717 1730 2772 verba
1776 2717 1956 2787 profe-

345 2813 546 2865 rebant
570 2829 582 2863 :
615 2810 683 2864 In
712 2826 810 2880 quo
831 2811 1111 2863 clamamus
1129 2850 1145 2875 ,
1183 2811 1323 2863 Abba
1357 2819 1500 2881 pater
1526 2807 1710 2880 (Tomo
1739 2808 1954 2879 octauo).

341 2904 489 2958 Cum
523 2903 872 2957 initiabuntur
890 2910 1093 2967 autem,
1121 2903 1238 2958 lucc
1267 2915 1420 2971 pacta
1445 2918 1564 2957 cum
1593 2902 1960 2957 sacerdotibus

345 2995 602 3048 inibant:
635 2994 848 3048 Satana:
872 3001 930 3047 et
955 2994 1157 3062 angelis
1191 2993 1306 3061 ejus
1333 2993 1799 3060 abrenuntiabaut,
1833 3008 1960 3062 pro-

348 3085 755 3152 mittebantun
779 3098 839 3137 se
876 3083 942 3136 ad
987 3083 1108 3137 illos
1148 3099 1438 3152 numquam
1467 3098 1588 3138 esse
1627 3082 1954 3138 deﬂexuros.

347 3179 704 3246 Quapropter
729 3176 980 3230 mulieres
1009 3183 1063 3230 et
1093 3176 1315 3244 parvuli,
1352 3160 1407 3229 ut
1432 3187 1617 3229 contra
1649 3176 1848 3231 diaboli
1880 3176 1960 3230 in-

349 3269 528 3322 sidias
560 3267 612 3321 in
641 3277 754 3320 tuto
777 3275 990 3329 essent,
1028 3266 1298 3335 evangelia
1327 3282 1356 3320 e
1381 3266 1521 3320 collo
1542 3267 1956 3337 suspendebant,

353 3367 524 3427 atque
555 3359 621 3411 ad
655 3357 911 3427 majorem
941 3357 1242 3413 custodiam
1270 3357 1466 3428 ubique
1491 3358 1961 3416 circumferebant.

351 3451 553 3522 (Tomo
580 3451 852 3521 secundo).

438 3547 650 3600 Recens
683 3549 820 3601 natis
849 3548 1029 3616 pueris
1068 3548 1131 3603 ad
1169 3548 1379 3603 libitum
1424 3558 1702 3620 parentum
1750 3547 1964 3604 nomina

358 3639 784 3708 imponebautur
815 3659 829 3694 :
881 3641 1096 3710 quidam
1127 3650 1432 3697 sanctorum
1455 3685 1471 3710 ,
1515 3642 1606 3697 alii
1645 3657 1866 3697 avorum
1911 3651 1966 3696 et

359 3746 696 3800 proavorum
740 3733 955 3785 nomina
986 3733 1275 3798 indebant,
1308 3735 1392 3788 vel
1436 3749 1622 3789 eorum
1650 3733 1740 3804 qui
1768 3747 1966 3804 genere

359 3823 495 3874 clari
548 3821 761 3876 fuerant
803 3821 1001 3895 (Tomo
1051 3820 1276 3894 quarto).
1329 3825 1528 3880 Verum
1577 3824 1820 3880 hortatur
1848 3826 1965 3878 An-

360 3915 653 3970 tiochenos
717 3915 1166 3987 Chrysostomus,
1217 3927 1270 3970 ut
1331 3924 1636 3972 sanctorum
1703 3917 1792 3987 qui
1854 3917 1965 3971 vir-

365 4009 578 4062 tutibus
625 4008 888 4064 fulserunt
927 4009 1052 4064 ﬁliis
1097 4009 1312 4064 nomina
1355 4010 1610 4064 tribuant.
1651 4009 1784 4066 Illud
1835 4025 1966 4066 vero

364 4101 570 4153 factum
615 4099 1040 4170 deprehenditur
1077 4101 1128 4155 in
1165 4101 1422 4155 Encomio
1461 4100 1517 4156 S.
1549 4101 1773 4166 Meletii,
1816 4111 1967 4156 ante-

363 4207 528 4259 quam
577 4190 679 4244 hoe
717 4192 998 4246 consilium
1049 4192 1266 4248 daretur
1306 4191 1508 4265 (Tomo
1536 4193 1795 4264 secundo).
1829 4192 1968 4246 Nam

362 4300 485 4335 cum
538 4284 694 4352 enm(
726 4282 1025 4356 Meletium)
1059 4301 1090 4337 a
1140 4285 1424 4354 principio,
1453 4283 1658 4353 inquit,
1695 4284 1748 4336 in
1799 4284 1971 4338 civita-

364 4389 469 4429 tem
527 4378 811 4446 ingressum
861 4378 1198 4446 accepissetis,
1240 4377 1580 4447 unusquisque
1621 4376 1786 4445 ﬁlium
1824 4392 1967 4429 suum

364 4469 484 4538 ejus
524 4469 730 4521 nomine
757 4470 1080 4540 appellabat,
1127 4487 1216 4540 per
1252 4471 1640 4542 appellationem
1679 4469 1970 4534 existimans

364 4560 497 4612 sein
519 4561 728 4612 domum
749 4578 892 4613 suant
911 4569 1138 4615 sanctum
1163 4563 1499 4619 introducere.
1524 4561 1784 4630 missisque
1806 4562 1970 4630 patri-

366 4654 484 4715 bus,
508 4654 618 4706 avis
639 4662 686 4706 et
712 4655 934 4722 proavis,
963 4666 1146 4709 matres
1169 4655 1300 4709 beati
1326 4655 1521 4710 Meletii
1545 4673 1724 4710 nomen
1747 4656 1973 4727 impone-

365 4745 490 4798 bant
522 4744 727 4809 liberis,
757 4762 881 4816 quos
907 4756 1224 4818 pepererant.

445 4837 564 4891 Mos
595 4846 714 4890 etat
745 4840 1061 4904 Antiochiae,
1088 4848 1144 4893 ut
1167 4840 1537 4894 adolescentes
1561 4839 1628 4893 ad
1649 4839 1970 4893 monasteria

369 4931 740 4992 mitterentur,
777 4941 832 4983 ut
861 4931 928 4984 ibi
958 4946 1052 5000 per
1080 4933 1344 5002 quoddam
1377 4942 1588 5002 tempus
1608 4935 1675 4988 ad
1703 4949 1878 4988 mores
1902 4935 1973 4987 in-

368 5020 692 5076 formandos
719 5023 978 5092 degerent
999 5023 1180 5094 (Tomo
1209 5025 1416 5095 primo).
1441 5027 1555 5093 Qua
1602 5026 1670 5081 de
1715 5043 1772 5081 re
1802 5027 1973 5098 Chry-

366 5123 690 5168 sostomus:
725 5113 865 5184 Ergo
890 5131 980 5167 nec
1009 5116 1142 5184 ﬁlios
1170 5129 1369 5170 nostros
1405 5134 1436 5169 a
1468 5119 1648 5172 deserti
1686 5135 1969 5173 commora-

369 5215 512 5259 tione
539 5215 660 5258 ante
685 5213 884 5280 tempus
919 5207 1262 5270 abducamus;
1288 5207 1378 5262 sed
1405 5209 1632 5262 sinamus
1678 5209 1974 5278 disciplinas

368 5300 534 5352 altius
564 5300 810 5368 imprimi,
837 5308 883 5352 et
911 5296 1114 5366 plantas
1129 5299 1386 5354 radicibus
1413 5301 1629 5368 ﬁrmari.
1653 5299 1870 5355 Etiamsi
1886 5301 1974 5354 de-

369 5408 502 5451 cent,
532 5391 734 5444 etiamsi
754 5391 928 5460 viginti
949 5407 1111 5444 annos
1127 5392 1179 5444 in
1199 5393 1503 5446 monasterio
1524 5394 1591 5447 ali
1621 5403 1882 5463 oporteat,
1913 5410 1977 5447 ne

373 5486 659 5546 turbentur,
682 5501 770 5537 nec
794 5501 1001 5538 mmrore
1017 5485 1296 5554 afﬁciantur
1309 5501 1327 5548 ,'
1353 5496 1538 5556 quanto
1560 5489 1692 5540 enim
1714 5487 1904 5542 diutius
1923 5488 1975 5541 in

371 5578 648 5648 gymnasio
669 5576 1044 5638 exercitabitur,
1077 5587 1216 5630 tanto
1244 5579 1460 5648 majores
1487 5580 1795 5647 adipiscetur
1826 5580 1971 5633 vires.

449 5667 621 5721 Erant
661 5667 758 5720 illo
803 5679 920 5719 ξιξνο
962 5665 1203 5735 virgines
1247 5665 1580 5721 Christianae
1614 5669 1818 5734 multae,
1857 5685 1979 5738 qum

373 5777 475 5832 per
525 5767 701 5813 totam
748 5758 914 5812 vitam
968 5774 999 5812 a
1044 5757 1248 5827 nuptiis
1299 5759 1656 5825 abstinerent,
1708 5777 1772 5815 ac
1811 5761 1979 5832 virgi-

371 5855 606 5910 nitatem
667 5857 984 5923 perpetuam
1037 5848 1443 5921 profiterentur.
1496 5850 1975 5924 Constantinopoli

2047 533 2177 572 vero
2209 518 2426 589 quidam
2463 521 2701 592 virgines
2741 522 3033 578 nonnullas
3079 538 3264 579 secum
3300 521 3630 580 inducebant

2045 611 2289 678 domum,
2322 617 2503 684 specie
2541 617 2783 686 quidem,
2831 626 2890 671 ut
2934 632 3034 672 ceu
3081 617 3280 672 fratres
3310 632 3434 672 cum
3471 633 3631 673 soro—

2045 705 2198 760 ribus
2230 714 2380 762 easte
2410 709 2679 776 viverent;
2723 711 2818 766 sed
2861 727 2926 766 es
2967 711 3061 765 tali
3105 712 3389 767 consortio
3425 722 3630 782 quanta

2043 813 2360 872 paterentur
2383 807 2541 872 mala,
2562 809 2700 864 haud
2728 809 2942 866 difficile
2967 823 3049 866 est
3069 813 3338 882 augurari.
3365 813 3471 868 llas
3501 828 3634 869 vero

2045 891 2276 962 virgines
2314 897 2748 964 subintroductas,
2789 902 2870 954 vel
2911 902 3072 957 simul
3118 902 3359 957 inductas
3401 903 3636 972 appella-

2047 983 2174 1036 bant
2203 984 2388 1052 (Tomo
2413 988 2626 1057 primo).
2657 991 2823 1044 Erant
2869 991 2994 1046 item
3029 993 3147 1047 alia:
3183 995 3410 1063 virgines
3445 993 3637 1061 opibus

2051 1073 2328 1143 pollentes,
2353 1094 2487 1148 quas
2513 1081 2768 1150 regulares
2793 1083 3072 1138 vocabant.
3095 1083 3188 1138 lla:
3208 1086 3371 1138 cultui
3393 1087 3638 1152 corporis

2047 1167 2334 1224 admodum
2375 1173 2694 1239 studebant,
2741 1185 2794 1229 et
2824 1176 2968 1230 viros
3009 1176 3330 1230 inducebant
3361 1186 3416 1230 ut
3455 1191 3637 1231 secum

2049 1259 2192 1314 domi
2239 1275 2534 1319 manerent.
2579 1267 2773 1320 Contra
2821 1277 2926 1321 tam
2972 1269 3238 1323 exitialem
3289 1279 3491 1338 pestem
3541 1285 3640 1339 pro

2049 1368 2200 1408 more
2234 1369 2332 1409 suo
2355 1357 2613 1412 declamat
2639 1358 3072 1422 Chrvsostomus.

2123 1447 2200 1501 De
2258 1448 2463 1502 funt-bri
2516 1445 2706 1516 luctu,
2763 1452 2935 1520 qualis
2990 1466 3090 1506 suo
3143 1461 3383 1520 tempore
3445 1452 3496 1505 in
3541 1467 3641 1507 usu

2048 1547 2165 1592 erat
2189 1577 2204 1604 ,
2235 1542 2348 1594 haec
2389 1541 2479 1595 ille
2532 1543 2694 1596 refert
2725 1542 2742 1613 (
2773 1541 2814 1595 Τ
2817 1559 2930 1596 omo
2979 1551 3120 1596 sexto
3195 1560 3210 1593 :
3242 1542 3353 1596 Nos
3400 1546 3484 1610 qui
3526 1544 3642 1610 jam

2050 1631 2142 1684 sub
2187 1632 2353 1701 gratia
2396 1649 2590 1697 sumus,
2634 1633 2728 1687 sub
2775 1643 2910 1686 certa
2965 1650 3056 1704 spe
3095 1633 3510 1696 resurrectionis,
3541 1632 3644 1702 qui-

2052 1721 2144 1774 bus
2195 1723 2359 1776 omnis
2416 1724 2620 1777 tristitia
2665 1724 3004 1790 interdicitur,
3050 1740 3150 1794 qua
3200 1729 3366 1794 fronte
3413 1736 3641 1778 mortuos

2052 1821 2251 1866 nostros
2291 1814 2556 1884 gentilium
2599 1831 2738 1868 more
2782 1815 3106 1886 plangimus,
3151 1815 3378 1868 ululatus
3441 1814 3648 1868 insanos

2053 1904 2350 1971 attollimus,
2379 1906 2532 1959 veluti
2556 1905 2660 1959 alio
2688 1922 2868 1976 genere
2909 1905 3228 1970 bacchantes,
3251 1907 3516 1960 conscissis
3559 1915 3645 1958 tu-

2053 1994 2182 2048 nicis
2225 2005 2431 2065 pectora
2470 1997 2740 2062 nudamus,
2788 1996 2938 2050 verba
2978 1995 3154 2050 inania
3191 2006 3238 2049 et
3273 1996 3467 2049 menius
3511 1996 3649 2048 circa

2053 2101 2238 2156 corpus
2265 2095 2310 2140 et
2333 2085 2583 2140 tumulum
2609 2087 2836 2156 defuncti
2859 2096 3122 2140 cantamus
3141 2087 3166 2139 Ρ
3193 2085 3461 2140 Postremo
3499 2087 3650 2139 etiam

2053 2193 2155 2244 qua
2175 2178 2374 2232 ratione
2397 2187 2552 2231 vestes
2595 2178 2767 2248 nigras
2809 2177 3082 2248 tinguimus
3125 2176 3264 2244 (sic),
3313 2176 3411 2229 nisi
3456 2186 3509 2228 ut
3558 2191 3651 2227 nos

2055 2288 2169 2325 vere
2187 2273 2417 2341 inﬁdeles
2438 2282 2486 2326 et
2508 2273 2737 2336 miseros,
2762 2289 2862 2326 non
2887 2279 3082 2325 tantum
3105 2269 3324 2340 ﬂetibus,
3369 2269 3459 2324 sed
3498 2269 3650 2322 etiam

2056 2365 2275 2418 vestibus
2309 2364 2692 2435 approbemus?
2731 2364 2898 2419 Nemo
2925 2373 3048 2418 tunc
3077 2364 3318 2432 sepulcra
3351 2363 3400 2416 in
3430 2362 3654 2416 urbibus

2058 2458 2423 2513 construebat.
2457 2457 2556 2524 Qui
2578 2473 2694 2511 mos
2721 2456 2790 2510 ab
2816 2456 3047 2526 antiquis
3071 2463 3316 2509 manarat
3346 2463 3451 2508 tam
3500 2452 3652 2507 ϐαυ-

2059 2550 2165 2614 cis,
2215 2565 2372 2618 quam
2426 2549 2681 2603 Romanis
2737 2547 2939 2618 (Tomo
2985 2545 3282 2617 septimo),
3327 2554 3386 2600 ut
3423 2545 3653 2598 vidimus

2062 2639 2114 2693 in
2161 2641 2489 2709 Antiquitatc
2539 2640 2818 2709 explanata
2864 2637 3036 2693 Tomo
3082 2636 3146 2690 ν.
3189 2635 3650 2704 Constantitmpoli

2063 2746 2190 2785 vero
2236 2730 2604 2800 imperatores,
2653 2731 2744 2801 qui
2793 2731 2844 2784 in
2892 2729 3117 2784 eCelesia
3145 2727 3240 2783 SS.
3278 2727 3655 2796 Apostolorum

2065 2823 2500 2890 tumulabautur,
2548 2837 2655 2877 non
2708 2836 2877 2892 prope
2917 2820 3226 2890 Apostolus,
3263 2818 3358 2873 sed
3416 2817 3545 2870 foris
3590 2817 3656 2870 ad

2063 2913 2176 2982 ipsa
2223 2913 2404 2967 limina
2449 2923 2766 2982 optaverunt
2811 2927 3033 2983 corpora
3075 2927 3169 2964 sua
3221 2909 3454 2979 sepeliri,
3501 2917 3659 2977 atque

2065 3007 2135 3059 ita
2167 3007 2335 3076 pergit
2363 3006 2799 3077 Chrysostomus,
2833 3005 3186 3075 Imperatores
3220 3005 3541 3074 piscatorum
3569 3015 3660 3055 os-

2067 3098 2203 3152 tiarii
2230 3099 2350 3152 lacti
2376 3109 2502 3151 sunt
2536 3096 2718 3169 (Tomo
2755 3095 2966 3166 primo).

2134 3189 2372 3256 Lilaniw,
2403 3197 2770 3243 memorantur
2794 3204 2824 3241 a
2870 3187 3255 3259 Chrysostomo
3294 3185 3346 3239 in
3378 3184 3659 3249 concione,

2067 3295 2224 3350 quam
2245 3280 2708 3349 Constantinopoli
2751 3279 2937 3334 habuit
2980 3279 3030 3332 in
3069 3278 3157 3332 die
3198 3276 3472 3332 Paschalis
3519 3290 3662 3328 anno

2067 3371 2193 3437 599,
2221 3372 2376 3441 cujus
2405 3372 2579 3426 locum
2619 3378 2788 3425 totum
2815 3371 2902 3423 hic
2925 3368 3252 3423 afferendum
3284 3377 3530 3436 putamus
3563 3364 3650 3432 (Τ.

2066 3464 2254 3533 sexto):
2284 3464 2412 3517 Ante
2453 3473 2552 3516 tres
2599 3463 2706 3515 dies
2729 3501 2745 3527 ,
2776 3461 3087 3529 irrumpente
3135 3457 3324 3528 pluvia,
3348 3467 3497 3526 atque
3547 3472 3661 3509 om-

2067 3556 2154 3609 nia
2175 3571 2343 3609 secum
2368 3554 2618 3617 trahente,
2641 3561 2688 3605 et
2715 3550 2777 3604 ab
2813 3567 2918 3614 ore,
2950 3559 3008 3603 ut
3052 3550 3124 3603 ita
3165 3549 3355 3614 dicam,
3404 3547 3662 3617 agricola-

2067 3663 2181 3700 rum
2211 3661 2436 3699 mensam
2458 3645 2704 3714 rapiente,
2736 3651 2959 3696 comatas
2991 3641 3159 3711 spicas
3193 3639 3479 3710 dejiciente,
3519 3646 3664 3692 crete-

2068 3752 2224 3805 raque
2243 3735 2413 3790 omnia
2438 3752 2530 3805 per
2569 3733 2790 3788 humida:
2835 3731 3062 3785 materia:
3109 3730 3310 3800 copiam
3353 3728 3663 3790 devastaate,

2070 3829 2262 3883 litania:
2305 3836 2351 3881 et
2397 3826 2792 3898 supplicationes
2833 3823 3009 3893 fuere,
3054 3831 3252 3891 totaque
3285 3820 3460 3873 civitas
3497 3828 3664 3871 nostra

2070 3920 2214 3987 quasi
2244 3929 2437 3972 torrens
2459 3917 2526 3970 ad
2548 3916 2660 3970 loca
2680 3913 3039 3986 Apostolorum
3075 3910 3326 3975 currebat,
3363 3908 3664 3964 advocatos-

2070 4028 2164 4082 que
2192 4009 2587 4081 implorabamus
2612 4015 2844 4061 sanctum
2866 4003 3075 4058 Petrum
3091 4013 3136 4056 et
3159 4002 3354 4055 beatum
3389 3998 3664 4062 Andream,

2069 4107 2188 4160 item
2210 4122 2304 4176 par
2329 4103 2462 4158 illud
2491 4100 2854 4172 apostolorum,
2883 4097 3105 4150 Paulum
3125 4105 3168 4148 et
3198 4092 3533 4147 Timotheum.
3571 4088 3667 4143 llic

2073 4199 2272 4252 litanias
2299 4196 2697 4266 processionem
2726 4206 2848 4246 cum
2883 4198 3044 4248 cantu
3089 4185 3230 4240 haud
3270 4183 3429 4237 dubie
3468 4180 3668 4250 signiti-

2072 4299 2217 4356 cant,
2249 4304 2350 4359 qua
2384 4285 2610 4356 populus
2643 4283 3032 4354 Chrysostomo
3076 4285 3291 4346 pastore
3328 4283 3382 4328 et
3420 4272 3555 4325 duce
3599 4270 3667 4326 ad

2075 4379 2328 4436 ecclesias
2349 4376 2666 4449 properabat
2690 4391 2702 4427 :
2733 4386 2850 4442 qua:
2879 4368 3089 4433 litanite,
3113 4366 3217 4420 lita:
3240 4365 3400 4418 etiam
3427 4360 3548 4414 alibi
3576 4375 3668 4414 vo-

2074 4483 2281 4527 CﬂﬂlUI‘.

2148 4560 2385 4616 Lectoris
2405 4571 2534 4613 vero
2557 4555 2790 4610 ofﬁcium
2813 4550 2891 4606 sic
2915 4549 3007 4604 ille
3037 4544 3294 4602 describit
3339 4543 3389 4596 in
3437 4540 3668 4595 llomilia

2076 4664 2261 4709 octava
2291 4655 2342 4706 in
2371 4651 2541 4720 Epist.
2585 4647 2651 4702 ad
2697 4645 2953 4700 Hebrmos
2989 4633 3449 4704 Constantinopoli
3489 4632 3669 4686 habita

2077 4746 2262 4816 (Tomo
2287 4739 2608 4809 duodecimo)
2633 4757 2646 4793 :
2678 4735 2827 4807 Atqui
2852 4732 3066 4805 singulis
3093 4726 3420 4783 hebdomadis
3449 4725 3556 4778 lucc
3584 4738 3655 4776 tto-

2079 4839 2152 4892 bis
2177 4837 2253 4891 vel
2271 4846 2345 4888 ter
2379 4835 2616 4903 leguntur
2659 4845 2678 4884 .'
2720 4839 2770 4882 et
2813 4843 2929 4881 cum
2978 4823 3152 4887 lector,
3197 4818 3501 4882 ascenderit,
3548 4816 3672 4868 dicit

2080 4930 2298 4998 primum
2324 4927 2470 4994 cujus
2490 4923 2555 4977 sit
2579 4923 2724 4987 liber,
2741 4933 2918 4988 nempe
2946 4917 3100 4984 hujus
3127 4911 3202 4965 vel
3228 4911 3367 4963 illius
3389 4907 3667 4998 prOphetae,

2078 4997 2164 5073 aut
2193 5016 2431 5088 apostoli,
2453 5023 2539 5069 aut
2562 5011 2880 5082 evangelista:
2903 5023 2921 5061 :
2949 5015 3069 5058 tunc
3099 5003 3190 5056 illa
3215 5001 3357 5064 dicit,
3381 5008 3434 5052 ut
3456 5015 3513 5051 ea
3533 4997 3672 5049 vobis

2079 5111 2300 5166 clariora
2326 5109 2444 5174 sint,
2480 5117 2529 5163 et
2559 5122 2661 5159 non
2683 5103 2848 5158 solum
2885 5099 3054 5156 sciatis
3092 5111 3205 5168 qua:
3241 5094 3348 5147 illic
3389 5091 3486 5145 sita
3528 5098 3670 5154 sunt,

2080 5205 2170 5259 sed
2197 5211 2242 5256 et
2273 5217 2477 5255 causam
2505 5212 2681 5252 eorum
2709 5210 2821 5264 qua:
2849 5191 3038 5262 scripta
3077 5196 3214 5253 sunt,
3244 5194 3292 5240 et
3338 5184 3569 5254 quisnam
3612 5195 3672 5234 ea

2081 5297 2280 5351 dixerit.

2751 5419 3004 5490 Liturgia.

2156 5564 2442 5631 Liturgiam
2497 5559 2710 5613 nomine
2762 5551 3131 5622 Chrysostomi
3187 5548 3433 5604 dedimus
3474 5546 3526 5600 in
3570 5543 3675 5600 line

2083 5655 2380 5713 duodecitni
2410 5653 2558 5718 torni,
2583 5649 2753 5721 qualis
2774 5647 2862 5702 diu
2896 5654 3011 5716 post
3031 5639 3398 5712 Chrysostomi
3426 5651 3596 5692 :evnm
3622 5638 3672 5688 in

2085 5771 2180 5808 usu
2207 5753 2334 5816 fuit;
2364 5751 2412 5803 in
2436 5763 2559 5820 qua,
2589 5754 2645 5800 ut
2674 5741 2881 5797 notavit
2908 5738 3158 5802 Savilius,
3192 5734 3358 5788 multa
3411 5729 3674 5784 habentur

2083 5864 2202 5924 qua:
2230 5844 2394 5901 intimi
2442 5841 2538 5900 arvi
2567 5852 2746 5897 notam
2776 5852 2884 5910 pra:
2911 5849 2972 5891 se
3002 5834 3172 5888 ferunt
3197 5846 3212 5883 :
3237 5841 3355 5899 qua:
3379 5825 3511 5882 nihil
3534 5835 3672 5895 pene
