4194 6476
621 396 698 453 "(ii
1944 390 2266 452 SYNOI‘SIS
2299 389 2540 453 EORUM
3811 383 3881 444 62

633 520 795 576 refert
832 535 1017 575 eorum
1042 561 1054 583 ,
1083 535 1201 590 qua:
1244 521 1400 574 variis
1427 521 1478 573 in
1528 521 1658 574 locis
1697 519 2109 590 Chrysostomus
2146 516 2212 572 de

631 612 716 666 Sui
751 612 1005 679 temporis
1027 611 1258 680 Liturgia
1291 619 1694 665 commemorat.
1723 610 2054 679 Quapropter
2091 623 2122 661 e
2153 621 2214 661 re

633 702 743 756 fore
766 702 932 754 visum
957 710 1059 766 est,
1082 702 1126 755 si
1154 715 1216 754 ea
1258 701 1344 756 hic
1364 715 1761 761 recenseamus,
1795 716 1910 769 quae
1938 699 2132 768 passim
2157 697 2212 750 in

629 791 746 860 ejus
771 791 1018 860 operibus
1047 791 1116 846 de
1144 791 1374 862 Liturgia
1402 799 1708 847 occurrunt.
1724 791 1792 846 Et
1808 790 2019 860 quidem
2039 790 2209 858 ipsum

630 879 878 951 Liturgia:
903 883 1144 936 ordinem
1173 882 1227 937 in
1266 882 1366 937 hac
1400 883 1713 938 recensione
1757 896 1974 936 servare
2017 895 2211 950 perop-

631 980 860 1036 tassem;
887 988 1071 1026 verum
1123 972 1173 1026 id
1219 973 1504 1027 admodum
1548 972 1764 1027 difﬁcile
1797 981 1900 1038 est,
1941 971 2049 1025 imo
2098 968 2211 1022 ﬁeri

627 1063 846 1116 omnino
873 1062 1054 1131 nequit
1081 1079 1092 1114 :
1119 1062 1232 1116 loca
1273 1063 1416 1116 enim
1454 1063 1542 1116 illa
1587 1061 1834 1130 Liturgire
1866 1061 1935 1113 ita
1963 1067 2210 1126 excerpta

628 1165 772 1220 saepe
799 1151 1154 1215 adducuntur,
1185 1159 1242 1206 ut
1269 1152 1477 1206 nescias
1511 1149 1578 1206 ad
1615 1167 1772 1221 quam
1793 1149 2052 1219 .Litnrgize
2088 1163 2210 1217 par-

629 1253 734 1298 tem
751 1243 1080 1311 pertineant.

698 1332 931 1402 Liturgia
959 1348 1107 1397 vero,
1131 1347 1290 1401 quam
1339 1330 1541 1387 Pascha
1580 1339 1736 1385 vocat
1777 1329 2207 1398 Chrysostomus,

627 1429 708 1473 tcr
730 1429 782 1474 et
803 1420 1088 1489 aliquando
1113 1429 1302 1490 quater
1351 1421 1404 1474 in
1448 1420 1780 1476 hebdomade
1821 1417 2208 1473 celebrabatur.

629 1511 754 1580 Ejus
802 1513 961 1566 verba
1005 1513 1203 1567 referre
1245 1529 1327 1569 .ne
1376 1511 1779 1583 pigeat(Tomo
1831 1512 1992 1580 primo
2019 1510 2062 1580 ).
2090 1507 2212 1562 Non

623 1603 780 1666 enim,
810 1604 999 1672 inquit,
1029 1604 1160 1657 idem
1181 1612 1300 1657 sunt
1333 1603 1533 1657 Pascha
1558 1613 1603 1658 et
1648 1603 2048 1671 Quadragesima
2066 1617 2084 1664 ;
2125 1600 2213 1654 sed

626 1693 768 1746 aliud
795 1693 1016 1758 Pascha,
1045 1693 1187 1746 aliud
1232 1694 1633 1764 Quadragesima
1656 1711 1674 1758 ;
1701 1694 1948 1762 siquidem
1981 1691 2214 1756 Quadra-

627 1784 815 1850 gesima
840 1785 990 1836 semel
1015 1785 1066 1835 in
1090 1800 1224 1836 anno
1245 1786 1320 1852 fit,
1344 1785 1543 1838 Pascha
1565 1802 1677 1838 vero
1704 1797 1777 1836 ter
1793 1785 1854 1837 .in
1878 1781 2208 1846 Itebdomada,

627 1887 1002 1942 nonnumquam
1051 1876 1199 1926 etiam
1243 1883 1442 1944 quater,
1490 1875 1563 1928 vel
1611 1876 1775 1944 potius
1811 1873 2213 1942 quotiescumque

627 1961 876 2014 uolumus.
927 1961 1018 2014 Est
1069 1964 1200 2015 enim
1245 1963 1451 2016 Pascha
1493 1980 1594 2022 non
1639 1963 1915 2034 jejunium,
1955 1963 2041 2023 sed
2073 1961 2214 2015 obla-

627 2050 696 2103 tio
720 2061 765 2103 et
795 2053 1121 2120 sacri/icium,
1153 2053 1288 2121 quod
1314 2055 1365 2106 in
1399 2053 1613 2123 singulis
1641 2054 1698 2121 ﬁt
1723 2052 1961 2106 collectis.

700 2141 943 2211 Mysteria
976 2143 1152 2210 januis
1197 2145 1390 2198 clausis
1434 2143 1860 2208 celebrabantur,
1900 2152 1956 2198 et
1987 2159 2090 2197 non
2127 2144 2210 2204 in-

629 2230 762 2285 itiati
817 2232 1164 2301 abigebautur
1193 2233 1377 2301 (Tomo
1420 2234 1680 2303 septimo);
1727 2235 2033 2289 nesciebant
2059 2234 2211 2288 enim

629 2321 876 2378 virtutem
920 2324 1100 2378 calicis
1147 2323 1349 2393 (Tomo
1400 2326 1684 2396 secundo).
1733 2326 1995 2380 Sacerdos
2035 2334 2212 2380 autem

627 2429 829 2466 manum
856 2413 1034 2467 tollens
1057 2415 1107 2468 in
1133 2417 1312 2481 altum,
1328 2417 1486 2471 altius
1506 2428 1552 2470 et
1575 2418 1684 2486 ipse
1710 2425 1870 2480 stans,
1891 2418 1942 2470 in
1960 2419 2213 2474 tremendo

628 2504 716 2557 illo
742 2506 940 2560 silentio
971 2508 1272 2576 vociferans,
1301 2509 1428 2562 alios
1452 2509 1653 2578 quidem
1682 2509 1906 2574 vocabat,
1929 2509 2056 2563 alios
2097 2527 2212 2564 vero

624 2595 823 2647 arcebat
855 2611 873 2647 :
900 2613 997 2647 non
1026 2596 1120 2649 hoc
1159 2613 1312 2649 manu
1350 2598 1560 2665 faciens,
1595 2599 1684 2652 sed
1722 2599 1894 2668 lingua
1935 2600 2124 2654 clarius
2168 2611 2216 2654 et

627 2688 848 2754 apertius
872 2704 1022 2753 quam
1048 2705 1220 2742 manu.
1257 2688 1393 2742 Nam
1413 2705 1509 2743 vos:
1529 2690 1618 2743 illa
1644 2691 1694 2744 in
1723 2702 1916 2744 nostras
1954 2707 2100 2744 aures
2135 2692 2214 2743 in-

627 2795 854 2845 currens,
883 2789 1142 2850 tamquam
1173 2797 1351 2836 manus
1377 2782 1508 2834 alios
1528 2783 1736 2852 quidem.
1747 2785 1950 2852 expellit
1983 2793 2030 2836 et
2053 2783 2209 2852 ejicit,

627 2871 756 2924 alios
797 2881 965 2924 autem
1003 2872 1276 2926 introducit
1319 2883 1366 2927 et
1409 2875 1538 2927 sistit
1588 2875 1606 2943 (
1636 2872 1791 2926 Tomo
1820 2875 2176 2945 duodecimo).

700 2965 829 3030 Quce
857 2963 925 3017 de
945 2963 1178 3033 Liturgia
1208 2965 1259 3018 in
1285 2974 1670 3034 tantaeperum
1697 2967 1846 3037 sylva
1873 2966 1994 3022 hinc
2016 2977 2069 3022 et
2089 2967 2213 3024 inde

629 3052 793 3107 refert
815 3052 1250 3126 Chrysostomus,
1285 3057 1392 3120 vix,
1425 3072 1487 3110 ac
1513 3073 1579 3111 ne
1609 3058 1694 3111 vix
1724 3057 1960 3127 quidem,
2007 3068 2062 3111 ut
2103 3058 2210 3126 jam

627 3143 877 3210 dixi,suo
914 3146 1099 3200 ordine
1129 3161 1408 3202 recensere
1450 3162 1750 3218 possumus.
1787 3148 1860 3203 De
1909 3147 2213 3216 hujusmodi

627 3233 816 3289 ordine
841 3234 1110 3305 quidpiam
1141 3251 1562 3293 commemorare
1592 3240 1798 3294 videtur
1824 3238 2037 3292 homiiia
2064 3239 2210 3295 deei-

627 3339 713 3379 ma
761 3335 947 3381 octava
990 3327 1040 3380 in
1087 3327 1254 3397 Epist.
1301 3331 1532 3384 secunda
1568 3329 1636 3383 ad
1684 3328 1990 3384 Corinthios
2017 3329 2213 3399 (Tomo
2261 3360 2269 3369 -

625 3415 842 3486 decimo)
878 3414 1187 3484 :.0mm'bus,
1207 3417 1376 3488 inquit
1399 3463 1414 3486 ,
1441 3437 1602 3474 unum
1644 3435 1844 3488 corpus,
1865 3435 2022 3473 unum
2068 3436 2216 3491 pocu-

627 3505 733 3558 lum
756 3507 1080 3575 prOponimus
1111 3524 1129 3562 :
1154 3508 1207 3561 in
1235 3509 1603 3578 precationibus
1629 3526 1825 3581 quoque
1847 3512 2094 3581 populum
2123 3513 2215 3566 ιοί-

573 3627 578 3632 ·
627 3597 756 3651 detis
777 3599 992 3653 multum
1021 3601 1267 3670 conferre.
1294 3601 1494 3656 Etenim
1527 3620 1618 3673 pro
1655 3606 2020 3676 energumenis,
2045 3618 2094 3660 et
2111 3611 2212 3677 Spro

627 3687 689 3740 iis
707 3690 792 3757 qui
822 3689 872 3741 in
896 3692 1187 3757 paenitentia
1212 3703 1346 3756 sunt,
1375 3711 1660 3747 communes
1680 3705 1729 3747 et
1749 3712 1778 3746 a
1799 3695 2056 3749 sacerdote
2079 3708 2125 3750 et
2151 3697 2214 3750 ab

626 3778 750 3846 ipsis
773 3797 940 3848 preces
963 3783 1087 3850 ﬁunt
1110 3798 1130 3836 :
1158 3795 1307 3850 atque
1335 3803 1504 3840 omnes
1539 3803 1691 3838 unam
1729 3789 2052 3858 eamdemque
2095 3807 2212 3861 pre-

627 3885 734 3922 cem
775 3874 1025 3939 emittunt,
1068 3891 1286 3944 precem,
1338 3879 1564 3948 inquam.
1607 3881 1950 3934 misericordia
1990 3883 2208 3952 plenam.

632 3958 826 4014 Rursus
845 3977 958 4014 cum
983 3979 1085 4029 eos,
1109 3966 1195 4036 qui
1221 3978 1555 4021 sacrosanctae
1591 3985 1777 4023 mensae
1801 3971 2072 4040 participes
2107 3989 2214 4030 esse

628 4061 898 4120 nequeunt,
927 4071 959 4107 a
983 4058 1138 4111 sacris
1180 4059 1334 4126 septis
1373 4075 1626 4127 arcemus,
1671 4062 1893 4120 ineunda
1932 4072 2004 4116 est
2053 4065 2214 4119 altera

627 4142 810 4208 oratio,
839 4145 892 4198 in
913 4159 1014 4213 qua
1038 4161 1211 4201 omnes
1227 4147 1369 4202 humi
1381 4149 1640 4216 iacemus,
1659 4167 1828 4204 omnes
1845 4167 1989 4221 atque
2001 4169 2214 4207 consur-

627 4235 811 4304 gimus.
838 4237 920 4292 Ad
945 4240 1072 4308 haec,
1101 4259 1217 4296 cum
1239 4259 1341 4312 pax
1362 4244 1540 4304 danda
1573 4246 1886 4315 vicissimque
1922 4247 2214 4316 accipienda

628 4337 722 4394 est,
748 4344 920 4383 omnes
941 4341 1113 4386 mutuo
1144 4350 1241 4387 .nos
1274 4337 1644 4391 exosculamur.
1689 4335 1812 4389 Jam
1856 4338 1908 4394 in
1947 4337 2214 4390 tremendis

629 4434 820 4489 quoque
846 4425 1114 4491 mysteriis,
1134 4434 1187 4477 ut
1211 4426 1446 4480 sacerdos
1471 4444 1562 4496 pro
1584 4427 1743 4495 plebe,
1759 4427 1827 4480 ita
1850 4427 1986 4497 plebs
2013 4444 2103 4495 pro
2125 4444 2214 4480 sa-

628 4510 828 4564 cerdote
851 4523 963 4564 rota
977 4513 1117 4581 facit.
1143 4513 1266 4567 "ccc
1291 4517 1422 4568 enim
1450 4515 1596 4568 verba
1622 4531 1641 4568 :
1671 4515 1736 4568 Et
1760 4533 1873 4568 cum
1901 4517 2082 4584 spiritu
2105 4527 2210 4581 tuo,

631 4599 758 4654 nihil
776 4602 920 4654 aliud
937 4620 1088 4669 quam
1105 4606 1199 4657 hoc
1223 4606 1531 4676 signiﬁcant.
1567 4605 1762 4658 Rursus
1800 4621 1858 4657 ea
1897 4606 2077 4670 oratio,
2114 4623 2214 4676 qua

633 4689 738 4744 Deo
765 4695 945 4762 gratia:
962 4705 1202 4764 aguntur,
1221 4696 1498 4749 communis
1525 4703 1615 4747 est.
1649 4693 1826 4763 Neque
1839 4695 1975 4750 enim
1995 4696 2102 4763 ipse
2126 4714 2212 4749 so-

630 4782 706 4836 lus
735 4785 929 4852 gratias
966 4787 1088 4855 agit,
1119 4786 1206 4838 sed
1251 4787 1401 4840 etiam
1445 4786 1582 4855 plebs
1623 4787 1874 4838 universa.
1927 4786 2063 4838 Nam
2100 4803 2213 4840 cum

631 4874 770 4938 prius
785 4874 988 4927 illorum
1003 4892 1170 4928 vocem
1182 4892 1291 4928 sum
1297 4876 1570 4944 psit,atque
1582 4873 1660 4927 illi
1674 4885 1989 4933 assenserunt
2001 4877 2052 4928 id
2065 4877 2213 4947 digne

627 4975 672 5015 ct
687 4965 830 5033 juste
846 4966 978 5032 ﬁeri,
999 4976 1102 5018 tum
1121 4966 1321 5018 demum
1342 4967 1621 5036 gratiarum
1637 4967 1882 5019 actionem
1897 4968 2209 5035 auspicatur.

703 5057 776 5108 De
803 5056 1080 5110 sacerdote
1102 5057 1354 5125 mysteria
1377 5057 1679 5111 celebrante
1705 5057 1818 5112 haec
1836 5057 1968 5112 dicit
1995 5059 2212 5115 homilia

567 5166 570 5170 η
632 5149 786 5200 tertia
819 5148 870 5201 in
917 5147 1083 5217 Epist.
1135 5147 1201 5200 ad
1247 5145 1592 5202 Colossenses
1629 5147 1831 5218 (Tomo
1859 5150 2124 5203 undecimo
2153 5153 2207 5220 )z

631 5233 1258 5303 cCumingressusf‘uerit
1305 5238 1347 5290 is
1375 5239 1463 5306 qui
1509 5247 1700 5306 prmcsl
1728 5239 1999 5306 Ecclesiae,
2033 5243 2208 5295 statim

630 5325 793 5390 dicit,
827 5324 943 5378 Pax
966 5325 1232 5389 omnibus;
1259 5328 1466 5396 quando
1495 5329 1858 5396 concionatur,
1895 5328 2008 5383 Pax
2050 5333 2210 5384 omni-

630 5413 754 5477 bus,
786 5414 998 5484 quando
1044 5415 1328 5478 benedicit.
1361 5417 1478 5473 Pax
1527 5421 1786 5483 cautibus;
1813 5423 2023 5490 quando
2062 5423 2212 5490 jubet

632 5504 892 5569 salutare,
945 5504 1061 5559 Pax
1122 5509 1386 5574 omnibus;
1433 5511 1646 5580 quando
1721 5524 1989 5580 peractum
2051 5513 2212 5568 fuerit

632 5597 950 5652 sacriﬁcium
971 5643 985 5665 ,
1023 5601 1136 5656 Pas:
1157 5606 1403 5659 omnibus.
1436 5607 1502 5661 Et
1522 5622 1707 5662 rursus
1735 5610 1784 5661 in
1810 5611 2005 5675 medio,
2036 5608 2210 5661 Gratia

638 5687 769 5739 vobis
790 5699 835 5742 et
860 5706 977 5757 pax.
1002 5713 1018 5745 ι

710 5781 901 5838 Verum
936 5785 1045 5840 haec
1077 5803 1236 5856 pauca
1267 5791 1420 5846 nobis
1464 5791 1796 5849 subindicant
1827 5793 1894 5848 de
1921 5793 2211 5848 sacerdotis

2319 517 2370 568 in
2397 515 2626 584 Liturgia
2661 514 2815 568 dictis
2843 521 2897 569 et
2922 513 3104 584 gestis,
3133 512 3306 579 deque
3329 524 3512 565 eorum
3547 511 3684 564 inter
3711 521 3772 562 se
3798 522 3889 561 or-

2316 609 2459 664 dine.
2493 609 2564 662 De
2586 608 2833 676 Liturgize
2855 616 3001 662 certe
3027 605 3196 668 initio,
3228 605 3399 672 deque
3420 600 3666 671 precibus
3679 609 3735 655 et
3753 600 3890 663 aliis,

2317 716 2436 771 qua:
2471 699 2796 764 Praefationi,
2823 707 2882 752 ut
2910 712 3180 759 vocamus,
3222 693 3576 765 prremittebat
3621 689 3890 755 sacerdos,

2315 793 2444 848 nihil
2493 792 2649 846 habet
2688 791 3122 860 Chrysostomus.
3177 786 3510 843 Prtefationis
3556 794 3731 841 autem
3781 784 3892 838 ha-c

2316 883 2475 938 verba
2518 882 2683 936 refert
2713 898 2728 938 :
2773 881 3036 935 Sacerdos
3074 879 3325 934 dicebat:
3369 877 3586 933 Sursum
3625 875 3894 930 habeamus

2314 983 2531 1027 mentem
2545 981 2591 1027 et
2612 972 2766 1026 corda
2783 971 2966 1042 (Tomo
2983 968 3627 1038 secundo).Respondebat
3647 966 3889 1036 populus,

2319 1062 2574 1118 Habemus
2597 1063 2664 1116 ad
2685 1062 2976 1116 Dominum.
3005 1061 3073 1117 Ut
3119 1076 3246 1116 vero
3287 1059 3538 1129 liquidum
3574 1057 3783 1112 videtur
3826 1072 3894 1111 ex

2317 1153 2754 1224 praecedentibus,
2777 1153 3027 1223 pergebat
3052 1152 3323 1218 sacerdos,
3347 1151 3548 1205 Gratias
3560 1165 3771 1220 agamus
3790 1147 3891 1201 θοι

2313 1246 2450 1298 mino
2475 1243 2580 1298 Deo
2605 1255 2776 1297 nostra
2794 1259 2813 1296 :
2844 1245 3066 1313 populus
3092 1256 3238 1308 vero,
3272 1241 3487 1312 Dignum
3515 1249 3562 1294 et
3579 1242 3777 1310 justum
3797 1249 3883 1292 est.

2315 1334 2374 1388 ld
2395 1349 2521 1388 vero
2547 1335 2810 1403 signiﬁcat
2831 1335 2940 1399 ille,
2963 1349 3084 1389 cum
3105 1333 3232 1388 dicit
3257 1347 3416 1402 supra
3447 1348 3460 1384 :
3494 1331 3654 1401 Atque
3689 1329 3766 1384 illi
3803 1345 3895 1383 as-

2314 1436 2572 1478 senserunt
2597 1426 2650 1478 id
2672 1426 2821 1496 digne
2839 1434 2885 1478 et
2898 1425 3038 1494 juste
3064 1425 3192 1491 ﬁeri.
3224 1423 3402 1492 Pergit
3443 1421 3532 1476 ille
3575 1438 3588 1474 :
3635 1419 3762 1474 Tum
3797 1421 3893 1472 de-

2315 1533 2452 1570 mum
2475 1518 2754 1586 gratiarum
2783 1517 3030 1571 actionem
3062 1517 3374 1585 auspicatur.
3406 1513 3774 1568 Praefationem
3811 1512 3896 1565 ni-

2316 1609 2506 1662 mirum
2535 1609 2835 1678 proferebat
2863 1609 3115 1663 sacerdos
3143 1616 3340 1662 nostrte
3373 1621 3475 1661 non
3503 1605 3816 1660 absimilem.

2387 1699 2440 1754 In
2472 1701 2738 1754 oblatione
2767 1716 2892 1754 vero
2932 1700 3140 1754 dicebat
3169 1700 3417 1755 sacerdos
3443 1715 3456 1752 :
3490 1697 3610 1752 Sive
3643 1697 3892 1760 volentes,

2315 1791 2419 1844 sive
2452 1792 2595 1844 inviti
2649 1793 2986 1858 peccavimus,
3039 1792 3268 1844 condono
3305 1789 3488 1861 (Tomo
3517 1787 3888 1858 duodecimo):

2315 1882 2466 1950 queis
2500 1883 2688 1936 similia
2720 1883 2980 1936 habentur
3008 1884 3058 1935 in
3092 1882 3324 1951 Liturgia
3366 1881 3486 1945 illa,
3528 1879 3895 1951 Chrysostomi

2315 1974 2530 2029 nomine
2594 1990 2623 2028 a
2679 1974 2830 2028 nobis
2895 1975 3154 2044 publicata
3211 1974 3366 2028 Tom.
3416 1973 3500 2026 l2.
3543 1972 3892 2038 Quandonam

2317 2072 2493 2117 autem
2536 2063 2650 2117 haec
2689 2064 2848 2118 verba
2892 2062 3126 2129 diceret,
3161 2062 3376 2116 Oremus
3411 2078 3585 2115 omnes
3620 2062 3896 2115 communi-

2317 2162 2410 2219 ter,
2463 2168 2567 2206 non
2617 2153 2877 2208 indicatur
2920 2170 2950 2209 a
2997 2153 3378 2224 Chrysostomo
3419 2152 3511 2221 qui
3550 2152 3637 2205 illa
3692 2149 3895 2219 profert

2317 2241 2502 2313 (Tomo
2526 2245 2834 2315 undecimo).

2388 2335 2643 2405 Martyres
2668 2337 2824 2388 etiam
2853 2336 2902 2388 in
2933 2334 3163 2404 Liturgia
3189 2334 3641 2388 memorabantur.
3669 2332 3892 2387 Nomina

2314 2438 2528 2493 quoque
2553 2435 2894 2492 patronorum
2917 2436 2970 2478 et
2992 2423 3384 2479 benefactorum
3416 2439 3626 2492 semper
3647 2423 3697 2477 in
3727 2425 3896 2478 sacris

2316 2512 2672 2567 oblationibus
2700 2514 3119 2582 proferebantur,
3148 2514 3341 2568 additis
3361 2514 3606 2582 precibus
3635 2528 3730 2583 pro
3754 2514 3897 2567 villis

2316 2618 2501 2659 eorum
2555 2612 2609 2657 et
2662 2603 2874 2674 praediis
2923 2604 3103 2675 (Tomo
3149 2605 3330 2674 nono).
3352 2604 3675 2657 Morinorum
3732 2604 3896 2658 etiam

2317 2695 2572 2748 memoria
2615 2695 2870 2750 celebrari
2899 2695 3103 2750 solebat
3140 2696 3192 2748 in
3217 2695 3513 2749 venerandis
3553 2704 3701 2765 atque
3727 2695 3896 2749 horri-

2316 2789 2426 2857 ﬁcis
2452 2789 2699 2859 mysteriis
2727 2789 2906 2857 (Tomo
2933 2787 3244 2860 undecimo).

2391 2881 2514 2936 llaec
2550 2881 2620 2936 de
2663 2883 2939 2937 sacerdote
2967 2897 3115 2938 sacra
3160 2889 3440 2952 peragente
3465 2898 3478 2935 :
3508 2896 3606 2935 nec
3647 2880 3897 2950 pauciora

2317 2973 2384 3028 de
2404 2975 2626 3029 diacono
2653 2973 2834 3039 refert,
2866 2976 2952 3044 qui
2983 2973 3176 3028 divinis
3203 2973 3468 3043 mysteriis
3499 2973 3773 3035 intererat,
3796 2985 3900 3025 saec

2316 3080 2489 3136 peque
2517 3067 2619 3120 alta
2655 3081 2786 3122 voce
2812 3067 3008 3136 populo
3037 3067 3232 3120 monita
3260 3065 3448 3130 dabat,
3480 3079 3600 3134 quae
3638 3063 3750 3130 illo,
3790 3078 3900 3133 quo

2317 3157 2646 3223 dicebantur,
2691 3158 2880 3212 ordine
2923 3172 3204 3212 recensere
3248 3158 3300 3211 in
3345 3165 3597 3227 promptu
3640 3171 3744 3209 non
3791 3165 3895 3210 est.

2311 3247 2593 3303 Clamabat
2617 3260 2792 3303 autem
2815 3291 2830 3315 ,
2864 3248 3030 3302 Erecti
3059 3260 3244 3302 stemus
3276 3249 3426 3318 probe
3455 3245 3640 3317 (Tomo
3666 3247 3852 3316 primo)
3880 3264 3892 3298 :

2317 3341 2508 3412 quibus
2550 3342 2760 3405 verbis,
2803 3355 2906 3394 non
2962 3351 3018 3394 ut
3068 3353 3261 3410 corpus
3299 3338 3488 3404 modo,
3540 3338 3633 3393 sed
3679 3346 3738 3391 ut
3782 3338 3898 3390 ani-

2318 3448 2462 3488 mum
2486 3433 2642 3488 etiam
2665 3433 2927 3502 erigeret,
2960 3430 3188 3484 adstanti
3223 3429 3358 3498 plebi
3385 3427 3730 3497 signiﬁcabat.
3761 3427 3899 3481 Sub-

2317 3524 2446 3580 inde
2495 3523 2656 3579 etiam
2705 3524 2811 3578 alta
2861 3522 3112 3577 voce-sic
3156 3520 3364 3591 plebem
3417 3533 3637 3574 monere
3689 3518 3895 3572 solebat

2319 3614 2590 3685 Ibidem):
2621 3613 2724 3667 Atii
2770 3614 2897 3666 alios
2937 3613 3163 3674 noscite;
3201 3619 3257 3665 ut
3282 3609 3530 3664 videlicet
3569 3609 3901 3663 internosce-

2299 3714 2455 3768 rent,
2488 3719 2612 3758 num
2641 3703 2808 3772 impii,
2829 3701 3064 3767 scelesti,
3090 3701 3170 3756 vel
3210 3699 3544 3768 judaizantes
3579 3711 3764 3753 secum
3813 3697 3901 3752 in-

2319 3795 2547 3850 termixti
2577 3801 2776 3847 essent.

2389 3884 2752 3939 Precationem
2777 3891 2976 3946 autem,
3002 3879 3127 3935 dum
3152 3893 3300 3935 sacra
3332 3887 3724 3949 peragerentur,
3754 3877 3901 3947 plebi

2317 3972 2632 4045 suggerebat
2650 4011 2666 4038 ,
2696 3987 2854 4041 quam
2882 3971 3009 4041 ipsis
3037 3971 3214 4025 verbis
3243 3968 3857 4051 retulit-Chrysostomus
3883 3985 3898 4022 :

2322 4063 2535 4118 Oremus
2561 4078 2652 4132 pro
2677 4062 2909 4129 episcopo
2935 4071 2982 4114 et
3010 4069 3261 4114 senectute
3283 4069 3334 4112 et
3354 4059 3652 4129 patrocinio,
3685 4066 3738 4111 ut
3765 4067 3900 4110 recte

2319 4163 2495 4208 tractet
2519 4152 2720 4206 uerbum
2738 4151 2958 4204 veritatis
2981 4191 2995 4214 ,
3032 4159 3080 4203 et
3101 4167 3192 4219 pro
3211 4151 3274 4205 iis
3295 4151 3380 4219 qui
3400 4150 3481 4202 hic
3506 4160 3619 4203 sunt
3642 4158 3687 4202 et
3715 4147 3900 4216 ubique

2321 4253 2566 4295 terrarum
2588 4241 2769 4309 (Tomo
2797 4241 2982 4311 sexto).
3005 4239 3248 4297 Addebat
3272 4241 3431 4294 etiam
3456 4256 3469 4292 :
3497 4237 3604 4292 Pro
3628 4239 3689 4291 iis
3725 4239 3810 4307 qui
3842 4240 3898 4289 in

2318 4330 2516 4387 Christo
2538 4331 2761 4401 defuncti
2785 4340 2902 4384 sunt
2922 4371 2937 4396 ,
2965 4340 3010 4384 et
3032 4345 3125 4401 pro
3153 4330 3218 4383 iis
3244 4329 3330 4397 qui
3358 4329 3563 4384 illorum
3600 4327 3898 4381 memoriam

2323 4417 2512 4488 faciunt
2543 4421 2723 4494 (Tomo
2746 4420 2900 4490 nono)
2911 4459 2925 4473 .

2390 4511 2585 4566 Vocem
2618 4526 2793 4581 porro,
2827 4525 2982 4579 quam
3009 4524 3150 4578 saepe
3176 4507 3456 4564 clamando
3483 4507 3759 4576 repetebat
3781 4505 3900 4560 dia-

2317 4619 2483 4660 conus
2529 4605 2642 4658 hazc
2669 4611 2802 4664 erat,
2827 4602 3158 4654 Attendamus
3185 4599 3407 4670 (lbid.):
3436 4614 3592 4668 quam
3624 4614 3723 4668 ego
3751 4613 3900 4667 saepe

2317 4695 2491 4751 audivi
2522 4695 2704 4750 Roma:
2735 4710 2762 4747 a
2795 4694 3017 4748 diacono
3045 4691 3268 4753 dictam,
3297 4706 3417 4745 cum
3466 4689 3710 4758 Liturgize
3747 4688 3893 4744 Crto-

2317 4803 2500 4843 corom
2523 4786 2682 4840 animi
2709 4799 2865 4839 causa
2904 4781 3231 4838 interiorem.
3269 4779 3665 4835 Observandum
3713 4787 3894 4831 autem

2317 4889 2418 4944 est,
2441 4880 2583 4949 quod
2613 4879 2699 4932 hic
2722 4877 2870 4930 addit
2893 4872 3304 4945 Chrysostomus
3325 4913 3340 4935 ,
3369 4885 3560 4939 nempe
3591 4880 3709 4938 post
3747 4870 3896 4923 illam

2315 4986 2522 5033 vocem,
2541 4970 2792 5023 lectorem
2815 4966 3046 5034 incipere
3067 4961 3392 5032 prophetiam
3420 4960 3595 5023 Isaiae;
3628 4975 3745 5028 quae
3793 4973 3899 5013 vox

2319 5061 2590 5131 prmissa
2619 5057 2822 5120 fuerat,
2852 5065 2909 5110 ut
2936 5053 3218 5109 attentiore
3253 5053 3431 5105 animo
3473 5051 3621 5119 plebs
3668 5049 3898 5118 prophe-

2315 5164 2422 5210 tam
2445 5153 2670 5208 audiret.
2693 5151 2818 5206 Hsec
2839 5163 2998 5218 porro
3017 5147 3197 5215 adjicit
3224 5145 3384 5199 etiam
3411 5142 3464 5197 S.
3488 5143 3676 5218 doctor
3696 5142 3746 5195 in
3774 5153 3900 5194 ser-

2318 5261 2477 5301 mone
2534 5245 2600 5298 de
2655 5215 2981 5296 Ascensione
3012 5256 3027 5292 :
3057 5237 3190 5292 Audi
3230 5237 3282 5288 in
3325 5215 3608 5304 precatione
3654 5231 3899 5289 diaconos

2316 5353 2512 5407 semper
2560 5335 2811 5396 dicentes,
2865 5331 3113 5402 Angelum
3166 5327 3303 5398 pacis
3354 5334 3527 5395 rogate
3563 5321 3642 5391 (Τ
3647 5338 3761 5376 auso
3815 5338 3899 5374 se-

2315 5426 2528 5497 eundo).

2390 5516 2605 5572 Diaconi
2658 5513 2888 5568 ofﬁcium
2933 5519 3046 5566 erat
3095 5508 3375 5569 tumultum
3421 5517 3791 5574 compescere,
3823 5503 3899 5555 si-

2316 5610 2438 5668 ουὺὶ
2473 5609 2529 5661 in
2573 5606 2802 5660 ecclesia
2843 5599 3432 5672 oriret.nr(Tomo.nouo
3456 5595 3511 5666 ):
3545 5595 3892 5663 quamobrem

2318 5711 2500 5756 monet
2527 5700 2614 5754 ille
2642 5709 2726 5763 ut,
2759 5698 2802 5752 si
2828 5696 2946 5766 quis
2970 5695 3130 5748 alium
3151 5691 3391 5745 .dicteriis
3420 5690 3673 5757 impetat,
3699 5685 3784 5739 vel
3816 5684 3894 5738 ri-

2319 5793 2435 5851 sui.
2475 5791 2746 5846 cachinnis
2770 5795 2822 5842 et
2859 5787 3046 5844 fabulis
3087 5783 3394 5842 incumbat.
3434 5781 3685 5836 diaconus
3724 5778 3892 5836 adre-
