4194 6472
328 360 396 414 65
1115 354 1279 423 QUAE
1323 354 1385 411 IN
1426 352 1766 412 OPERIBUS
1794 354 2274 413 CHRYSOSTOMI
2315 355 2840 413 OBSERVANTUR.
3544 360 3612 414 (ll

322 494 508 549 eetnr,
538 485 628 554 qui
666 480 826 538 sedet
868 481 1036 537 futilia
1077 481 1160 537 illa
1187 523 1202 549 ,
1231 490 1285 536 et
1322 479 1561 536 modeste
1591 492 1748 548 agere
1777 489 1926 531 com-

320 575 500 644 pellat.

394 667 470 720 De
499 664 880 719 sacerdotibus
917 673 1177 719 autemet
1215 663 1455 718 diaconis
1499 662 1612 715 hzcc
1650 661 1926 716 continen-

318 767 401 810 ter
441 754 610 809 refert
657 755 1080 823 Cltrysostomus
1124 753 1306 824 (Tomo
1361 752 1548 824 primo)
1585 771 1596 806 :
1629 751 1928 806 Sacerdotes

323 847 466 900 etiam
504 862 622 898 cum
659 846 982 899 benedicturi
1010 855 1122 900 sunt
1143 887 1156 912 .,
1188 845 1274 898 ubi
1305 846 1444 914 prius
1470 861 1642 914 pacem
1669 843 1804 896 vobis
1830 851 1929 912 ap-

336 939 517 1008 precati
550 939 781 1006 fuerint,
821 939 1058 1007 deinceps
1092 938 1336 1006 incipiunt
1381 935 1685 990 benedicere.
1717 934 1782 988 Et
1813 949 1928 987 vero

332 1032 598 1094 diaconus,
630 1031 756 1082 dum
786 1046 904 1082 cum
933 1030 1049 1082 aliis
1077 1029 1272 1099 precari
1300 1028 1456 1095 iubet,
1489 1029 1584 1080 hoc
1609 1042 1806 1096 quoque
1833 1026 1929 1078 int-

327 1128 460 1188 perat
499 1120 554 1172 in
591 1120 858 1184 oratione,
907 1129 960 1172 ut
999 1119 1233 1190 angelum
1269 1119 1408 1188 pacis
1445 1134 1682 1189 rogemus
1706 1161 1719 1184 ,
1744 1126 1790 1170 et
1818 1133 1930 1187 quae

324 1209 580 1280 proposita
629 1219 772 1276 sunt,
802 1220 985 1263 cuncta
1035 1211 1250 1279 paci/ica
1282 1224 1301 1262 :
1331 1219 1376 1262 et
1427 1209 1489 1262 ab
1536 1209 1630 1262 ltoc
1684 1216 1928 1262 conventu

323 1319 407 1356 sos
433 1304 700 1356 dimittens
726 1303 822 1356 hoc
841 1302 981 1357 vobis
1004 1312 1240 1374 precatur
1266 1303 1436 1356 dicens
1463 1318 1480 1356 :
1513 1299 1580 1356 In
1611 1317 1733 1371 pace
1760 1301 1925 1356 disce-

322 1397 444 1450 dite.

385 1488 578 1558 Neque
603 1487 1126 1558 praetermittendum
1157 1497 1238 1541 est
1267 1487 1317 1541 id
1354 1485 1496 1556 quod
1527 1485 1658 1541 dicit
1686 1485 1925 1556 Chryse.

311 1589 524 1634 stoums
550 1581 619 1634 de
645 1580 992 1634 da‘moniaeis
1012 1587 1066 1634 et
1087 1588 1264 1634 mente
1288 1580 1481 1649 captis,
1507 1579 1590 1634 vel
1613 1593 1929 1649 energume-

310 1672 394 1723 nis
414 1712 428 1730 .
463 1673 555 1741 qui
585 1680 878 1740 antequam
908 1671 1164 1742 mysteria
1195 1671 1613 1736 celebrarentur,
1645 1685 1674 1724 a
1702 1671 1928 1725 diacono

308 1764 722 1819 inducebantur
763 1773 818 1819 et
863 1766 1034 1833 capita
1085 1765 1346 1820 inclinare
1393 1764 1754 1834 jubebantur,
1803 1774 1928 1819 tune

308 1856 492 1907 oratio
526 1870 623 1923 pro
656 1855 762 1908 illis
792 1855 904 1913 fieri
936 1856 1162 1920 solebat,
1189 1872 1309 1926 quae
1326 1863 1550 1911 cmteras
1578 1871 1766 1911 omnes
1791 1871 1927 1926 prae-

310 1943 549 1997 cedebat
599 1944 619 2011 (
661 1942 826 1998 Tanto
853 1944 1066 2016 primo).
1108 1945 1354 2000 Graviter
1397 1955 1573 2000 autem
1617 1947 1790 2014 carpit
1840 1945 1930 2001 ille

315 2050 415 2086 eos
438 2077 454 2099 ,
495 2036 586 2104 qui
619 2033 759 2090 hanc
787 2035 1087 2091 orationem
1115 2053 1236 2091 cum
1266 2037 1386 2092 aliis
1425 2053 1529 2091 non
1562 2037 1926 2106 proferebant,

316 2130 408 2183 vel
445 2129 542 2199 qui
593 2140 720 2183 tunc
773 2140 962 2184 mutuo
1013 2130 1409 2185 fabulabantur.
1462 2130 1636 2184 Prima
1686 2131 1926 2201 precatio,

307 2221 498 2290 inquit
552 2224 666 2287 ille,
690 2238 844 2289 quam
893 2239 988 2292 pro
1039 2223 1384 2293 energumenis
1413 2221 1709 2276 adhibemus
1732 2262 1747 2288 ,
1781 2221 1929 2274 mise-

305 2314 566 2367 ricordia:
617 2315 1101 2368 commemoratione
1141 2315 1290 2384 plena
1337 2324 1407 2370 est
1433 2330 1452 2368 :
1479 2314 1703 2369 secunda
1736 2329 1932 2385 quoque

303 2422 412 2470 pro
440 2407 506 2458 iis
531 2448 543 2468 ,
569 2407 657 2474 qui
683 2407 734 2458 in
761 2406 1058 2476 paenitentia
1091 2417 1208 2460 sunt
1232 2449 1247 2472 ,
1291 2410 1500 2461 multant
1532 2406 1930 2461 miscricordiam

297 2498 566 2567 postulat.
597 2495 773 2550 Tertia
801 2497 1005 2552 demum
1038 2515 1128 2568 pro
1158 2501 1300 2553 nobis
1325 2499 1449 2568 ipsis
1475 2507 1548 2553 est
1579 2509 1597 2552 :
1626 2509 1671 2552 et
1698 2499 1806 2553 haec
1837 2515 1930 2567 po-

301 2589 428 2658 puli
450 2591 680 2660 infantes
701 2591 993 2645 innocentes
1020 2591 1229 2656 inducit,
1260 2590 1423 2645 Deum
1442 2592 1510 2644 ad
1534 2590 1931 2645 misericordiam

299 2691 676 2750 provocantes.
708 2681 841 2747 Quia
862 2682 997 2734 enim
1023 2697 1117 2735 nos
1143 2691 1350 2752 peccata
1375 2691 1550 2735 nostra
1588 2685 1888 2734 danmantus
1914 2719 1928 2746 ,

300 2790 410 2840 pro
432 2774 500 2827 iis
529 2774 619 2842 qui
655 2775 873 2825 multum
909 2783 1182 2842 peccaram
1225 2783 1268 2826 et
1305 2774 1537 2827 accusari
1579 2773 1792 2838 debent,
1839 2789 1931 2825 nos

307 2879 603 2932 precamur
637 2881 656 2917 :
694 2881 788 2933 pro
832 2863 977 2917 nobis
1022 2880 1134 2917 vero
1161 2867 1320 2935 pueri,
1355 2881 1569 2934 quorum
1595 2865 1932 2935 simplicitatis

299 2956 603 3010 imitatores
625 2973 834 3026 regnum
859 2956 1098 3010 ccelornm
1121 2965 1378 3027 exspectat
1401 2955 1583 3027 (Tomo
1608 2956 1868 3026 septimo).

906 3271 1224 3326 DIATRIBA
1273 3272 1357 3326 Ill.

307 3429 398 3483 De
431 3429 686 3483 timeticis
713 3440 760 3483 et
807 3430 1158 3484 Iacercsiarchis
1195 3448 1319 3501 quos
1365 3435 1648 3502 frequenter
1693 3441 1936 3486 memorat

542 3519 940 3592 Chrysostontns
957 3562 972 3589 ,
1004 3523 1164 3592 deque
1189 3523 1397 3577 illorum
1429 3523 1718 3578 ha’resibus.

389 3691 515 3749 Non
546 3695 776 3748 minoris
805 3710 985 3764 operte
1011 3695 1114 3750 erit
1143 3711 1209 3751 ex
1239 3705 1384 3752 tanta
1415 3714 1640 3768 operum
1673 3700 1819 3770 sylva
1849 3715 1932 3766 ea,

310 3805 444 3858 qua:
477 3789 681 3858 passim
705 3788 1124 3860 Chrysostomus
1155 3799 1419 3845 memorat
1444 3792 1509 3846 de
1537 3792 1933 3856 luercsiarchis,

313 3881 386 3934 de
430 3879 734 3934 licercsibus
764 3889 816 3934 et
857 3879 1130 3933 erroribus
1152 3922 1167 3944 ,
1221 3881 1310 3950 qui
1350 3896 1464 3936 arvo
1491 3897 1590 3936 suo
1613 3882 1663 3936 in
1698 3883 1935 3938 Ecclesia

316 3973 592 4029 Oricntali
633 3973 1042 4043 grassabantur,
1083 3975 1262 4028 omnia
1301 3990 1592 4046 excerpere
1631 3985 1685 4031 et
1724 3991 1823 4032 suo
1852 3993 1939 4033 or-

319 4066 454 4121 dine
482 4081 792 4121 recensere.
825 4067 1029 4122 Prrcter
1054 4081 1148 4122 eos
1174 4069 1316 4122 enim
1359 4069 1446 4138 qui
1478 4084 1592 4124 :evo
1629 4085 1728 4125 suo
1766 4073 1936 4127 exorti

319 4161 568 4226 fuerant,
599 4169 659 4214 ut
689 4161 958 4228 Anommi,
987 4160 1377 4227 Macedoniam,
1409 4163 1751 4229 Pliotiniani;
1784 4175 1936 4220 vetu-

320 4252 525 4306 stiores
553 4252 719 4305 etiam
748 4251 946 4307 multos
981 4251 1204 4319 inducit,
1234 4269 1459 4323 quorum
1487 4264 1630 4310 secta
1659 4256 1834 4311 adhuc
1856 4257 1938 4312 vel

322 4357 623 4397 numerosa
649 4383 664 4406 ,
699 4343 782 4397 vel
820 4344 1061 4399 nondum
1098 4346 1358 4400 exstincta
1398 4355 1532 4401 erat.
1565 4347 1645 4402 Ad
1676 4347 1788 4402 lucc
1813 4363 1940 4402 vero

326 4449 550 4488 errores
578 4433 722 4488 circa
753 4433 913 4489 fidem
941 4436 1364 4505 quamplurimos
1386 4479 1400 4503 ,
1434 4439 1524 4508 qui
1571 4439 1710 4509 apud
1749 4440 1938 4509 vulgus

326 4527 420 4581 illo
451 4536 702 4596 tempore
726 4528 1131 4598 spargebantur,
1166 4531 1223 4584 in
1255 4531 1606 4586 concionibns
1627 4534 1736 4587 suis
1763 4535 1942 4604 exagi-

326 4628 405 4673 tat
435 4633 503 4673 ac
534 4617 754 4673 refellit.
782 4618 1186 4675 Observandum
1214 4631 1393 4677 autem
1426 4623 1478 4676 in
1509 4623 1806 4699 haeresibus
1836 4625 1942 4680 illis

323 4727 450 4779 qua:
480 4721 611 4765 ante
639 4711 800 4765 tinem
832 4711 973 4767 tertii
1011 4713 1193 4767 steculi
1233 4723 1434 4769 exorta:
1465 4713 1713 4781 fuerant,
1743 4717 1942 4772 multos

327 4803 415 4857 hic
444 4801 786 4870 deprehendi
815 4817 1032 4858 errores
1059 4817 1087 4856 a
1115 4805 1468 4873 scriptoribus
1496 4807 1649 4861 istius
1689 4808 1786 4862 :evi
1811 4824 1942 4864 ntts-

327 4909 494 4961 quam
537 4903 888 4947 memoratos.
923 4893 1029 4948 Eos
1055 4895 1199 4949 enim
1245 4897 1334 4963 qui
1400 4897 1566 4952 semel
1593 4898 1660 4951 ah
1689 4898 1943 4956 Ecclesia:

324 4983 632 5038 Catholica:
658 4985 998 5052 auctoritate,
1027 5001 1144 5056 quas
1171 4995 1255 5042 est
1281 5002 1384 5042 una
1407 5003 1549 5044 verm
1580 4990 1703 5045 fidei
1732 5007 1940 5060 norma,

324 5075 672 5130 deﬂexerant
695 5116 710 5141 ,
745 5076 797 5130 in
831 5090 1000 5132 novos
1023 5077 1262 5146 quotidie
1304 5079 1484 5150 lapsus
1513 5080 1769 5137 incidisse
1808 5083 1940 5139 nihil

326 5171 554 5224 mirum.

402 5262 628 5315 Docitas
655 5275 760 5314 non
789 5261 955 5317 semel
988 5263 1298 5334 perstringit
1320 5265 1428 5332 ille,
1459 5267 1570 5323 sive
1599 5268 1716 5322 illos
1744 5271 1831 5340 qui
1863 5271 1945 5325 di-

326 5353 530 5406 cebant
561 5351 834 5408 Christum
867 5357 1087 5420 δοκήσει,
1121 5353 1172 5408 id
1204 5363 1288 5409 est
1315 5397 1330 5422 ,
1362 5357 1527 5425 specie
1554 5398 1569 5422 ,
1597 5366 1800 5414 tantum
1829 5362 1942 5418 sive

331 5455 672 5514 apparenter,
696 5454 757 5499 ut
779 5445 868 5498 alii
890 5445 1097 5512 dicunt,
1125 5454 1218 5500 aut
1241 5449 1482 5518 putative,
1511 5457 1570 5504 ut
1590 5451 1664 5504 ait
1684 5450 1939 5519 lrenznus,

327 5537 382 5590 in
417 5534 684 5591 mundum
715 5537 949 5591 venisse.
981 5536 1285 5593 Adventum
1315 5539 1458 5593 enim
1479 5581 1494 5604 ,
1525 5537 1685 5595 vitam
1717 5552 1769 5596 et
1800 5558 1944 5599 mor-

332 5637 441 5682 tem
490 5625 692 5683 Christi
737 5633 1034 5701 φαντοωίαν,
1067 5630 1385 5699 phantasiam
1417 5642 1618 5687 tantum
1643 5674 1655 5698 ,
1685 5648 1790 5689 non
1827 5649 1942 5692 rem

329 5730 462 5775 vere
491 5726 697 5787 gestam
730 5719 895 5774 fuisse
927 5720 1200 5788 putabant.
1231 5719 1643 5794 Chrysostomus
1668 5740 1796 5781 vero
1819 5740 1940 5781 cum

337 5811 466 5868 dicit
492 5851 508 5880 ,
537 5809 816 5867 Christum
858 5812 1125 5884 sepultum
1154 5814 1322 5869 tribus
1347 5817 1534 5874 diebus
1561 5827 1615 5875 et
1647 5819 1814 5878 tribus
1840 5836 1941 5879 no-

664 5894 946 5952 PATROL.
998 5892 1389 5971 Gn._LXlV.

2037 474 2208 529 ctibus
2236 475 2288 528 in
2315 475 2470 531 corde
2497 486 2644 530 terra!
2674 475 2957 540 mansisse,
2987 473 3151 536 addit,
3185 483 3230 528 et
3252 490 3394 527 nemo
3424 475 3477 526 id
3506 492 3625 546 ευρ-

2035 567 2108 619 cie
2150 575 2349 620 tantum
2391 568 2585 621 factum
2630 566 2790 621 fuisse
2837 566 3137 637 suspicetur
3163 563 3342 635 (Tomo
3369 569 3628 636 septimo).

2038 657 2163 712 llznc
2192 659 2386 729 quippe
2415 659 2636 714 lueresis
2670 673 2788 728 quce
2824 658 2932 728 jam
2963 657 3268 728 apostolicis
3299 659 3625 726 temporibus

2035 760 2150 805 orta
2172 750 2364 815 fuerat,
2388 766 2502 805 aevo
2525 751 2890 824 Clirysostomi
2913 749 3086 805 adlmc
3106 750 3336 820 vigebat,
3364 757 3423 803 ut
3444 749 3628 803 videre

2036 853 2121 898 est
2177 845 2392 899 homilia
2439 855 2624 916 quarta
2686 847 2736 898 in
2793 844 2963 914 Epist.
3009 845 3073 898 ad
3121 843 3372 900 llebrtros
3421 843 3628 912 (Tomo

2038 937 2361 1009 duodecimo)
2389 957 2399 991 :
2435 936 2554 992 Pro:
2583 939 2776 1010 pudore
2793 954 2846 992 se
2862 938 3172 992 abscondant
3204 937 3287 1001 qui
3314 939 3486 990 dicunt
3517 953 3628 987 eum

2035 1029 2296 1083 advenisse
2326 1047 2414 1100 per
2443 1032 2658 1100 speciem
2683 1071 2696 1096 ,
2729 1047 2830 1083 non
2864 1030 2975 1100 ipsa
3002 1030 3073 1082 rei
3099 1030 3324 1083 veritate.
3356 1029 3454 1094 Qui
3486 1028 3629 1095 prior

2039 1119 2196 1190 hujus
2225 1120 2444 1175 haeresis
2473 1122 2795 1176 mentionem
2825 1121 2952 1177 facit
2975 1129 3057 1176 est
3089 1120 3318 1190 Iguatius
3347 1120 3548 1189 Mai-lyr
3577 1119 3626 1170 in

2037 1210 2273 1279 Epistola
2301 1211 2366 1264 ad
2398 1211 2695 1266 Trallianos
2733 1223 2787 1266 et
2830 1212 2884 1266 in
2918 1209 3150 1281 Epistola
3195 1211 3261 1265 ad
3301 1210 3624 1282 Smyrna-os.

2037 1301 2360 1358 Memoratur
2381 1305 2538 1357 etiam
2571 1305 2638 1358 ab
2669 1303 2869 1359 [remeo
2890 1346 2904 1371 ,
2935 1305 3208 1359 Clemente
3239 1303 3624 1364 Alexandrino,

2035 1396 2126 1466 qui
2168 1396 2449 1451 lueretieos
2497 1397 2797 1467 hujusmodi
2827 1397 3040 1452 Docitas
3071 1405 3262 1462 vocat,
3291 1395 3356 1449 ab
3394 1394 3626 1464 Origene

2035 1483 2162 1544 item
2188 1499 2243 1544 et
2267 1486 2519 1544 Eusebio.

2108 1582 2212 1635 Alii
2261 1597 2389 1636 vero
2441 1581 2692 1636 dicebant
2741 1579 3012 1636 Christum
3063 1595 3159 1652 per
3205 1580 3421 1635 Mariam
3475 1593 3624 1649 qnaSI

2035 1684 2228 1742 aquam
2259 1686 2354 1740 per
2377 1671 2618 1726 canalem
2647 1672 2919 1730 transiisse
2939 1680 3165 1738 tantum,
3209 1669 3259 1724 id
3303 1679 3404 1737 est,
3433 1685 3627 1739 corpus

2035 1762 2150 1832 ejus
2179 1778 2283 1818 non
2313 1765 2363 1818 in
2389 1773 2542 1818 utero
2563 1764 2796 1834 Virginis
2815 1765 3068 1830 crevisse,
3095 1764 3167 1817 uti
3199 1763 3338 1819 solet
3366 1762 3503 1827 tieii,
3533 1761 3626 1817 scd

2031 1856 2141 1925 jam
2169 1855 2452 1910 formatum
2483 1856 2757 1910 transiissc
2784 1864 3009 1915 tantum,
3033 1855 3178 1909 velut
3199 1870 3388 1925 aquam
3415 1869 3506 1924 per
3536 1867 3626 1906 ca-

2039 1948 2211 2002 nalem
2252 1965 2267 2002 :
2311 1963 2468 2017 quem
2511 1962 2750 2002 errorem
2792 1944 2964 2016 reficit
2996 1945 3412 2019 Chrysostomtts
3445 1944 3629 2018 (Tomo

2036 2038 2246 2106 septimo
2273 2037 2314 2109 ).
2347 2035 2582 2092 lrenteus
2627 2052 2755 2093 vero
2805 2037 2944 2092 hanc
2979 2036 3286 2092 hatreticam
3319 2036 3627 2106 opinionem

2041 2128 2424 2183 Valentinianis
2467 2127 2726 2184 adscribit
2771 2127 3048 2196 (Iremcns
3095 2146 3148 2198 p.
3201 2128 3344 2197 '53),
3377 2138 3534 2198 atque
3562 2142 3629 2180 ex

2041 2219 2245 2275 Irenazo
2291 2219 2621 2290 Epiphanius
2673 2219 2722 2274 id
2768 2221 2940 2290 ipsum
2989 2221 3188 2290 profert
3228 2218 3538 2292 (Epiptmn.
3573 2239 3626 2288 p.

2041 2305 2146 2366 1⁸72
2170 2312 2215 2383 ).
2247 2311 2360 2368 lmo
2397 2322 2550 2367 erant
2579 2312 2794 2383 quidam
2825 2313 3061 2366 lucretioi
3101 2313 3189 2381 qui
3231 2327 3297 2366 eo
3341 2313 3629 2381 impietatis

2038 2404 2418 2475 irrumperent,
2450 2418 2507 2458 ut
2530 2404 2708 2459 dicere
2728 2405 2843 2460 ausi
2873 2405 2999 2470 sint,
3031 2404 3450 2458 incarnationem
3477 2402 3629 2457 Clui-

2036 2497 2106 2552 sti
2142 2512 2261 2552 esse
2283 2496 2515 2552 fabulam
2547 2495 2634 2568 (Τ.
2655 2498 2733 2568 7).

2109 2591 2395 2647 Gnosticos
2441 2591 2607 2646 semel
2649 2598 2852 2645 tantum
2883 2598 3272 2646 commemorat
3308 2589 3629 2662 Clnysostn-

2039 2699 2177 2750 mus,
2205 2700 2338 2755 quos
2367 2684 2467 2739 hoc
2492 2685 2706 2739 nomine
2735 2697 2852 2738 sese
2875 2684 3229 2753 appellavisse
3253 2682 3400 2747 dicit,
3423 2683 3544 2752 quia
3572 2694 3631 2736 se

2038 2779 2176 2833 scire
2211 2777 2465 2846 putabant
2507 2776 2624 2846 plus
2663 2792 2822 2847 quam
2860 2775 3039 2831 caueri
3072 2775 3275 2830 scirent
3319 2773 3501 2846 (Tomo
3533 2791 3630 2828 una

2038 2867 2275 2941 decimo).
2301 2869 2405 2924 Sed
2429 2869 2495 2925 de
2516 2868 2921 2932 Valentinianis,
2946 2867 3036 2938 qui
3064 2876 3118 2922 et
3144 2868 3242 2936 ipsi
3273 2868 3325 2921 in
3351 2866 3636 2922 Gnostico-

2038 2976 2158 3015 rum
2185 2975 2412 3016 numero
2437 2960 2817 3025 censebantur,
2847 2961 3010 3014 multa
3053 2958 3257 3030 profert
3285 2959 3445 3013 variis
3475 2959 3526 3012 in
3556 2959 3634 3013 lo-

2038 3052 2140 3119 cis,
2193 3067 2313 3122 qua:
2349 3052 2666 3120 plerumque
2695 3066 2818 3105 cum
2861 3050 3324 3106 Marcionistarum
3367 3057 3422 3104 et
3467 3047 3636 3102 Mani-

2039 3143 2311 3196 clmorum
2351 3141 2542 3196 haeresi
2569 3142 2929 3197 consentiunt.
2964 3141 3183 3196 Dicebat
3219 3156 3380 3211 porro
3405 3140 3638 3196 Valenti-

2041 3248 2143 3288 nus
2175 3234 2449 3288 materiam
2481 3243 2606 3288 ante
2629 3235 2956 3290 creationem
2999 3233 3182 3287 mundi
3222 3232 3631 3302 prteexstitissc.

2039 3341 2199 3395 quem
2235 3335 2288 3380 et
2322 3325 2455 3380 alios
2494 3325 2690 3380 similia
2735 3323 3068 3394 proferentes
3100 3322 3441 3378 validissimis
3478 3337 3636 3392 argu-

2040 3415 2236 3472 mentis
2277 3415 2512 3471 conl'utat
2551 3417 2639 3470 ille
2665 3415 2846 3486 (Tomo
2871 3415 3099 3483 quarto).
3126 3416 3296 3468 Deum
3321 3427 3450 3468 vero
3468 3411 3634 3468 Crea-

2042 3518 2212 3562 torem
2253 3523 2373 3563 esse
2413 3507 2815 3579 negabat:erat
2864 3507 3006 3562 enim
3056 3517 3123 3560 ex
3171 3516 3394 3559 numero
3445 3518 3634 3558 eorum

2040 3601 2129 3671 qui
2174 3599 2438 3656 Eonibus
2501 3601 2680 3657 omnia
2739 3600 3104 3655 adscriberent
3151 3596 3452 3671 (Ibidem).
3503 3599 3634 3653 Cum

2043 3693 2399 3750 lllarcionistis
2461 3705 2643 3749 autem
2691 3703 2746 3750 et
2802 3693 3107 3750 Manichmis
3149 3693 3399 3749 dicebant
3447 3692 3637 3748 Valen-

2042 3787 2226 3841 tiniani
2271 3787 2430 3841 deum
2476 3786 2672 3842 veteris
2696 3786 3028 3842 'l'estameuti
3073 3793 3346 3841 auctorem
3373 3799 3492 3841 esse
3521 3801 3636 3838 nta-

2044 3880 2195 3934 lum:
2225 3893 2277 3933 et
2314 3879 2392 3934 sic
2429 3879 2564 3933 duos
2619 3877 2972 3934 admittebant
3019 3877 3182 3942 deos,
3232 3877 3390 3931 deum
3444 3893 3639 3944 nempe

2043 3972 2166 4027 novi
2195 3971 2522 4027 Tcstamenti
2549 4013 2562 4036 ,
2603 3987 2763 4043 quem
2811 3971 3007 4026 bonum
3051 3970 3346 4040 putabant,
3383 3980 3438 4025 et
3477 3970 3636 4026 deum

2045 4064 2248 4120 veteris
2271 4063 2621 4131 Testamenti,
2653 4079 2808 4136 quem
2839 4064 3062 4129 malum,
3088 4063 3192 4118 imo
3217 4062 3494 4118 Manichzui
3525 4063 3640 4118 dia-

2043 4155 2228 4210 bolum
2256 4170 2374 4211 csse
2400 4155 2682 4222 dicebant,
2706 4164 2759 4211 ct
2788 4155 2868 4211 sic
2893 4156 3062 4225 legem
3093 4171 3122 4210 a
3149 4155 3329 4226 Moyse
3355 4153 3636 4225 prolatam.

2046 4255 2103 4302 ut
2135 4263 2166 4301 a
2208 4247 2352 4300 malo
2378 4246 2481 4301 deo
2507 4247 2684 4300 datam
2715 4263 2782 4302 ex
2821 4247 3219 4316 Scripturarum
3268 4246 3511 4316 catalogo
3547 4261 3641 4299 cx—

2045 4339 2352 4408 pttngchant
2380 4339 2397 4409 (
2421 4335 2583 4391 Tomo
2612 4337 2776 4408 primo
2803 4347 2848 4390 et
2874 4336 3035 4390 Tomo
3055 4335 3314 4408 septimo).

2118 4431 2542 4488 lnearnationem
2581 4446 2710 4486 vero
2753 4429 2950 4485 Christi
2995 4445 3115 4485 eum
3160 4429 3448 4493 Marcione,
3473 4427 3639 4484 Mani-

2048 4525 2201 4579 clueo
2228 4533 2282 4578 et
2325 4523 2444 4578 aliis
2479 4523 2710 4594 negabat
2750 4524 3063 4578 Valentinus
3097 4521 3279 4596 (Tomo
3309 4522 3476 4594 tertio)
3504 4563 3520 4586 ,
3550 4539 3639 4591 per

2046 4631 2103 4670 os
2155 4616 2348 4670 diaboli
2399 4616 2608 4683 dicens,
2641 4632 2758 4672 eum
2812 4631 2972 4686 neque
3020 4616 3340 4668 incarnatum
3401 4630 3527 4677 esse,
3555 4629 3641 4666 ne-

2047 4724 2145 4779 que
2170 4725 2376 4762 carnem
2404 4708 2632 4763 induisse
2654 4749 2669 4774 ,
2702 4709 2791 4763 sed
2817 4709 3032 4779 speciem
3069 4707 3126 4760 id
3149 4706 3422 4777 quamdam
3446 4705 3600 4774 fuisse
3622 4748 3636 4771 ,

2050 4802 2373 4870 phantasma,
2403 4802 2776 4855 simulationem
2808 4813 2828 4854 :
2852 4799 3049 4854 tametsi
3076 4800 3334 4870 passiones
3361 4809 3405 4852 et
3431 4814 3568 4852 mors
3593 4809 3640 4850 et

2047 4895 2336 4963 sepulcrum
2364 4904 2409 4948 et
2436 4894 2596 4964 {ames
2620 4895 2960 4948 reclamabant
2987 4910 3006 4948 :
3031 4895 3073 4949 si
3111 4893 3241 4947 niltil
3267 4893 3446 4946 horum
3476 4892 3640 4946 conti-

2048 4988 2218 5058 gisset,
2260 5004 2425 5042 nonne
2469 4989 2628 5042 multo
2676 4988 2897 5058 amplius
2944 4987 3176 5041 diabolus
3225 4988 3332 5040 lucc
3370 4986 3642 5056 impietatis

2051 5081 2268 5149 pessima
2293 5081 2531 5152 dogmata
2558 5081 2973 5136 disseminasset?
3015 5079 3170 5147 Quod
3197 5080 3370 5150 ipsum
3397 5079 3522 5134 alibi
3550 5095 3635 5134 re-

2051 5171 2183 5240 petit
2208 5169 2625 5245 Chrysostomus
2655 5171 2850 5244 (Tomo
2883 5171 3091 5244 primo).

2124 5263 2201 5318 De
2243 5263 2512 5322 Mareione
2535 5276 2590 5322 et
2623 5266 2914 5322 Manichrco
2955 5267 3234 5321 innumera
3275 5278 3413 5334 pene
3443 5264 3646 5320 liabcn‘

2051 5363 2138 5408 tur
2181 5355 2236 5410 itt
2273 5356 2644 5430 Chrysostomi
2673 5360 2967 5429 operibus;
3001 5359 3232 5426 itemque
3259 5355 3325 5410 de
3358 5354 3642 5410 Marcioni-

2050 5457 2152 5511 stis
2177 5463 2232 5511 ct
2270 5453 2595 5510 Manichmis.
2621 5451 2682 5507 lli
2709 5467 2839 5507 vero
2865 5450 3099 5506 hmrctici
3131 5450 3182 5502 in
3206 5447 3387 5502 multis
3413 5463 3645 5502 consen-

2052 5547 2287 5610 tiebant;
2332 5545 2426 5600 sed
2456 5544 2576 5614 quia
2604 5543 2816 5614 utrique
2859 5541 3023 5596 multa
3055 5539 3326 5595 habebant
3352 5539 3452 5594 sibi
3482 5555 3646 5608 pecu—

2052 5638 2202 5693 liaria
2231 5679 2246 5706 ,
2278 5637 2344 5692 de
2383 5636 2643 5692 ambobus
2681 5632 2967 5706 separatim
3004 5632 3294 5704 agendum;
3350 5630 3602 5686 Marcioni
3630 5671 3644 5693 ,

2052 5728 2244 5784 Maneti
2276 5736 2330 5784 et
2355 5727 2641 5782 Valentino
2667 5725 2882 5782 errandi
2910 5739 3125 5780 causam
3149 5724 3313 5780 fuisse
3337 5723 3483 5788 dicit,
3505 5723 3644 5793 quod

2056 5837 2301 5892 quaenam
2329 5821 2398 5876 sit
2427 5820 2688 5876 malorum
2715 5832 2873 5874 causa
2910 5816 3222 5890 quzcsicrint
3245 5857 3260 5878 ,
3288 5823 3342 5870 et
3381 5829 3476 5886 per
3511 5813 3646 5867 hanc
