4194 6480
542 325 628 376 c';
1899 333 2222 393 SYNOPSIS
2256 333 2486 394 EORUM
3753 337 3821 396 65

562 446 908 514 qumstionem
959 447 1263 502 innumeras
1315 447 1546 504 hmreses
1604 447 1907 503 suscitarint
1945 446 2144 519 (Tanto

563 539 769 609 prima).
805 539 1022 592 Dicebat
1052 539 1176 592 item
1217 539 1447 594 Marcion
1475 540 1749 594 materiam
1776 549 1896 593 ante
1919 543 2143 593 creatio-

563 646 682 683 nem
741 631 920 684 mundi
969 631 1346 699 przeexstitisse
1401 632 1598 701 (Tanto
1645 635 1883 701 quarto).
1917 630 2140 686 Marcio-

564 723 868 778 uisae-vero
899 725 1150 792 putabant
1185 725 1489 780 Creatorem
1525 725 1723 796 justum
1753 725 1964 796 quidem
1991 739 2141 792 esse,

564 812 658 866 sed
691 829 795 866 non
827 814 1019 868 bonum
1054 815 1073 886 (
1102 815 1257 869 Tanto
1282 815 1522 887 decimo).

635 903 796 959 lidem
837 919 965 959 vero
1005 905 1172 974 legem
1219 907 1412 978 Moysis
1455 922 1517 960 ex
1557 907 1798 977 catalogo
1841 906 2140 978 divinarum

566 994 961 1064 Scripturarum
999 997 1374 1067 cxpungebant
1420 997 1621 1066 (Toma
1668 997 1876 1068 primo).
1927 999 2147 1054 Dicebat

565 1087 705 1139 enim
769 1087 1021 1153 Marcion,
1052 1104 1154 1141 non
1214 1103 1332 1143 esse
1386 1088 1630 1142 eumdem
1679 1089 1876 1143 veteris
1927 1095 1984 1143 et
2025 1091 2144 1143 novi

566 1176 890 1230 'lâ€˜cstamenti
938 1177 1324 1249 Deum(Tama
1368 1178 1555 1248 tertio).
1583 1178 1712 1232 Nam
1768 1179 1892 1233 licet
1937 1178 1986 1233 id
2041 1194 2144 1233 non

565 1280 817 1334 expresse
856 1267 1072 1330 feratur,
1116 1269 1402 1323 verisimile
1431 1285 1644 1338 prorsus
1683 1277 1766 1324 est
1803 1269 1948 1323 illum
1973 1311 1986 1334 ,
2019 1285 2144 1339 per-

565 1356 690 1408 inde.
733 1365 892 1424 atquc
920 1357 1178 1412 Manctem
1198 1401 1213 1424 ,
1244 1343 1402 1414 deum
1439 1361 1636 1413 malum
1665 1369 1719 1415 et
1746 1360 1903 1414 deum
1951 1361 2145 1414 bonum

565 1447 843 1501 admisisse
866 1488 880 1512 ,
915 1463 978 1502 ac
1012 1450 1168 1503 deum
1209 1451 1404 1504 malum
1437 1467 1534 1522 pro
1560 1462 1801 1507 creatore
1849 1452 2026 1506 mundi
2055 1451 2150 1506 ba-

565 1537 764 1600 huisse,
800 1547 958 1607 atque
989 1541 1066 1593 sic
1093 1541 1460 1610 intelligendus
1486 1552 1598 1596 crat
1621 1557 1740 1596 cum
1766 1542 1966 1598 diceret
1982 1543 2147 1597 Deum

565 1645 670 1683 non
701 1645 820 1684 esse
846 1640 1140 1685 creatorem
1169 1635 1348 1687 mundi
1367 1632 1395 1706 (
1417 1633 1576 1688 Toma
1603 1643 1780 1704 quarto
1805 1638 1844 1704 ).

638 1719 868 1773 Marcion
926 1721 1173 1776 Ponticus
1223 1723 1434 1778 dicebat
1477 1725 1743 1779 Christum
1799 1725 2008 1780 nonnisi
2056 1739 2151 1794 per

564 1810 798 1879 speciem
838 1811 1117 1867 advenisse
1145 1813 1325 1883 (Tomo
1352 1815 1542 1887 tertio),
1569 1831 1673 1886 qua
1719 1817 1769 1870 in
1816 1831 1876 1871 re
1915 1831 2146 1870 consen-

565 1904 730 1959 tiebat
759 1919 862 1958 non
893 1905 1050 1960 modo
1075 1922 1193 1960 eum
1222 1907 1528 1962 Manichaeis
1556 1919 1608 1963 et
1635 1909 2035 1972 Valentinianis,
2055 1907 2149 1962 sed

565 1997 723 2051 etiam
753 2012 871 2051 cum
908 1999 1280 2054 vetustioribus
1313 2001 1572 2054 lucreticis
1597 2001 1683 2070 qui
1712 2000 1960 2068 putabant
1991 1999 2150 2054 Chri-

566 2099 707 2141 stum
738 2089 915 2157 specie
959 2098 1160 2143 tantum
1200 2099 1254 2144 ct
1299 2104 1394 2160 per
1433 2089 1762 2160 phantasiam
1793 2091 2019 2145 venisse.
2059 2090 2147 2144 In-

564 2181 925 2235 earnationcm
957 2198 1085 2235 vero
1105 2181 1300 2236 Christi
1324 2183 1549 2252 negabat
1576 2225 1592 2250 ,
1623 2198 1724 2253 qua
1756 2182 1806 2236 in
1844 2197 1903 2237 re
1926 2197 1956 2236 a
1979 2182 2149 2254 Chry-

566 2282 806 2326 soslomo
828 2272 1150 2328 validissime
1181 2273 1484 2329 confutatur
1517 2276 1536 2344 (
1567 2273 1721 2329 Temo
1745 2284 1886 2330 sexto
1911 2284 1958 2328 et
1987 2273 2148 2328 Tanto

565 2365 818 2434 septimo).

637 2452 870 2523 Negabat
895 2469 1105 2524 quoque
1129 2453 1399 2512 Christum
1428 2471 1556 2512 vere
1583 2471 1796 2527 passum
1822 2472 1940 2512 esse
1966 2457 2148 2530 (Tanta

561 2544 838 2614 septimo).
862 2545 1201 2616 Quapropter
1246 2547 1376 2602 dicit
1421 2559 1635 2604 sanctus
1689 2548 1878 2603 doctor
1913 2564 2007 2603 eos
2057 2549 2147 2619 qui

561 2634 840 2690 Marcionis
881 2637 1069 2692 morbo
1095 2638 1338 2693 laborant
1355 2639 1489 2693 tilias
1517 2639 1712 2694 diaboli
1737 2654 1855 2694 esse
1880 2639 2142 2709 (Ibidem).

573 2724 787 2780 Dicebat
833 2726 992 2780 etiam
1024 2728 1234 2782 Patrem
1286 2730 1518 2798 ignotum
1562 2745 1681 2785 esse
1711 2731 1845 2785 Filio
1872 2731 1984 2785 Dei.
2011 2731 2148 2785 Mar-

561 2819 798 2875 cionista:
822 2819 1156 2876 aliirmahant
1183 2822 1452 2876 Christum
1495 2839 1598 2878 non
1639 2839 1758 2877 esse
1794 2825 2098 2878 Creatorem
2128 2840 2142 2878 :

563 2923 698 2978 quos
746 2911 956 2980 egregie
995 2911 1184 2966 refellit
1208 2912 1622 2984 Chrysostomus
1653 2912 1942 2984 (Ibidem).
1971 2914 2144 2984 Nega-

561 2996 688 3051 bant
730 2998 890 3052 etiam
932 3001 1072 3070 quod
1120 3016 1181 3055 ex
1238 3002 1401 3057 Maria
1432 3002 1647 3073 Virgine
1687 3013 1839 3059 natus
1885 3012 2048 3071 esset,
2081 3019 2144 3060 ac

561 3089 700 3156 quod
732 3105 858 3145 vere
885 3093 1306 3147 rcsurrexisscta
1330 3095 1552 3150 mortuis
1577 3095 1762 3165 (Tanto
1791 3097 2006 3166 octavo).

630 3179 942 3236 Gebennatu
991 3183 1187 3237 nullam
1234 3195 1355 3254 post
1401 3196 1626 3240 mortem
1668 3186 1782 3241 fore
1832 3185 2144 3241 dictitabant

558 3271 928 3336 Marcionistze,
961 3290 1184 3345 quorum
1217 3277 1595 3344 impudentiam
1627 3277 1930 3346 comprimit
1955 3275 2143 3332 doctor

558 3363 783 3434 noster.(
803 3363 961 3419 Tanta
991 3368 1168 3437 nano).
1188 3367 1339 3422 Pauli
1377 3369 1532 3423 dictis
1580 3369 1826 3424 utebatur
1866 3367 2097 3424 Marcion
2122 3411 2137 3432 ,

556 3453 650 3509 sed
707 3458 987 3511 truncatim
1026 3467 1080 3511 ct
1133 3461 1348 3514 concise
1391 3459 1573 3531 (Tanta
1637 3459 1870 3530 decimo).
1919 3461 2142 3517 Marcio-

558 3546 710 3598 nistze
749 3561 875 3600 vero
911 3564 1071 3601 utrum
1113 3558 1319 3604 tantum
1361 3550 1738 3618 evangelistam
1791 3553 2135 3622 recipiebant,

555 3649 712 3702 quem
740 3635 909 3704 ipsum
937 3646 1109 3692 tamen
1131 3639 1390 3694 arbitratu
1410 3653 1511 3694 suo
1532 3640 1972 3696 mutilaverantet
1991 3657 2138 3697 com-

561 3727 904 3778 miscuerant.

626 3815 977 3873 Marcionistze
1001 3818 1272 3875 Salamine
1297 3831 1450 3876 erant
1482 3822 1534 3876 iu
1562 3822 1760 3894 Cypro,
1791 3832 1847 3879 et
1877 3832 2042 3879 totam
2073 3825 2138 3880 il-

552 3907 658 3962 lam
686 3909 952 3966 civitatem
981 3914 1388 3983 apprimebant,
1427 3914 1594 3984 inquit
1623 3931 1637 3968 :
1665 3915 1748 3970 cui
1786 3916 1926 3970 malo
1965 3932 2138 3972 reme-

551 3996 698 4051 dium
728 3998 920 4056 alTerre
947 4002 1168 4072 parabat
1196 4003 1610 4076 Chrysostomus
1637 4046 1650 4069 ,
1683 4014 1737 4060 ct
1774 4020 1889 4061 rem
1917 4020 2134 4062 omnem

553 4087 779 4144 feliciter
817 4092 1156 4149 coniecturas
1183 4104 1299 4150 erat
1319 4134 1336 4160 ,
1364 4095 1466 4151 nisi
1496 4095 1698 4166 ejectus
1727 4105 1782 4152 et
1811 4098 1863 4153 in
1889 4097 2134 4154 exsilium

550 4179 745 4234 missus
776 4179 960 4236 fuisset
991 4183 1176 4254 (Tamo
1205 4185 1396 4257 tertia).

618 4269 1071 4328 Marcionistarum
1124 4289 1251 4331 vero
1311 4291 1464 4332 usum
1515 4277 1796 4349 quemdam
1855 4281 2131 4337 ridiculum

549 4359 620 4415 ita
666 4361 921 4417 describit
962 4374 1179 4422 sanctus
1219 4366 1407 4424 doctor
1450 4367 1651 4440 (Tanta
1681 4369 1874 4424 decima
1898 4369 1939 4442 ).
1982 4371 2132 4426 Post-

545 4470 696 4521 quam
717 4497 730 4519 ,
780 4455 986 4525 inquit,
1037 4459 1420 4514 catechumeuus
1451 4462 1700 4530 quispiam
1737 4462 2016 4531 apudillos
2042 4463 2132 4516 de-

549 4545 750 4612 functus
788 4556 897 4613 est,
929 4548 1020 4601 sub
1061 4549 1188 4603 lecta
1223 4551 1409 4603 mortui
1435 4551 1676 4604 absconsa
1706 4551 1876 4620 aliqua
1903 4553 2126 4621 vivente,

549 4637 790 4690 accedunt
814 4637 882 4688 ad
901 4647 1182 4702 mortuum,
1205 4649 1254 4692 et
1277 4640 1603 4710 alloquuntur
1627 4642 1826 4709 ipsum,
1854 4655 2130 4713 rogantque

547 4726 724 4781 velitne
761 4728 989 4796 accipere
1026 4730 1347 4800 baptismum.
1390 4729 1589 4784 Deinde
1629 4732 1718 4784 illo
1754 4733 1882 4787 ni/n'l
1919 4753 2128 4806 respon-

545 4817 708 4879 dente,
742 4817 828 4888 gui
854 4817 1126 4872 absconsus
1157 4828 1227 4872 est
1254 4835 1346 4889 pro
1371 4820 1461 4873 illa
1477 4819 1598 4872 dicit
1623 4836 1675 4873 se
1699 4822 1822 4875 uelle
1841 4822 2125 4894 baptizari:

545 4917 590 4959 et
619 4908 690 4961 sic
720 4925 832 4960 eum
855 4909 1114 4978 baptizaut
1151 4927 1243 4978 pro
1273 4927 1330 4964 eo
1353 4912 1440 4980 qui
1467 4913 1716 4978 excessit;
1743 4930 1800 4968 ac
1825 4917 1869 4969 si
1893 4916 1945 4970 in
1969 4934 2120 4973 scena

545 4999 776 5052 luderent
817 5009 1056 5053 :tantum
1099 5001 1258 5054 valuit
1305 5001 1537 5056 diabolus
1578 5003 1631 5057 in
1676 5005 1966 5076 ignavorum
2003 5011 2119 5063 ani-

543 5090 655 5142 mis.
694 5087 885 5142 Dcinde
921 5105 1034 5141 cum
1071 5099 1405 5156 accusantur,
1444 5093 1716 5150 obtendunt
1757 5097 1852 5150 hoc
1883 5099 2081 5153 uerbum
2103 5142 2116 5164 ,

542 5177 832 5244 Apostolus,
862 5176 1113 5246 inquiunt,
1144 5178 1292 5244 dixit,
1327 5179 1426 5247 Qui
1451 5180 1746 5252 baptizatur
1771 5201 1870 5258 pro
1895 5190 2119 5245 mortuis

543 5267 632 5333 (-l.
659 5264 779 5319 Cor.
811 5265 898 5321 15.
927 5264 1054 5337 29).

613 5352 759 5407 Alias
783 5368 994 5423 quoque
1020 5354 1300 5414 Marcionis
1329 5369 1382 5415 et
1405 5360 1856 5422 Marcionistarum
1894 5377 2116 5426 sentcn-

544 5441 645 5495 tias
686 5448 739 5494 et
772 5439 909 5493 dieta
955 5443 1108 5498 aiiâ€˜ert
1147 5446 1577 5520 Chrysostomus.
1617 5454 1728 5509 Non
1762 5466 1988 5526 poterat,
2033 5461 2117 5515 in-

542 5527 756 5601 quiebat
777 5529 1026 5596 Marcion,
1050 5532 1204 5600 Deus,
1223 5552 1490 5612 assumpta
1509 5560 1686 5613 carne,
1717 5563 1931 5604 manere
1955 5566 2114 5606 mun-

537 5615 661 5670 dus.
686 5618 760 5672 Ex
801 5617 866 5674 iis
905 5635 1055 5691 vero,
1089 5639 1206 5696 quae
1245 5627 1313 5682 de
1346 5630 1696 5692 Marcionistis
1725 5641 1920 5707 passim
1960 5640 2108 5706 dicit,

539 5707 796 5781 liquidum
829 5724 911 5773 est
951 5714 1403 5777 Marcionistarum
1440 5723 1683 5782 haeresim
1724 5744 1821 5785 suo
1863 5739 2102 5801 tempore

2251 449 2482 520 viguisse
2511 467 2522 503 :
2556 449 2662 504 imo
2700 450 3108 523 disputationem
3141 468 3299 524 quam
3343 468 3464 508 cum
3495 454 3833 512 Marcionista

2250 540 2479 610 quodam
2530 540 2712 596 habuit
2757 543 2919 596 refert
2965 543 3190 598 llomilia
3235 544 3388 598 tertia
3437 545 3490 598 in
3539 544 3707 613 Epist.
3760 545 3825 598 ad

2253 631 2613 687 Philemonem
2629 631 2714 704 (Î¤.
2745 634 3052 702 undecimo).
3081 634 3214 688 Cum
3239 635 3379 688 enim
3401 635 3629 704 probare
3653 635 3833 699 vellet,

2251 725 2416 780 Deum
2443 726 2600 779 etiam
2620 740 2741 780 cum
2766 740 2950 795 pinnas
2973 727 3192 794 expetit,
3215 725 3413 780 bonum
3441 735 3494 779 et
3511 725 3830 780 clementem

2249 828 2390 878 esse,
2421 823 2474 870 et
2503 814 2643 869 hunc
2669 815 2842 869 locum
2869 814 3081 870 afferret
3113 833 3126 868 :
3158 813 3332 869 Solent
3366 815 3491 869 oriri
3519 826 3662 870 curat
3683 832 3835 886 super

2251 905 2412 959 malas
2439 915 2486 959 et
2511 905 2689 971 bonas,
2717 906 2844 976 pluit
2872 922 3022 976 super
3039 908 3210 976 justas
3243 915 3289 958 et
3316 907 3533 977 injustas
3563 922 3582 961 :
3606 907 3826 962 Marcio-

2253 997 2390 1053 nista
2415 998 2506 1067 qui
2533 995 2718 1051 aderat
2760 997 3033 1066 respondit
3066 1016 3078 1050 :
3105 996 3165 1052 Si
3203 1008 3543 1069 peccatorum
3569 998 3834 1052 rationem

2252 1102 2357 1142 non
2398 1096 2691 1157 expeteret,
2733 1087 2784 1142 id
2825 1088 3078 1142 bonitatis
3111 1089 3256 1155 fore;
3290 1089 3335 1142 si
3374 1096 3620 1158 expetat,
3646 1088 3700 1142 id
3722 1087 3837 1158 jam

2253 1178 2506 1232 bonitatis
2538 1193 2644 1232 non
2681 1191 2820 1233 esse.
2860 1176 3054 1232 Contra
3096 1193 3224 1232 vero
3262 1177 3677 1249 Chrysostomus
3705 1193 3836 1248 pra-

2251 1268 2415 1336 havit,
2471 1269 2658 1334 Deum,
2704 1268 2749 1323 si
2803 1269 3062 1324 rationem
3120 1284 3225 1323 nou
3273 1278 3508 1339 expetat,
3559 1283 3665 1324 non
3713 1283 3836 1324 esse

2252 1360 2472 1426 bonum,
2511 1369 2565 1414 et
2591 1359 2710 1430 quia
2741 1361 2960 1429 expetit,
2992 1359 3112 1414 ideo
3141 1360 3337 1414 bonum
3365 1375 3506 1416 esse.
3544 1360 3678 1426 Quia
3708 1374 3837 1414 vero

2251 1459 2562 1522 argumenta
2592 1451 2706 1520 ejus
2735 1451 2912 1504 omnia
2944 1451 3142 1505 rcl'crre
3171 1451 3424 1520 longioris
3451 1460 3594 1506 esset
3619 1465 3796 1521 operae
3815 1490 3832 1518 ,

2253 1544 2320 1599 ad
2347 1545 2521 1599 locum
2553 1547 2722 1613 ipsum
2749 1543 3006 1598 mittimus
3033 1543 3217 1612 (Tanta
3245 1544 3470 1614 quarto).

2323 1634 2504 1689 Manes
2532 1641 2587 1689 et
2620 1633 2927 1700 Manichazi,
2957 1649 3092 1703 quos
3120 1635 3314 1703 passim
3345 1633 3636 1688 insectatur
3665 1635 3834 1706 Chry-

2253 1735 2519 1780 sostomus
2558 1725 2825 1790 dicebant,
2866 1733 2924 1778 ut
2952 1725 3184 1780 Marcion
3211 1733 3266 1780 et
3297 1725 3625 1793 Valentinus,
3661 1736 3832 1780 mate-

2259 1817 2392 1871 riam
2423 1825 2547 1872 ante
2575 1817 2755 1872 muudi
2785 1815 3108 1872 creationem
3135 1816 3401 1872 exstitisse
3429 1815 3612 1888 (Tanta
3641 1817 3830 1887 tertio).

2253 1908 2368 1963 Non
2408 1916 2616 1978 poterat
2647 1909 2788 1964 enim
2821 1909 2980 1974 Deus,
3005 1908 3329 1978 inquiebant,
3352 1907 3606 1962 mundum
3640 1921 3829 1964 creare

2253 1999 2454 2070 absque
2469 2000 2712 2055 materia.
2731 1999 2934 2054 Bonum
2956 2006 3011 2054 et
3033 1998 3230 2054 malum
3265 1999 3422 2055 deum
3444 1998 3787 2054 admittebant
3816 2017 3830 2052 :

2254 2090 2453 2144 malum
2477 2089 2640 2145 deum
2671 2090 2870 2146 veteris
2903 2089 3224 2146 Testamenti
3268 2099 3541 2145 auctorem
3592 2105 3711 2146 esse
3748 2089 3832 2144 af-

2254 2180 2563 2247 ï¬rmabant,
2608 2181 2805 2237 bonum
2867 2189 3046 2238 autem
3091 2182 3213 2236 novi
3256 2181 3582 2238 Testamenti
3626 2181 3830 2254 (Tanto

2250 2272 2484 2342 septimo)
2521 2273 2628 2328 imo
2665 2283 2900 2329 veterem
2943 2273 3114 2343 legem
3155 2288 3221 2329 ex
3258 2273 3472 2328 diabolo
3518 2289 3638 2330 esse
3686 2274 3829 2330 dice.

2251 2365 2398 2419 bant.
2436 2363 2617 2435 (Toma
2647 2362 2832 2436 primo)
2863 2363 3198 2420 Patriarehas
3235 2373 3413 2420 autem
3455 2376 3509 2420 et
3542 2367 3828 2436 prophetas

2251 2454 2372 2510 ideo
2397 2454 2741 2523 spernebant,
2773 2454 2914 2525 quod
2950 2455 3002 2510 in
3029 2456 3192 2510 veteri
3224 2455 3340 2526 lege
3374 2456 3617 2511 fuissent.
3646 2456 3830 2528 (Tomo

2248 2544 2450 2620 quarto)
2479 2545 2644 2600 Deum
2669 2559 2795 2600 vero
2823 2555 3118 2600 creatorem
3136 2560 3255 2600 esse
3271 2547 3531 2616 negabant
3559 2545 3828 2616 (Ibidem);

2249 2636 2357 2690 imo
2384 2643 2624 2689 naturam
2643 2637 2790 2705 quasi
2815 2651 2917 2690 non
2941 2635 3130 2691 iactam
3149 2637 3460 2690 honorabant
3479 2639 3496 2704 (
3518 2636 3577 2690 Î¤.
3603 2638 3824 2708 octava).

2248 2723 2429 2793 Neque
2442 2733 2618 2780 tamen
2635 2726 2732 2779 sibi
2751 2726 3132 2792 constabant,si
3147 2727 3215 2781 de
3231 2727 3332 2782 illis
3347 2728 3743 2798 intelligendum
3761 2731 3828 2784 sit

2248 2818 2299 2874 id
2317 2818 2458 2889 quod
2477 2819 2606 2873 dicit
2621 2819 3050 2889 Chrysostomus,
3070 2828 3126 2874 ut
3155 2820 3372 2874 omnino
3402 2821 3690 2875 verisimile
3706 2832 3788 2876 est
3808 2839 3821 2873 :

2251 2909 2489 2977 Quidam,
2512 2910 2680 2979 inquit
2697 2909 2904 2979 (Ibid.),
2927 2910 3086 2963 alium
3118 2925 3224 2964 esse
3248 2910 3426 2964 mundi
3451 2919 3728 2966 creatorem
3749 2913 3828 2965 di-

2247 3008 2385 3067 cunt,
2409 3016 2659 3069 operaque
2686 3001 2901 3054 uisibilia
2935 3017 3032 3055 non
3059 3003 3170 3071 ejus
3199 3017 3323 3066 esse,
3353 3002 3440 3056 sed
3473 3003 3680 3056 alterius
3708 3001 3826 3070 Dei,

2245 3089 2346 3159 ipsi
2367 3090 2626 3144 contrarii.
2664 3089 2788 3146 ideo
2815 3100 2989 3146 autem
3029 3093 3366 3163 reprobatam
3397 3093 3560 3148 fuisse
3585 3103 3827 3152 veterem

2245 3181 2416 3251 legem
2445 3181 2710 3248 dicebant,
2739 3183 2860 3252 quia
2887 3199 2915 3236 a
2944 3183 3084 3238 malo
3121 3183 3228 3239 deo
3254 3182 3411 3249 facta,
3443 3183 3580 3239 mala
3619 3193 3672 3238 et
3711 3185 3826 3256 ipsa

2243 3281 2377 3338 erat,
2405 3282 2564 3344 atque
2593 3273 2695 3329 hoc
2711 3273 2950 3344 Apostoli
2984 3273 3126 3329 dicto
3156 3277 3441 3330 utebantur
3473 3293 3486 3329 :
3517 3275 3824 3346 Reprobatio

2241 3365 2441 3433 quidem
2466 3365 2524 3434 ï¬t
2549 3365 2878 3436 praecedentis
2902 3367 3128 3420 mandati
3153 3377 3358 3436 propter
3391 3367 3742 3437 inï¬rmitatem
3778 3378 3826 3424 et

2241 3454 2561 3509 inutilitatem
2585 3453 2766 3525 (Hebr.
2785 3455 2838 3510 7.
2868 3455 2977 3527 18).
3002 3455 3144 3510 Ecce
3165 3455 3377 3519 Paulus,
3399 3457 3704 3527 iuquiebant
3724 3459 3822 3527 illi,

2240 3544 2435 3600 malum
2459 3544 2586 3600 dicit
2606 3546 2908 3600 mandatum
2927 3544 3108 3616 (Î¤Î¿Î¹Ï€Î¿
3125 3546 3468 3618 duodecima).
3495 3546 3600 3604 Sed
3614 3551 3820 3605 attende

2240 3636 2524 3708 diligenter,
2555 3638 2768 3706 reponit
2795 3637 3212 3708 Chrysostomus
3251 3655 3396 3692 :nan
3421 3639 3544 3693 dicit
3587 3642 3722 3709 quod
3755 3645 3828 3698 sit

2239 3731 2473 3785 vitiosum
2515 3739 2561 3783 et
2599 3745 2832 3799 pravum,
2873 3728 2962 3784 sed
3002 3737 3207 3799 praptcr
3246 3731 3594 3800 inï¬rmitatem
3631 3734 3740 3802 ejus
3774 3743 3823 3788 et

2239 3820 2579 3874 inutilitatem.

2308 3911 2560 3966 Naturam
2599 3919 2836 3966 nostram
2871 3926 2991 3967 esse
3032 3911 3226 3966 malam
3265 3911 3605 3970 affirmabant
3634 3915 3818 3986 (Tanta

2218 4000 2475 4074 'secunda)
2512 4019 2526 4056 :
2557 4010 2838 4073 tamenque
2886 4003 3008 4073 quia
3051 4019 3155 4058 non
3207 4013 3381 4074 potest
3429 4006 3673 4076 impietas
3725 4023 3814 4063 se-

2237 4107 2358 4148 cum
2410 4107 2620 4163 semper
2663 4093 2965 4148 consentire
2985 4134 3000 4160 ,
3033 4093 3086 4147 in
3115 4109 3265 4147 canes
3311 4104 3358 4148 et
3387 4096 3560 4150 simias
3585 4101 3818 4168 ferasque

2237 4184 2400 4238 omnis
2441 4176 2638 4254 generis
2673 4183 2895 4236 diuinam
2939 4185 3203 4239 essentiam
3242 4185 3565 4254 inducebant,
3598 4189 3818 4244 dicentes

2237 4276 2459 4342 ferarum
2486 4273 2710 4326 omnium
2736 4273 2933 4328 animus
2957 4290 3021 4328 ea:
3043 4274 3215 4328 divina
3243 4277 3458 4330 essentia
3483 4292 3625 4344 esse;
3656 4278 3726 4332 ita
3758 4287 3816 4334 ut

2236 4367 2390 4436 longe
2410 4367 2696 4423 nobiliores
2717 4369 2912 4424 anima:
2934 4369 3164 4426 ferarum
3195 4381 3376 4428 essent
3401 4374 3680 4431 animabus
3710 4374 3810 4430 lto-

2235 4459 2454 4513 miuum.
2483 4459 2788 4516 Creaturam
2838 4477 2964 4517 vero
3009 4462 3283 4518 Manicluei
3311 4463 3493 4536 (Tanta
3542 4467 3735 4538 tertia),
3764 4479 3814 4524 et

2232 4552 2321 4605 alii
2349 4553 2569 4607 Iiwretici
2603 4555 2827 4623 quidam,
2859 4556 2940 4609 dei
2968 4573 3069 4610 non
3096 4557 3212 4612 boni
3249 4575 3377 4627 apus
3405 4576 3512 4615 esse
3539 4561 3813 4617 dixerunt:

2229 4643 2434 4712 quidam
2461 4659 2611 4697 unam
2631 4646 2741 4714 ejus
2769 4654 2960 4714 partem
2981 4649 3206 4702 avulsam
3232 4665 3263 4701 a
3287 4652 3498 4717 ueteris,
3521 4661 3813 4720 spontanee

2230 4734 2451 4788 materia:
2474 4736 2826 4801 attribuerunt,
2850 4754 3056 4807 eamque
3077 4739 3339 4810 indignant
3359 4757 3464 4795 esse
3491 4742 3586 4794 Dei
3605 4743 3810 4812 api/icio

2217 4825 2542 4893 judicarunt.
2571 4827 2719 4882 Licet
2755 4836 2933 4882 autem
2978 4829 3297 4886 Manichteos
3340 4847 3445 4886 non
3479 4833 3718 4888 nominet
3754 4834 3807 4888 in

2229 4914 2364 4970 libro
2391 4914 2460 4970 de
2487 4915 2891 4986 Prophetiarum
2917 4919 3262 4987 obscuritate,
3295 4921 3415 4977 illos
3441 4932 3617 4978 tamen
3646 4925 3808 4994 respi-

2224 5006 2296 5060 cit
2323 5021 2442 5061 cum
2473 5007 2745 5079 impugnat
2787 5024 2882 5065 eos
2920 5010 3008 5081 qui
3039 5011 3286 5068 dicebant
3319 5029 3515 5085 corpus
3540 5030 3659 5071 esse
3687 5031 3804 5070 ma-

2223 5097 2367 5162 lum;
2411 5097 2729 5170 illoruiuque
2769 5114 3006 5155 errorem
3043 5101 3281 5173 depellit,
3325 5118 3430 5174 quo
3469 5104 3805 5162 afï¬rmabant

2223 5187 2413 5240 malam
2440 5201 2556 5243 esse
2582 5199 2823 5244 naturam
2850 5188 3029 5262 (Tomo
3057 5192 3313 5265 septima).

2291 5277 2610 5334 Manichmus
2631 5280 2791 5337 Persa
2813 5282 3228 5339 incarnationem
3258 5285 3412 5342 Verbi
3440 5287 3528 5342 Dei
3552 5289 3802 5359 negabat,

2222 5379 2278 5422 ut
2325 5377 2380 5424 et
2422 5369 2654 5426 Marcion
2702 5380 2756 5428 ct
2801 5371 3132 5442 Valentinus,
3177 5375 3490 5447 dicebatque
3528 5377 3800 5435 Christum

2220 5461 2430 5516 nonnisi
2487 5477 2584 5532 per
2629 5465 2862 5534 speciem
2905 5465 3216 5532 advenisse,
3264 5468 3445 5538 sicque
3492 5469 3797 5526 Docitarum

2219 5550 2444 5606 hrcresin
2466 5555 2753 5609 renovabat
2784 5553 2964 5622 (Tomo
2993 5558 3183 5625 tertio).
3206 5557 3458 5628 idemque
3475 5559 3796 5615 Manichacus

2217 5643 2436 5709 perinde
2469 5652 2629 5714 atque
2667 5645 2917 5713 Marcion,
2962 5647 3231 5704 Christum
3277 5665 3380 5706 non
3423 5664 3544 5708 esse
3575 5661 3790 5708 creato-

2216 5750 2328 5790 rem
2356 5737 2691 5794 asseverabat
2719 5737 2900 5811 (Tanto
2928 5740 3184 5812 septimo).
