4194 6476
384 410 460 463 67
1170 413 1338 483 QUAS
1382 415 1446 471 IN
1486 416 1826 476 OPElilBUS
1864 421 2348 482 CllRYSOSTOMl
2388 426 2920 486 OBSERVANTUB.
3611 448 3678 503 (is

445 546 755 614 Manichaei,
787 548 964 618 inquit
988 547 1432 622 Chrysostomus,
1461 567 1622 608 canes
1659 554 1791 608 muti
1815 562 1871 610 et
1897 570 1987 611 ra-

368 645 486 701 bidi
512 641 758 710 speciem
787 642 1004 711 quidem
1039 659 1149 714 pra:
1184 659 1244 699 se
1279 644 1459 700 ferunt
1497 647 1808 716 modestiae,
1842 649 1984 705 intus

367 745 500 787 vero
541 746 766 801 gravem
807 749 1003 788 canum
1047 736 1308 791 insaniam
1351 737 1548 804 fovent,
1594 749 1649 795 et
1687 741 1803 796 ovis
1844 742 1985 811 pelle

367 829 556 892 lupum
625 825 906 880 occultant
957 826 978 897 (
1001 826 1158 881 Tomo
1205 829 1432 899 quarto)
1474 848 1488 885 :
1531 847 1594 885 ex
1666 830 1769 886 hoc
1827 832 1979 899 loco,

377 912 530 967 Amen
551 913 671 968 dico
699 916 812 980 tibi,
846 917 1000 972 hodie
1023 934 1216 971 mecum
1236 921 1337 973 eris
1358 921 1412 973 in
1435 922 1675 990 paradiso
1701 922 1854 991 (Luc.
1884 927 1974 982 25.

376 1008 489 1076 43),
522 1008 852 1076 inferebant,
901 1012 1308 1069 retributionem
1339 1015 1482 1070 illam
1521 1018 1715 1072 animae
1758 1018 1981 1075 latronis

374 1100 636 1169 integram
681 1101 877 1156 factam
918 1102 1086 1159 fuisse
1125 1113 1181 1159 et
1217 1121 1508 1175 numquam
1548 1106 1664 1164 fore
1692 1123 1978 1179 corporum

369 1191 828 1246 resurrectionem
854 1212 868 1248 :
897 1209 1032 1264 quos
1059 1197 1271 1266 egregie
1295 1197 1491 1252 refellit
1514 1197 1655 1254 idem
1678 1199 1735 1254 S.
1765 1201 1976 1268 doctor,

367 1291 425 1336 ut
453 1283 687 1354 quisque
716 1285 900 1340 videre
940 1288 1126 1356 possit.
1164 1289 1416 1343 Dicebant
1441 1305 1654 1360 quoque
1680 1308 1776 1362 per
1801 1309 1980 1348 resur-

366 1376 668 1429 rectionem
715 1377 940 1448 intelligi
979 1389 1210 1435 mortem
1237 1389 1292 1436 et
1326 1380 1698 1441 liberationem
1727 1399 1758 1439 a
1787 1400 1976 1456 pecca-

365 1468 431 1521 tis
458 1466 647 1536 (Tomo
674 1469 918 1540 decimo).

434 1580 834 1646 Affirmabant,
857 1584 1029 1654 inquit
1059 1585 1477 1658 Chrysostomus
1497 1587 1683 1662 (Tomo
1709 1593 1969 1666 septimo),

361 1671 648 1727 Manichaei
701 1675 962 1730 malitiam
998 1692 1121 1732 esse
1166 1680 1441 1736 immotam
1491 1683 1574 1738 vel
1620 1683 1969 1755 immobilem,

359 1779 538 1833 neque
578 1779 742 1834 posse
776 1768 1018 1837 superari
1049 1777 1105 1824 et
1141 1771 1324 1839 avelli,
1370 1772 1562 1827 diaboli
1603 1792 1710 1830 rem
1745 1787 1965 1848 agentes,

359 1854 436 1908 ait
483 1855 596 1922 ille,
645 1864 692 1910 et
740 1873 939 1925 eorum,
993 1859 1080 1930 qui
1127 1861 1298 1916 uirtuti
1347 1879 1556 1933 operam
1597 1865 1721 1922 dare
1763 1868 1966 1935 vellent,

357 1961 544 2000 manus
582 1948 942 2017 dissolventes,
983 1952 1237 2020 vitamque
1273 1971 1470 2010 onmem
1507 1967 1797 2013 avertentes.
1830 1959 1969 2016 Nam

354 2038 447 2106 qui
482 2039 595 2092 Iure
620 2041 934 2109 persuadere
966 2053 1237 2110 conantur,
1271 2061 1372 2100 non
1411 2051 1588 2117 futura
1626 2059 1820 2105 tantum
1849 2069 1967 2122 pes-

352 2131 622 2196 sumdant,
660 2133 751 2186 sed
787 2137 1060 2203 pra'sentia
1101 2153 1298 2209 quoque
1330 2141 1579 2212 susdeque
1605 2154 1820 2200 vertunt.
1854 2147 1967 2203 lmo

353 2221 615 2278 dicebant
653 2226 854 2279 malum
886 2241 1008 2282 esse
1045 2228 1360 2299 ingenitum.
1389 2232 1584 2298 Quanti
1614 2245 1796 2292 autem
1841 2239 1966 2294 hinc

353 2328 575 2370 errores
614 2327 975 2386 sequerentur
1017 2322 1207 2389 probat
1236 2321 1324 2377 ille
1361 2332 1414 2378 et
1449 2324 1710 2397 lucifugas
1747 2328 1966 2400 depellit

354 2403 554 2472 (Temo
605 2405 798 2478 nono).
824 2409 964 2463 Alibi
1017 2425 1229 2483 quoque
1270 2412 1385 2470 haec
1431 2417 1635 2485 profert
1666 2438 1680 2472 :
1710 2419 1810 2475 Per
1863 2440 1963 2492 pu-

352 2495 523 2547 tidum
539 2511 596 2549 os
622 2495 1030 2553 Manichaeorum
1050 2501 1281 2557 diabolus
1302 2521 1357 2559 se
1379 2506 1657 2577 ingenitum
1677 2527 1783 2567 esse
1802 2513 1920 2567 dicit
1944 2531 1963 2568 :

251 2593 254 2597 ‘
349 2603 473 2639 nam
500 2629 516 2654 ,
561 2589 738 2658 inquit
767 2590 890 2656 ille,
946 2591 1226 2650 Manichtei
1265 2598 1497 2653 dicebant
1552 2603 1694 2672 apud
1735 2603 1964 2660 Paulum

347 2681 504 2733 deum
551 2682 708 2752 hujus
759 2685 937 2739 seaculi
980 2687 1271 2758 signiﬁcare
1323 2691 1583 2748 diabolunt
1625 2695 1825 2768 (Tomo
1881 2700 1964 2755 de-

348 2774 486 2826 cimo
509 2774 551 2843 ).

420 2888 735 2946 Encratitas
785 2908 891 2947 una
950 2908 1073 2950 cum
1132 2895 1492 2956 Marcionistis
1547 2911 1601 2958 et
1653 2902 1959 2962 Manichreis

343 2993 748 3039 commemorat
805 2984 1225 3058 Chrysostomus
1263 2990 1446 3064 (Tomo
1504 2995 1820 3068 undecimo).
1882 2999 1959 3055 De

342 3073 448 3130 hac
477 3085 662 3130 autem
704 3076 900 3134 haeresi
947 3083 1224 3139 rarissime
1259 3085 1424 3141 verba
1465 3088 1628 3156 facit;
1671 3100 1959 3166 tamenque

339 3180 443 3219 suo
473 3177 722 3236 tempore
748 3167 1044 3227 Encratitaz
1071 3174 1250 3230 adhuc
1279 3177 1581 3236 Antiochia:
1616 3194 1790 3253 erant,
1822 3193 1958 3243 teste

341 3255 674 3326 Epiphanio.
712 3260 1019 3319 Encratitas
1059 3281 1166 3321 non
1213 3270 1380 3323 semel
1411 3286 1799 3332 commemorat
1836 3277 1957 3335 Cle-

343 3364 502 3404 mens
534 3350 956 3420 Alcxandrinus,
986 3356 1076 3426 qui
1107 3357 1246 3413 libro
1269 3360 1300 3413 7
1321 3359 1655 3420 Stromatum
1690 3368 1801 3436 ait,
1833 3370 1956 3427 illos

339 3445 446 3496 ἀπὸ
492 3443 761 3513 ἐνεργῆσαί
797 3449 894 3504 οἱπῦ
945 3455 1216 3521 ἐγκρατείας
1259 3453 1337 3509 sic
1386 3457 1666 3526 appellari.
1694 3459 1954 3532 Origenes

336 3543 530 3588 contra
577 3529 793 3595 Celsum
846 3541 978 3598 dicit
1026 3544 1174 3614 ipsos
1212 3563 1319 3601 non
1363 3549 1646 3607 admisisse
1687 3529 1954 3626 Epistolas

336 3627 518 3682 Pauli.
574 3629 766 3687 Narrat
814 3650 944 3691 vero
1001 3637 1266 3696 Eusebius
1315 3642 1455 3700 llist.
1510 3646 1658 3704 Eccl.
1717 3665 1771 3722 p.
1826 3652 1951 3719 M9,

335 3717 506 3789 hujus
556 3721 826 3780 haereseos
876 3736 1153 3786 auctorem
1209 3731 1372 3790 fuisse
1427 3717 1734 3795 Tatianum:
1790 3743 1953 3815 quue

333 3812 631 3869 continuat
670 3817 830 3871 etiam
864 3817 1218 3890 Epiphanius,
1259 3825 1349 3898 qui
1389 3828 1534 3886 addit
1580 3831 1705 3888 illos
1741 3812 1950 3892 Tatiani

333 3905 605 3962 doctrina:
651 3911 899 3980 quaedam
955 3913 1240 3986 adjecisse,
1298 3922 1579 3992 scripturis
1627 3930 1951 4001 apocryphis

335 4015 470 4054 usos
498 4000 694 4068 fuisse,
722 4019 916 4074 nempe
937 4007 1088 4064 Actis
1113 4010 1366 4082 Andreas,
1387 4013 1608 4072 Joannis
1629 4027 1684 4076 et
1702 4000 1945 4090 Thomze;

335 4093 558 4162 nuptias
597 4108 665 4148 ex
700 4093 916 4151 diabolo
961 4113 1083 4155 esse
1120 4100 1389 4168 docuisse,
1430 4107 1664 4164 animata
1703 4113 1952 4182 repudia-

336 4185 502 4248 visse,
540 4198 737 4253 aquam
780 4187 955 4244 solum
986 4189 1299 4250 adhibuisse
1338 4195 1390 4251 in
1433 4201 1736 4270 mysteriis,
1767 4204 1946 4260 vinum

331 4287 462 4327 esse
521 4273 851 4333 diabolicum
900 4283 1203 4352 putavisse,
1262 4291 1714 4349 resurrectionem
1769 4303 1948 4354 tamen

339 4365 463 4422 fore
493 4369 816 4440 credidisse,
851 4377 1266 4446 temperantiam
1298 4380 1656 4441 simulavisse.

405 4483 566 4538 Multi
600 4495 754 4542 erant
796 4496 1040 4560 tempore
1073 4492 1466 4569 Cbrysostomi,
1498 4501 1588 4572 qui
1617 4505 1804 4573 genesi
1833 4507 1950 4565 sive

330 4575 783 4647 genethlialogiae
823 4579 1024 4636 dabant
1051 4598 1295 4653 operam,
1330 4589 1530 4661 quique
1569 4607 1638 4648 ex
1676 4603 1946 4653 astrorum

329 4679 498 4720 cursu
537 4677 596 4721 et
623 4669 1005 4739 conjunctione
1032 4673 1209 4734 futura
1239 4680 1625 4752 praedicabant,
1656 4694 1711 4742 et
1741 4694 1799 4742 ut
1822 4704 1944 4746 cre-

331 4758 467 4813 dere
509 4770 617 4825 est,
664 4763 863 4820 multos
905 4767 1236 4838 alliciebant,
1274 4774 1366 4847 qui
1411 4785 1468 4834 ut
1507 4775 1683 4834 futura
1719 4781 1821 4837 sibi
1860 4783 1946 4839 vel

330 4851 477 4907 bona
510 4854 595 4908 vel
627 4856 764 4912 mala
797 4872 1218 4931 praenoscerent,
1249 4867 1316 4922 ad
1346 4871 1648 4944 astrologos
1675 4873 1946 4948 illosproo

338 4946 636 5014 perabant,
671 4957 728 5004 ut
757 4949 879 5006 data
907 4956 1186 5024 mercede,
1217 4975 1340 5030 quae
1368 4962 1472 5019 sibi
1508 4976 1767 5024 eventura
1791 4946 1948 5027 erant

328 5036 652 5093 ediscerent
698 5039 902 5109 (Tomo
950 5047 1221 5118 septimo).
1263 5050 1374 5107 Hos
1413 5055 1762 5114 vehementer
1804 5061 1947 5119 inse-

324 5139 513 5183 etatur
561 5127 985 5204 Clirysostomus
1025 5138 1208 5208 (Tomo
1237 5143 1558 5221 duodecimo)
1598 5167 1611 5203 :
1653 5149 1944 5226 Usquequo,

324 5219 534 5290 inquit,
567 5221 753 5279 ludetis
780 5227 1146 5286 reuelationem
1175 5241 1220 5288 et
1247 5237 1469 5305 genesim
1498 5219 1794 5297 inducentes
1806 5219 1845 5298 .9.

325 5313 485 5369 falsis
525 5331 659 5372 vero
707 5319 1168 5391 praedictionibus,
1213 5343 1348 5398 quas
1395 5345 1541 5402 saepe
1580 5335 1940 5406 protulerant,

325 5425 496 5478 quam
538 5427 675 5468 vana
720 5415 792 5468 sit
825 5431 916 5471 ars
956 5417 1262 5489 hujusmodi
1304 5424 1516 5493 probat,
1555 5429 1796 5500 nihilque
1837 5447 1944 5487 non

321 5503 437 5574 agit
471 5512 528 5558 ut
549 5505 829 5564 auditores
853 5524 981 5566 suos
1005 5528 1035 5567 a
1061 5515 1272 5570 curiosa
1298 5525 1354 5572 et
1378 5517 1521 5573 inani
1548 5523 1936 5593 perquisitione

321 5602 562 5652 avertat.
595 5597 826 5663 Quidam
866 5617 996 5657 vero
1043 5619 1108 5659 ex
1149 5606 1319 5677 magis
1360 5617 1416 5663 et
1445 5611 1600 5665 stella
1629 5627 1749 5683 qua:
1774 5629 1943 5685 appa-

323 5689 434 5742 ruit
476 5689 531 5744 in
572 5701 692 5746 ortu
731 5692 955 5761 Christi,
1001 5698 1227 5766 probare
1255 5701 1567 5760 nitebantur
1600 5709 1944 5780 astrologiam

323 5798 519 5837 veram
548 5800 668 5840 esse
696 5785 1070 5858 disciplinam,
1102 5808 1236 5863 quos
1270 5804 1488 5856 strenue
1517 5797 1711 5858 refellit
1737 5812 1791 5860 et
1816 5819 1946 5863 con-

323 5874 463 5932 futat
494 5875 944 5948 Cltrysostomus.

2114 589 2119 593 -
2164 551 2355 609 lnsana
2381 569 2595 626 quoque
2619 555 3296 630 Anthropomorphitarum
3325 562 3545 619 luet-esis
3571 581 3688 621 πηνα

2091 644 2186 700 illo
2215 644 2444 715 vigebat.
2470 647 2534 702 lli
2562 662 2626 703 ex
2661 650 2760 704 hoc
2782 649 3010 706 Genesis
3028 651 3188 719 dicto,
3215 652 3490 711 Faciamus
3518 641 3689 713 Itami-

2089 751 2204 790 nem
2222 737 2498 791 secundum
2518 738 2788 810 imaginem
2815 750 2861 794 et
2880 741 3263 798 similitudinem
3284 754 3506 801 nostram
3532 746 3688 813 (Gen.

2089 826 2141 881 1.
2167 825 2285 898 26),
2315 827 2484 883 Deum
2525 830 2755 885 humana
2800 831 2970 888 forma
3028 843 3083 890 et
3124 849 3351 906 corpore
3403 839 3688 908 praeditum

2088 918 2250 976 fuisse
2280 921 2778 991 infercbaut(Tomo
2807 927 3143 998 quarto).Hic
3169 930 3438 1001 insurgunt
3463 932 3690 989 hazretici

2085 1011 2196 1078 alii,
2216 1012 2385 1083 inquit
2401 1013 2510 1080 ille,
2530 1014 2773 1070 Ecclesia?
2786 1018 3026 1089 dogmata
3041 1020 3411 1090 impugnantes,
3427 1033 3472 1075 et
3488 1024 3685 1092 dicunt,

2089 1101 2219 1156 Ecce
2247 1105 2387 1171 dicit,
2422 1105 2714 1161 Secundum
2752 1109 3024 1180 imaginem
3061 1120 3328 1176 nostram;
3367 1121 3414 1166 et
3452 1114 3572 1168 inde
3599 1130 3688 1170 vo-

2084 1195 2194 1250 lunt
2228 1195 2334 1250 Deo
2361 1197 2634 1253 humanam
2671 1202 2890 1270 formam
2917 1203 3168 1270 tribuere;
3193 1206 3249 1258 id
3279 1208 3414 1277 quod
3448 1219 3687 1264 extrema:

2082 1287 2233 1356 fuerit
2252 1291 2503 1356 amentite,
2537 1302 2590 1346 ut
2609 1293 2651 1348 is
2678 1295 2764 1364 qui
2792 1299 2958 1366 forma
2985 1299 3246 1368 specieque
3272 1310 3438 1369 caret,
3472 1313 3520 1356 et
3549 1305 3686 1362 nulli

2081 1381 2349 1436 mutationi
2367 1383 2613 1440 obnoxius
2632 1396 2726 1455 est,
2753 1388 2843 1442 sub
2864 1389 3138 1445 humanam
3159 1377 3417 1464 redigatur
3437 1399 3678 1466 formam,

2081 1479 2128 1522 et
2167 1471 2462 1543 incorporeo
2489 1476 2713 1532 membra
2751 1488 2797 1533 et
2823 1480 3128 1536 lineamenta
3153 1484 3494 1541 attribuantur
3519 1504 3538 1541 :
3565 1506 3682 1560 qua:

2079 1565 2195 1618 huic
2221 1566 2422 1623 insania
2449 1586 2545 1641 par
2570 1574 2764 1642 fuerit?
2790 1573 2925 1642 Quia
2953 1591 3082 1633 vero
3107 1579 3679 1652 Anthropomorpltita:

2081 1652 2207 1710 hinc
2249 1671 2400 1712 suam
2451 1660 2773 1720 confirmare
2816 1667 3140 1722 sententiam
3192 1684 3348 1740 posse
3390 1674 3676 1742 putabant,

2077 1745 2220 1815 quod
2247 1748 2301 1802 in
2330 1747 2602 1820 Scriptura
2624 1767 2776 1809 sacra
2805 1754 3074 1812 diceretur
3102 1759 3244 1815 Deus
3273 1777 3484 1831 manus,
3516 1764 3679 1832 pedes

2076 1849 2132 1895 et
2171 1841 2355 1898 oculos
2397 1843 2614 1911 habere,
2641 1860 2764 1916 qua:
2805 1847 2946 1904 dicta
3000 1851 3289 1908 humanam
3325 1854 3551 1910 formam
3578 1871 3677 1912 ex-

2073 1929 2307 2000 primere
2345 1932 2446 1988 sibi
2499 1933 2820 1992 videbantur
2855 1938 3054 2012 (Tomo
3081 1943 3290 2015 quinto)
3327 1961 3342 1998 :
3373 1944 3494 2000 illos
3546 1961 3674 2017 pro-

2072 2020 2219 2092 ﬂigat
2244 2022 2681 2095 Chrysostomus,
2717 2029 2838 2086 haec
2863 2032 3095 2088 vicissim
3119 2036 3380 2106 objiciens
3413 2055 3427 2094 :
3460 2039 3676 2110 Ergone

2075 2112 2262 2178 Deum,
2286 2115 2407 2185 quia
2435 2117 2490 2172 in
2513 2117 2788 2189 Scriptura
2814 2122 3010 2180 dicitur
3036 2141 3221 2182 arcum
3255 2129 3474 2187 tendere
3500 2142 3554 2187 et
3583 2147 3678 2186 sa.

2071 2204 2229 2273 gittas
2256 2207 2524 2275 emittere,
2557 2211 2926 2281 sagittarium;
2959 2224 3014 2270 et
3041 2217 3162 2288 quia
3200 2220 3432 2289 gladium
3463 2222 3675 2279 vibrare

2069 2293 2258 2364 fertur,
2303 2298 2526 2354 militem
2576 2303 2918 2371 putabimus?
2954 2322 3132 2362 annon
3173 2309 3261 2363 illa
3307 2311 3673 2384 omnia,-qn:e

2069 2387 2410 2456 metaphorice
2437 2397 2642 2446 tantum
2673 2392 2816 2449 dicta
2848 2405 3001 2466 sunt,
3030 2398 3110 2454 sic
3144 2399 3212 2455 ad
3245 2401 3477 2458 litteram
3507 2403 3673 2460 inter-

2069 2479 2268 2546 pretari
2288 2490 2552 2538 extremas
2575 2485 2859 2543 dementias
2879 2488 3076 2545 fuerit?

2139 2569 2432 2640 Sabellius,
2482 2575 2654 2646 inquit
2693 2577 2884 2635 doctor
2931 2591 3116 2638 noster
3167 2583 3374 2658 (Tomo
3430 2589 3594 2658 primo
3622 2592 3664 2662 ),

2066 2676 2248 2731 genere
2265 2663 2410 2733 Afer,
2434 2682 2550 2720 cum
2586 2669 2842 2738 audisset,
2866 2669 2980 2744 Ego
2997 2682 3048 2730 et
3068 2673 3226 2730 Pater
3263 2694 3419 2733 unum
3449 2698 3625 2736 suums
3649 2725 3665 2750 ,

2067 2761 2151 2821 et,
2184 2753 2284 2819 Qui
2323 2756 2446 2811 uidit
2485 2774 2593 2827 me,
2637 2761 2758 2815 vidit
2790 2761 3002 2819 Patrem
3032 2767 3665 2843 (Joan.10.30;12.45),

2065 2859 2129 2898 ea;
2157 2844 2253 2898 hac
2282 2847 2542 2903 verborum
2565 2851 2962 2924 prapinquitate,
2992 2873 3096 2927 qua
3120 2861 3190 2913 ad
3216 2863 3490 2932 genitorem
3525 2883 3671 2922 acce-

2063 2934 2182 2990 dere
2221 2937 2503 3008 videbatur,
2548 2945 2862 3000 occasionem
2899 2947 3174 3019 impietatis
3216 2954 3452 3026 arripuit,
3497 2958 3571 3012 ita
3612 2969 3669 3014 ut

2061 3043 2221 3083 unum
2276 3047 2383 3086 esse
2429 3049 2698 3105 personam
2721 3078 2738 3106 ,
2778 3048 2825 3092 et
2873 3041 3185 3112 ltgpostasim
3229 3061 3383 3101 unam
3425 3063 3665 3106 censeret.

2062 3117 2318 3189 Spiritum
2358 3139 2553 3195 quoque
2577 3137 2811 3183 sanctum
2853 3148 2956 3186 non
3000 3150 3156 3189 unam
3200 3139 3502 3194 constituere
3543 3141 3668 3198 Tri-

2060 3214 2236 3269 nitatis
2289 3232 2559 3286 personam
2617 3221 2898 3292 aﬁirmabat
2921 3224 3118 3297 (Tomo
3168 3229 3378 3303 octavo)
3401 3273 3414 3298 ,
3446 3232 3668 3289 dicebat-

2058 3321 2156 3378 que
2195 3305 2406 3364 Patrem
2459 3319 2506 3365 et
2555 3311 2755 3369 Filium
2807 3325 2856 3371 et
2915 3318 3170 3388 Spiritum
3222 3334 3480 3392 sanctum,
3527 3330 3666 3383 nuda

2059 3413 2166 3454 esse
2217 3402 2426 3457 nomina
2457 3404 2550 3458 uni
2591 3422 2820 3475 persona:
2858 3409 3100 3480 imposita
3131 3411 3316 3483 (Tomo
3345 3417 3661 3490 undecimo),

2058 3504 2254 3562 nempe
2291 3495 2589 3552 secundum
2625 3497 2982 3557 differentiam
3023 3505 3399 3573 operationum
3446 3527 3462 3563 :
3500 3527 3660 3580 quam

2059 3582 2332 3652 haeresim,
2361 3597 2418 3643 ut
2442 3605 2559 3646 mvo
2583 3605 2683 3647 suo
2709 3593 2998 3664 vigentem,
3023 3598 3224 3666 passim
3254 3599 3343 3656 ille
3369 3600 3588 3672 depellit
3608 3613 3664 3663 et

2057 3677 2292 3746 exagitat
2317 3678 2500 3750 (Temo
2528 3683 2870 3758 duodecimo).

2127 3766 2609 3841 Frequentioribns
2652 3793 2782 3834 vero
2822 3779 2947 3836 telis
2984 3781 3207 3841 Paulum
3251 3786 3659 3848 Samosatenum

2056 3860 2264 3932 impetit
2290 3871 2347 3920 et
2384 3866 2503 3935 ejus
2539 3869 2794 3936 asseclas,
2824 3873 2914 3943 qui
2959 3882 3086 3932 tunc
3126 3893 3321 3949 magno
3355 3880 3519 3937 fuisse
3562 3901 3662 3939 nn-

2055 3968 2206 4010 mero
2243 3956 2510 4014 videntur.
2558 3960 2778 4020 Dicebat
2822 3975 3002 4023 autem
3041 3969 3237 4027 Paulus
3275 3972 3660 4034 Samosatenns

2055 4046 2351 4121 Christum,
2375 4051 2484 4110 imo
2507 4054 2740 4113 Verbum
2765 4059 2882 4128 Dei,
2912 4069 3037 4118 tunc
3059 4063 3233 4121 solum
3255 4069 3505 4138 erupisse,
3531 4085 3656 4129 cum

2055 4140 2221 4196 Maria
2250 4143 2425 4213 ipsum
2454 4148 2639 4216 genuit
2666 4149 2864 4220 (Tomo
2891 4155 3084 4224 tertio).
3121 4155 3248 4212 Cum
3278 4161 3411 4214 enim
3431 4203 3446 4228 ,
3480 4161 3653 4233 inquit

2053 4229 2492 4303 Chrysostomus,
2520 4253 2580 4290 ea
2631 4255 2744 4308 quas
2795 4243 2849 4296 in
2900 4243 3096 4300 deserto
3150 4258 3293 4316 gesta
3346 4261 3498 4318 sunt,
3531 4229 3652 4307 ante

2056 4321 2281 4377 Mariam
2307 4326 2445 4395 facta
2472 4329 2593 4394 sint,
2615 4339 2663 4383 et
2685 4331 2915 4388 Christus
2945 4336 3152 4408 (nempe
3177 4338 3278 4394 Dei
3314 4340 3556 4414 Verbum)
3578 4363 3658 4400 sev

2054 4415 2276 4470 cundum
2297 4415 2456 4473 Pauli
2480 4435 2647 4475 vocem
2669 4421 2763 4477 illa
2787 4427 2959 4480 omnia
2975 4430 3172 4498 fecerit,
3197 4447 3398 4487 necesse
3417 4443 3488 4489 est
3509 4435 3656 4490 illum

2055 4507 2212 4578 fuisse
2249 4517 2297 4564 et
2337 4519 2455 4565 ante
2495 4521 2700 4582 partum
2727 4525 2775 4570 et
2812 4527 2929 4572 ante
2961 4523 3366 4590 parturitionem.
3402 4526 3657 4588 Dicebant

2053 4599 2251 4671 quippe
2291 4601 2483 4658 Paulus
2523 4604 2905 4665 Samosatenus
2943 4620 2996 4666 et
3041 4612 3158 4683 ejus
3197 4630 3476 4688 sequaces,
3522 4637 3656 4694 quos

2054 4691 2342 4750 Paulianos
2371 4703 2526 4751 vocat
2549 4708 2768 4755 sanctus
2794 4701 3002 4768 doctor,
3029 4703 3261 4762 Verbum
3285 4709 3378 4764 Dei
3402 4727 3506 4766 non
3531 4691 3654 4770 ante

2054 4785 2250 4840 saecula
2271 4827 2285 4852 ,
2319 4787 2427 4843 imo
2457 4804 2558 4844 nec
2579 4800 2704 4847 ante
2731 4792 2910 4848 Ἄπι-ξω
2941 4806 3151 4866 partum
3181 4799 3366 4856 fuisse.
3407 4804 3468 4859 Si
3493 4808 3650 4875 enim,

2054 4875 2129 4931 ait
2151 4877 2259 4943 ille,
2293 4888 2410 4933 ante
2435 4879 2622 4936 Merita
2646 4894 2871 4954 partum,
2900 4895 2947 4940 et
2971 4899 3241 4961 antequam
3263 4893 3316 4947 in
3339 4912 3492 4952 carne
3515 4915 3568 4953 se
3591 4901 3654 4954 vi-

2055 4969 2277 5025 dendum
2317 4972 2580 5041 praberet,
2609 4990 2710 5029 non
2740 4987 2847 5031 erat
2873 4976 3175 5050 (Ibidem);
3216 4986 3466 5054 quomodo
3493 4989 3655 5058 legem

2055 5060 2266 5130 ferebat,
2289 5078 2404 5116 cum
2425 5079 2528 5118 non
2553 5065 2724 5120 esset?
2747 5068 2998 5137 quomodo
3031 5081 3202 5126 autem
3240 5074 3436 5130 dicebat
3468 5077 3655 5147 (Tomo

2052 5153 2271 5224 quinto)
2299 5171 2311 5207 :
2343 5173 2363 5206 ι
2393 5154 2634 5212 Testabor
2689 5159 2826 5214 vobis
2879 5171 3232 5220 testamentum
3281 5182 3500 5237 novum,
3551 5189 3654 5226 non

2053 5243 2182 5298 sicut
2208 5254 2580 5316 testamentum,
2604 5251 2740 5321 quod
2768 5261 2978 5310 testatus
3006 5273 3119 5310 sum
3153 5261 3382 5328 patribus
3473 5267 3656 5320 vestris

2054 5338 2185 5409 (.Ier.
2213 5339 2302 5394 3|.
2323 5341 2564 5412 5|..3‘2)?
2592 5363 2610 5395 ι
2633 5349 2894 5413 quomodo
2911 5349 3045 5403 enim
3096 5359 3444 5407 testamentum
3498 5356 3654 5412 dabat

2055 5430 2282 5498 patribus
2340 5449 2555 5501 eorum,
2589 5450 2703 5488 cum
2759 5437 2984 5491 nondum
3046 5452 3213 5509 esset,
3267 5454 3322 5497 ut
3381 5445 3459 5500 illi
3513 5450 3653 5519 afﬁr-

2053 5533 2192 5577 mant
2211 5524 2237 5577 .9

2125 5615 2180 5670 ln
2203 5617 2444 5674 mulieris
2465 5618 2738 5689 cujusdam
2763 5623 3007 5692 gratiam,
3034 5625 3222 5696 inquit,
3249 5629 3474 5686 salutem
3495 5650 3646 5690 suam

2055 5709 2289 5780 prodidit
2311 5710 2508 5766 Paulus
2529 5713 2941 5780 Samosatenns;
2967 5716 3056 5771 illa
3077 5727 3254 5774 autem
3281 5721 3518 5777 Zenobia
3535 5735 3651 5780 erat

2056 5802 2236 5872 regina
2266 5803 2547 5874 Palmyrze,
2579 5820 2699 5873 quae
2733 5805 2897 5860 Paulo
2923 5805 3274 5864 Samosateno
3312 5811 3541 5866 favebat.
3575 5814 3648 5870 De

2059 5894 2200 5954 illius
2230 5912 2356 5954 vero
2396 5896 2669 5956 erroribus
2706 5914 2810 5958 non
2852 5899 3000 5972 paria
3027 5901 3246 5960 omnino
3284 5901 3586 5961 referuntur
3611 5920 3640 5961 a
