4194 6472
551 416 620 469 69
1876 394 2195 453 svnorsrs
2235 394 2467 452 manu

549 543 901 610 scriptoribus
931 541 1330 607 ecclesiasticis,
1373 539 1682 605 Athanasio,
1717 541 1967 608 Eusebio,
2011 543 2134 612 Epi-

551 636 747 706 phanio
775 644 830 690 et
868 633 1174 689 Philastrio.
1213 632 1436 701 Quidam
1479 642 1664 704 putant
1705 635 1886 701 illum,
1919 635 2138 704 perinde

549 738 711 796 atque
754 723 1068 789 Sabellium,
1109 725 1420 778 identitatem
1473 738 1819 793 personarum
1870 725 2042 778 Patris
2085 735 2140 780 et

551 818 671 874 Filii
693 828 746 873 et
772 818 1004 887 Spiritus
1029 818 1220 881 sancti,
1245 832 1417 886 neque
1441 826 1545 870 tres
1565 831 1820 886 personas
1843 817 2138 872 admisisse.

554 909 926 966 Tltcodorctus
964 925 1092 963 vero
1131 909 1224 962 lib.
1273 910 1298 962 1
1347 908 1412 962 de
1455 908 1726 962 Haereticis
1763 907 1981 971 fabulis,
2013 908 2141 964 dicit

553 1004 772 1058 Paulum
815 1003 1222 1058 Samosatcnum
1266 1017 1486 1070 negasse
1521 1001 1662 1070 quod
1697 1001 1851 1056 Jesus
1888 1000 2138 1057 Christus

557 1098 716 1150 luerit
744 1096 901 1160 Deus,
937 1095 1093 1162 idque
1121 1094 1266 1149 clare
1296 1095 1423 1148 dicit
1470 1094 1800 1149 Philastrius.
1835 1095 1985 1148 illam
2013 1109 2142 1149 vero

554 1187 871 1242 sententiam
919 1193 1191 1256 oppugnat
1229 1195 1283 1240 et
1332 1186 1500 1255 carpit
1541 1199 1606 1239 ex
1652 1184 1735 1239 his
1774 1184 2141 1257 Chrysostomi

554 1278 732 1332 verbis
751 1275 931 1344 (Tomo
962 1276 1248 1345 undecimo)
1279 1294 1292 1330 :
1325 1277 1423 1343 Qui
1452 1276 1705 1330 descendit
1730 1278 1836 1346 ipse
1863 1287 1954 1342 est,
1986 1286 2031 1331 et
2058 1279 2142 1348 qui

553 1369 776 1422 ascendit
802 1384 952 1437 super
975 1383 1145 1421 omnes
1172 1369 1342 1434 cwlos,
1371 1381 1424 1421 ut
1445 1368 1742 1439 adimpleret
1771 1371 1959 1424 omnia.

623 1459 756 1514 Cum
797 1459 861 1512 iis
905 1459 1062 1512 etiam
1104 1458 1324 1512 Paulum
1355 1459 1760 1514 Samosatcnum
1805 1471 2141 1527 annumerat,

554 1552 639 1620 qui
663 1550 1034 1606 resurrectioni
1055 1565 1157 1604 non
1175 1549 1465 1604 credebant
1486 1549 1668 1622 (Tomo
1699 1549 1918 1622 quinto).

626 1641 1170 1697 Mclchisedecitarum
1198 1657 1407 1712 quoque
1429 1642 1651 1698 lizeresis
1679 1645 1885 1713 vigebat
1908 1644 2114 1714 Chryse
2129 1674 2142 1682 -

559 1732 720 1787 stomi
751 1747 886 1798 aevo,
934 1748 1065 1803 quos
1101 1731 1603 1789 Melchisedecianos
1640 1744 1792 1788 vocat
1823 1735 2147 1803 Epiphanius

556 1824 753 1894 (Tomo
781 1826 982 1894 sexto).
1046 1825 1107 1879 lli
1162 1824 1408 1879 dicebant
1447 1825 1886 1880 Melcltisedecum
1937 1824 2150 1880 Christo

557 1914 814 1983 majorem
857 1929 997 1971 esse.
1045 1915 1147 1969 Alii
1185 1930 1372 1970 rursus
1414 1915 1661 1970 dicebant
1701 1916 2146 1972 Melehisedecum

557 2018 678 2059 esse
702 2005 954 2074 Spiritum
977 2015 1240 2070 sanctum,
1263 2006 1415 2076 cujus
1441 2008 1640 2060 erroris
1667 2015 1938 2061 auctorem
1965 2004 2149 2061 Hiera-

556 2109 674 2149 cem
726 2093 927 2162 profert
981 2094 1329 2164 Epiphanius.
1390 2096 1500 2151 lloc
1548 2104 1726 2151 autem
1779 2106 2147 2166 argumentum

559 2186 881 2254 objiciebant
901 2185 1389 2250 Melchisedeciani;
1420 2188 1471 2242 in
1493 2188 1720 2243 Psalmis
1745 2189 1812 2244 de
1833 2189 2047 2244 Christo
2069 2189 2150 2243 di-

559 2278 696 2332 citur
725 2297 737 2333 :
772 2277 853 2332 Tu
896 2295 946 2332 es
982 2280 1218 2334 sacerdos
1249 2280 1301 2332 in
1340 2289 1581 2334 internum
1620 2281 1894 2334 secundum
1924 2282 2150 2334 ordinem

562 2368 895 2422 MeIcItisedec
923 2369 1093 2440 (Psal.
1118 2370 1240 2426 109.
1267 2369 1322 2442 4)
1352 2389 1364 2424 :
1407 2371 1547 2426 unde
1589 2371 1887 2425 inferebant
1911 2387 2031 2425 eum
2062 2370 2150 2440 qui

564 2459 614 2510 in
634 2459 817 2513 ordine
844 2459 1211 2514 Melchisedeci
1237 2470 1398 2525 esset,
1423 2461 1626 2515 ordinis
1651 2462 1806 2530 capiti
1840 2469 1894 2516 et
1926 2462 2150 2530 principi

563 2547 867 2604 inferiorem
890 2564 1026 2604 esse.
1053 2550 1358 2620 ReSpondet
1378 2551 1790 2622 Chrysostomus
1811 2550 2154 2606 Melchisede-

562 2656 682 2694 cum
717 2641 937 2708 figuram
964 2648 1164 2695 tantum
1197 2641 1358 2696 fuisse
1386 2639 1605 2707 Christi,
1637 2649 1691 2696 et
1719 2657 1840 2696 cum
1869 2656 2059 2710 panem
2098 2650 2154 2696 et

564 2733 742 2786 vinum
773 2733 982 2800 obtulit,
1013 2733 1331 2788 sacriﬁcium
1357 2749 1386 2787 a
1418 2733 1630 2788 Christo
1660 2733 1986 2788 offerendum
2011 2749 2151 2802 prie-

567 2824 878 2886 nuntiasse;
927 2838 991 2877 ac
1023 2839 1142 2877 cum
1169 2824 1450 2892 Apostolus
1495 2824 1654 2886 dicat,
1697 2822 1765 2877 In
1805 2824 2006 2877 nomine
2029 2824 2154 2876 Jesu

566 2930 712 2966 omne
745 2929 874 2984 genu
910 2915 1140 2982 ﬂectatur
1187 2913 1442 2984 (Philipp.
1482 2913 1534 2967 2.
1577 2915 1690 2984 10),
1733 2913 1858 2969 hinc
1898 2913 2152 2982 consequi

568 3006 726 3059 etiam
758 3005 1206 3062 lllelcltisedecum
1249 3023 1418 3078 genua
1451 3006 1664 3062 ﬂexisse
1703 3017 1829 3063 ante
1861 3008 2151 3064 Christum.

569 3097 646 3150 De
673 3095 1158 3154 Melchisedecianis
1185 3100 1296 3168 agit
1332 3100 1489 3154 etiam
1518 3100 1887 3156 Theodoretus
1928 3101 2154 3156 Haereti-

569 3202 752 3241 carum
800 3185 968 3242 fabul.
996 3187 1032 3241 l.
1066 3189 1154 3252 11,
1181 3199 1237 3243 et
1263 3187 1416 3243 Joan.
1461 3190 1817 3246 Damascenus
1848 3191 2048 3245 Ilazresi
2086 3193 2155 3248 55

569 3276 728 3345 (Ibid.
757 3277 921 3345 d.e.).
966 3276 1134 3332 Judaei
1172 3293 1298 3332 vero
1326 3279 1572 3333 dicebant
1596 3279 2034 3335 Melchisedecum
2085 3295 2154 3337 ex

572 3368 917 3424 fornicatione
963 3379 1143 3422 natum
1188 3369 1372 3434 fuisse,
1425 3369 1649 3440 ideoque
1693 3371 1806 3424 sine
1849 3371 2157 3442 genealogia

571 3477 708 3527 esse,
747 3461 886 3532 quod
917 3463 1075 3517 etiam
1114 3461 1276 3518 refert
1305 3463 1652 3532 Epiphanius.
1687 3463 1880 3528 Quibus
1909 3481 1999 3518 nos
2024 3467 2160 3519 dice-

572 3570 703 3616 mus,
735 3553 867 3623 quod
903 3554 999 3622 ipsi
1031 3570 1294 3624 perperam
1337 3553 1606 3626 loquantur
1633 3571 1652 3610 :
1685 3555 1976 3610 Salomonis
2003 3557 2156 3621 enim,

572 3644 656 3712 qui
682 3659 744 3696 ea:
770 3643 1001 3696 adultera
1034 3642 1172 3696 Urice
1195 3661 1350 3697 uxore
1374 3654 1523 3699 natus
1552 3653 1644 3712 est,
1675 3647 1966 3717 genealogia
1992 3657 2160 3701 tamen

574 3732 793 3785 ducitur.
845 3733 949 3787 Sed
975 3735 1210 3802 quoniam
1240 3734 1573 3790 Melchisedec
1601 3747 1752 3806 typus
1792 3749 1899 3792 erat
1930 3737 2155 3803 Domini,

575 3833 621 3874 et
660 3823 928 3892 imaginem
965 3823 1151 3892 ferebat
1180 3823 1387 3893 Christi,
1431 3828 1852 3896 quemadmodum
1888 3839 1936 3882 et
1974 3827 2160 3894 Jonas,

576 3913 688 3966 ideo
715 3912 983 3982 Scriptura
1025 3916 1132 3985 ejus
1162 3927 1354 3986 patrem
1399 3918 1574 3986 tacuit,
1627 3927 1681 3971 ut
1712 3919 1762 3971 in
1791 3917 1882 3971 illo
1907 3929 2161 3989 tamquam

577 4003 628 4056 in
656 4004 872 4074 imagine
897 4003 1146 4059 Christum
1167 4048 1180 4072 ,
1225 4009 1312 4077 qui
1342 4024 1448 4061 vere
1473 4010 1582 4064 sine
1608 4019 1754 4078 patre
1782 4019 1826 4060 et
1850 4008 1959 4065 sine
1983 4026 2162 4080 genea-

580 4096 715 4165 Iogia
742 4105 834 4162 est,
863 4097 1168 4151 intueantur.

651 4185 909 4241 Catharos
956 4188 1116 4242 etiam
1163 4189 1274 4244 sive
1321 4189 1490 4245 Puros
1531 4206 1634 4246 non
1675 4192 1839 4247 semel
1871 4193 2163 4265 impugnat,

580 4276 720 4346 quod
749 4293 808 4332 se
827 4277 1089 4334 Catharos
1115 4280 1224 4336 sive
1252 4296 1412 4350 puros
1441 4283 1700 4351 dicerent,
1733 4285 1823 4354 qui
1845 4287 1988 4339 omni
2010 4287 2168 4340 sorde

588 4367 728 4438 pleni
750 4379 953 4438 essent,
979 4387 1078 4428 nec
1105 4373 1210 4428 alio
1235 4390 1455 4445 usquam
1487 4377 1705 4431 nomine
1725 4377 1956 4446 appellat
1979 4377 2168 4448 (Tomo

594 4461 857 4515 undecimo
905 4472 954 4516 et
1007 4462 1163 4518 Tomo
1211 4465 1574 4536 duodecimo).
1623 4467 1788 4521 Erant
1849 4476 2026 4522 autem
2093 4470 2168 4524 illi

585 4549 882 4618 Novatiaui,
912 4553 979 4607 de
1001 4569 1226 4623 quorum
1249 4557 1453 4625 origine
1481 4555 1642 4609 multa
1668 4555 1868 4624 profert
1889 4561 1941 4612 in
1960 4559 2170 4628 Episto-

588 4643 653 4698 lis
674 4645 784 4699 suis
813 4645 869 4700 S.
898 4647 1214 4716 Cyprianus,
1239 4662 1301 4702 ac
1334 4659 1451 4717 post
1479 4664 1599 4703 eum
1624 4649 1884 4706 Eusebius
1912 4652 2168 4721 Pamphili

589 4734 644 4788 in
673 4733 830 4801 Hist.,
873 4735 1194 4810 demumque
1231 4737 1560 4807 Epiphanius
1593 4754 1656 4793 ac
1695 4750 1811 4808 post
1845 4757 1964 4795 eum
1992 4743 2176 4796 Phila-

589 4823 751 4879 strius
779 4842 792 4878 :
825 4840 942 4895 qua:
970 4828 1126 4882 simul
1170 4828 1345 4882 omnia
1383 4841 1664 4884 recensere
1693 4845 1797 4883 non
1827 4839 1910 4885 est
1949 4832 2170 4887 instituti

590 4919 785 4972 nostri.
831 4918 911 4972 Ex
941 4919 1006 4974 iis
1039 4935 1187 4984 vero,
1229 4936 1348 4990 qua:
1384 4921 1728 4976 eoneionatus
1765 4932 1846 4977 est
1884 4938 2024 4978 anno
2069 4925 2172 4981 399

591 5009 1072 5078 Constantinopoli,
1124 5009 1272 5080 argui
1309 5009 1516 5064 videtur
1547 5011 1740 5065 multos
1772 5021 1898 5067 tunc
1926 5013 2090 5068 fuisse
2119 5016 2173 5068 in

593 5102 679 5157 illa
720 5101 852 5155 urbe
882 5101 1204 5158 Novatianos
1237 5117 1329 5156 seu
1351 5101 1607 5157 Catharos
1632 5105 1722 5173 qui
1752 5121 1810 5160 se
1832 5105 1932 5160 hoc
1961 5109 2176 5162 nomine

595 5193 982 5264 compellabant
1005 5193 1186 5266 (Tomo
1214 5192 1840 5264 duodecimo).Auditores
1865 5198 2006 5252 enim
2028 5208 2178 5268 rogat

594 5293 649 5338 et
674 5283 918 5338 obsecrat
945 5295 1002 5339 ut
1036 5298 1066 5338 a
1110 5283 1196 5336 tali
1221 5283 1474 5352 jactantia
1505 5300 1564 5341 se
1601 5287 1854 5353 eximant,
1886 5296 1939 5343 et
1965 5289 2174 5344 illorum

599 5375 953 5442 arrogantiam
1000 5374 1252 5440 devitent,
1300 5389 1364 5431 ae
1411 5377 1586 5446 potius
1613 5376 1804 5432 delicta
1835 5393 1928 5434 sua
1960 5379 2180 5435 abluant

599 5473 650 5518 et
678 5474 892 5534 peccata
916 5464 1287 5522 confiteantur.

673 5554 857 5607 Arium
880 5564 932 5608 et
949 5555 1174 5610 Arianos
1196 5555 1556 5628 infrequenter
1577 5567 1838 5614 memorat
1863 5559 2180 5630 Chrysosto-

602 5662 741 5710 Inus,
791 5647 911 5716 quia
943 5651 1210 5709 Anomaai.
1256 5666 1317 5704 ex
1362 5651 1680 5707 Arianorum
1713 5652 1877 5721 stirpe
1913 5653 2176 5723 prognati,

603 5751 726 5795 tunc
749 5755 842 5810 per
862 5741 1138 5800 Orientem
1167 5745 1540 5815 grassabantur
1561 5754 1614 5801 et
1632 5745 1921 5800 catholicos
1936 5744 2183 5800 doctores

605 5835 918 5894 exercebant
952 5855 964 5894 :
997 5838 1227 5910 indeque
1247 5837 1304 5896 ﬁt
1332 5847 1598 5897 utcontra
1623 5839 1914 5896 Anommos
1940 5837 2028 5894 ille
2059 5852 2179 5910 per-

3755 425 3820 478 7n

2248 558 2409 618 petuo
2435 547 2748 602 velificetur.
2788 548 2862 602 De
2882 549 3011 602 Ario
3040 558 3214 602 autem
3236 549 3306 601 ait
3335 549 3417 600 ille
3442 547 3524 617 (Τ.
3548 549 3597 602 1.
3627 565 3678 618 p.
3699 549 3820 601 410.

2246 639 2330 709 a):
2357 637 2523 691 Instat
2547 638 2698 692 Arius
2739 643 2791 691 in
2829 639 3160 692 diversitatem
3186 640 3476 693 substantia:
3505 655 3830 709 personarum

2245 729 2619 782 distinctionem
2660 731 2882 782 trahens.
2918 729 3133 785 Dicebat
3180 731 3320 784 enim
3352 730 3441 784 Dei
3467 729 3697 783 Verbum
3725 743 3828 781 non

2248 834 2464 889 semper
2497 818 2680 885 fuisse,
2729 819 2820 872 sed
2848 833 2910 872 ex
2940 819 3104 873 nihilo
3134 820 3328 874 factum
3357 829 3409 874 et
3434 827 3690 882 creatum,
3725 831 3827 871 non

2244 920 2526 977 aeternum,
2577 926 2681 965 non
2732 910 2874 965 Patri
2911 909 3083 966 simile
3122 911 3412 966 secundum
3457 910 3829 974 substantiam,

2246 1021 2418 1075 neque
2443 1020 2628 1060 verum
2662 1003 2754 1059 Dei
2788 1004 3040 1070 Verbum,
3071 1014 3162 1058 aut
3205 1004 3539 1073 sapientiam,
3572 1003 3663 1058 sed
3693 1012 3834 1056 cata-

2245 1098 2482 1151 chrestice
2533 1098 2602 1151 ita
2653 1097 2830 1150 vocari
2870 1112 2884 1150 :
2939 1109 3059 1149 esse
3104 1105 3290 1149 natura
3338 1095 3613 1159 mutabile,
3657 1108 3834 1162 neque

2246 1203 2404 1245 nosse
2425 1189 2658 1253 Patrem,
2691 1188 2799 1242 imo
2834 1202 2900 1242 ne
2927 1199 3078 1240 suam
3105 1186 3318 1257 quidem
3347 1187 3512 1256 ipsius
3545 1197 3782 1239 naturam
3818 1201 3832 1236 :

2247 1291 2463 1352 propter
2511 1295 2606 1336 nos
2646 1280 2839 1335 factum
2872 1281 3056 1347 fuisse,
3105 1288 3161 1334 ut
3207 1280 3298 1334 illo
3337 1294 3434 1334 ceu
3478 1279 3837 1334 instrumento

2249 1387 2346 1427 nos
2375 1371 2630 1427 conderet
2661 1372 2800 1426 Deus
2825 1388 2839 1436 ;
2874 1386 3044 1440 neque
3075 1370 3361 1425 creandum
3390 1369 3570 1436 fuisse,
3603 1369 3705 1424 nisi
3736 1382 3838 1422 nos

2249 1464 2388 1518 Deus
2421 1462 2651 1516 condere
2679 1461 2952 1516 voluisset.

2325 1555 2469 1608 lianc
2517 1568 2674 1622 porro
2727 1551 3043 1606 sententiam
3095 1549 3244 1620 quasi
3299 1549 3366 1603 ab
3397 1547 3524 1603 Ario
3577 1545 3838 1616 prolatam

2252 1643 2416 1698 refert
2453 1643 2863 1713 Chrysostomus
2909 1639 3088 1712 (Tomo
3114 1639 3432 1707 undecimo):
3473 1636 3591 1690 Non
3640 1645 3841 1706 poterat

2251 1734 2389 1788 Deus
2414 1749 2656 1802 generous
2681 1748 2918 1802 generare
2953 1730 3319 1802 impatibiliter.
3365 1727 3590 1796 Ideoque
3629 1741 3694 1779 ne
3719 1740 3844 1794 pas-

2253 1826 2456 1878 sionem
2488 1821 2770 1892 quamdam
2801 1822 2852 1876 in
2885 1821 2992 1875 Deo
3022 1820 3343 1881 admitteret,
3367 1817 3578 1872 dicebat
3607 1815 3842 1871 Verbum

2254 1929 2284 1967 a
2317 1914 2424 1966 Deo
2461 1929 2565 1965 non
2598 1912 2858 1981 genitum,
2907 1909 2999 1965 sed
3029 1909 3222 1964 factum
3265 1909 3609 1977 creatumque
3653 1907 3843 1961 fuisse.

2259 2023 2277 2056 ‹
2313 2005 2466 2058 Arius
2498 2003 2686 2056 Filium
2718 2001 2930 2069 quidem
2963 2003 3173 2068 fatetur,
3205 2001 3299 2055 sed
3348 2011 3548 2055 tantum
3583 1999 3798 2053 nomine
3829 2015 3845 2051 :

2253 2103 2550 2149 creaturam
2577 2089 2717 2146 enim
2745 2107 2864 2147 esse
2901 2091 3033 2146 dicit
3073 2101 3127 2146 et
3160 2092 3317 2146 Patre
3348 2091 3502 2160 longe
3529 2090 3787 2144 minorem
3822 2106 3843 2139 ι

2257 2183 2524 2259 (Ibidem).

2325 2278 2485 2331 Arius
2515 2290 2642 2330 vero
2671 2283 2719 2330 et
2751 2275 2866 2345 ejus
2896 2289 3150 2345 sequaces
3176 2274 3365 2328 Filium
3394 2289 3507 2329 rem
3537 2283 3768 2329 creatam
3789 2281 3852 2328 ct

2257 2367 2570 2423 dissimilem
2597 2382 2717 2422 esse
2742 2367 2882 2422 Patri
2911 2367 3294 2436 profitebantur
3322 2382 3337 2421 :
3370 2368 3489 2437 quia
3521 2376 3696 2421 tamen
3726 2376 3854 2436 post

2257 2469 2498 2512 exortum
2528 2473 2680 2513 suum
2708 2472 2738 2510 a
2766 2457 3056 2511 Catholicis
3079 2456 3255 2511 acrius
3279 2458 3690 2526 impetebautur,
3723 2457 3855 2511 inde

2259 2549 2452 2604 factum
2485 2560 2542 2604 ut
2581 2549 2633 2603 in
2667 2549 2786 2603 fidei
2830 2547 3073 2603 formulis
3108 2563 3172 2602 ac
3199 2549 3574 2603 controversiis
3603 2548 3854 2618 qumdam

2257 2640 2516 2707 celarent,
2553 2640 2654 2693 alia
2689 2639 3012 2709 mitigarent,
3043 2639 3200 2708 idque
3226 2638 3373 2693 vafre
3397 2648 3451 2693 et
3485 2639 3856 2693 fraudulenter

2257 2742 2400 2786 metu
2445 2731 2866 2800 impendentium
2919 2730 3206 2796 tnalorum,
3256 2738 3314 2784 ut
3358 2729 3568 2799 paulum
3622 2729 3856 2797 tempori

2258 2822 2630 2878 concederent.
2671 2823 2862 2877 Postea
2890 2838 3017 2877 vero
3045 2838 3163 2876 cum
3193 2823 3486 2890 imperante
3513 2821 3855 2886 Constantio,

2258 2931 2367 2970 sure
2403 2923 2562 2970 sectae
2601 2914 2834 2979 addicto,
2885 2915 3088 2984 majore
3116 2915 3416 2969 fruerentur
3445 2913 3710 2978 libertate,
3755 2911 3851 2966 Fi-

2259 3007 2385 3062 lium
2415 3007 2556 3062 Patri
2583 3007 2918 3071 dissimilem,
2938 3022 3236 3071 anomwum,
3261 3006 3471 3076 publice
3491 3014 3545 3059 et
3569 3005 3619 3058 in
3647 3005 3856 3058 formu—

2259 3097 2323 3152 lis
2351 3095 2471 3151 fidei
2499 3097 2763 3161 dicebant,
2796 3094 3024 3165 indeque
3054 3095 3271 3161 factum,
3304 3103 3357 3148 ut
3385 3093 3632 3157 Αηοηιωὶ,
3659 3095 3855 3164 appel-

2257 3188 2516 3244 larentur.
2543 3189 2708 3243 Erant
2730 3196 2905 3241 autem
2931 3201 3123 3255 magno
3149 3200 3372 3239 numero
3399 3195 3506 3238 tum
3531 3184 3854 3250 Antiochim,

2261 3290 2371 3336 tum
2403 3279 2894 3350 Constantinopoli,
2941 3287 2997 3334 et
3021 3279 3255 3348 quotidie
3291 3293 3410 3331 cum
3438 3277 3722 3332 Catholicis
3751 3275 3856 3330 de-

2260 3371 2552 3426 certabant.
2595 3370 2828 3426 Joannes
2855 3385 2985 3424 vero
3020 3379 3203 3423 noster
3230 3369 3423 3422 multas
3450 3367 3704 3422 adversus
3731 3367 3854 3421 illos

2261 3462 2549 3518 conciones
2600 3462 2782 3517 habuit
2837 3461 2928 3533 (T.
2980 3462 3061 3532 l),
3109 3476 3301 3530 nempe
3337 3461 3632 3515 Antiochiae
3665 3459 3854 3513 decem

2262 3555 2617 3619 continenter,
2641 3569 2794 3625 quas,
2823 3553 3150 3622 interpositis
3167 3552 3288 3606 aliis
3309 3551 3502 3606 diversi
3531 3549 3853 3619 argumenti,

2263 3648 2452 3716 partim
2483 3661 2625 3701 anno
2654 3645 2780 3710 586,
2827 3645 3017 3714 partim
3056 3643 3273 3698 ineunte
3301 3643 3424 3708 587,
3467 3641 3855 3712 pronuntiavit.

2264 3739 2410 3793 Alias
2453 3753 2664 3808 quoque
2693 3737 2846 3790 annis
2880 3736 3223 3804 sequentibus
3271 3738 3557 3791 conciones
3599 3735 3852 3790 habuisse

2265 3828 2492 3892 videtur,
2547 3841 2770 3895 quarum
2800 3840 2959 3879 unam
2987 3840 3212 3894 eamque
3244 3826 3510 3895 egregiam
3552 3823 3748 3888 detexi,
3795 3832 3853 3879 et

2265 3934 2292 3971 a
2330 3917 2600 3972 Bentzelio
2644 3931 2812 3986 nuper
2849 3915 3042 3971 editam
3082 3916 3261 3972 multis
3299 3919 3348 3971 in
3396 3917 3527 3972 locis
3570 3916 3856 3972 emendavi

2268 4007 2353 4080 (T.
2373 4007 2451 4078 6).

2337 4098 2469 4164 Quia
2497 4111 2622 4153 vero
2650 4094 3108 4166 Constantinopoli
3139 4096 3298 4150 etiam
3332 4098 3713 4153 Anomoeorum
3741 4095 3853 4151 fre-

2268 4189 2487 4258 quentia
2517 4197 2665 4252 erat;
2705 4185 2959 4253 secunda,
2989 4200 3147 4255 quam
3177 4185 3262 4240 illa
3290 4186 3422 4241 urbe
3449 4187 3648 4241 Praasul
3676 4185 3858 4241 habuit

2270 4280 2480 4347 concio,
2520 4287 2702 4334 contra
2727 4278 3016 4333 Auomceos
3044 4285 3180 4332 erat.
3217 4279 3472 4346 Alteram,
3515 4293 3672 4348 quam
3696 4278 3856 4332 etiam

2271 4384 2454 4430 contra
2486 4373 2776 4427 Anomaeos
2805 4371 3262 4441 Constantinopoli
3285 4373 3484 4437 habuit,
3520 4371 3860 4427 continenter

2272 4466 2568 4538 posuimus,
2595 4463 2839 4532 forteque
2868 4463 2999 4518 alias
3035 4471 3218 4518 contra
3238 4463 3518 4518 haereticos
3545 4463 3666 4518 illos
3688 4463 3862 4517 homi-

2274 4559 2370 4612 lias
2393 4556 2546 4622 dixit,
2576 4571 2694 4626 qua:
2717 4556 2799 4611 vel
2827 4555 2993 4610 latent
3013 4556 3065 4611 in
3083 4554 3320 4623 Oriente,
3349 4555 3428 4612 vel
3459 4571 3675 4626 prorsus
3695 4555 3863 4612 amis-

2274 4668 2348 4708 sm
2370 4659 2512 4705 sunt.

2301 4781 2310 4790 .
2348 4741 2592 4797 Anommi
2619 4755 2684 4796 eo
2712 4740 3050 4810 arrogantiae,
3079 4739 3186 4792 imo
3216 4737 3555 4807 impudentiae
3580 4747 3863 4802 venerant,

2279 4846 2334 4891 ut
2360 4837 2601 4892 dicerent
2636 4849 2696 4889 se
2724 4847 2937 4887 omnem
2971 4831 3245 4887 scientiam
3283 4830 3570 4900 accepisse,
3601 4843 3765 4900 seque
3792 4830 3864 4883 ita

2281 4929 2444 4982 Deum
2491 4939 2682 4988 nosse,
2724 4933 2782 4978 ut
2834 4923 2948 4992 ipse
2989 4936 3048 4976 se
3107 4926 3330 4975 noverat
3373 4916 3578 4990 (Tomo
3627 4920 3788 4990 primo
3822 4928 3864 4988 ).

2280 5016 2468 5071 Filium
2524 5030 2629 5070 non
2674 5013 2966 5070 substantia
3005 5011 3234 5066 similem
3281 5009 3423 5064 Patri
3467 5024 3587 5064 esse
3625 5009 3864 5062 aftirma-

2282 5110 2428 5164 hant-
2460 5109 2765 5180 (Ibidem).
2809 5106 2932 5161 ldeo
2977 5113 3152 5159 autem
3197 5103 3443 5158 dicebant
3488 5102 3659 5172 ipsum
3716 5100 3861 5156 Patri

2282 5217 2464 5270 parem
2496 5215 2604 5254 non
2635 5213 2783 5262 esse,
2813 5197 2932 5267 quia
2963 5197 3174 5250 Patrem
3204 5194 3520 5264 precabatur
3549 5193 3566 5264 (
3589 5192 3787 5247 Ibidem
3817 5193 3859 5260 ).

2285 5291 2598 5360 lnthnalem
2651 5303 2771 5344 esse
2817 5287 2959 5342 Patri
3004 5285 3200 5356 passim
3248 5284 3560 5340 asserebant
3584 5280 3865 5352 (Ibidem).

2283 5381 2562 5437 Addebant
2616 5393 2827 5450 quoque
2877 5377 3148 5431 Christum
3210 5388 3512 5444 supremam
3550 5373 3732 5443 judicii
3784 5373 3866 5426 fe-

2286 5472 2436 5527 rendi
2481 5479 2795 5541 potestatem
2839 5483 2943 5522 non
2967 5467 3182 5523 habere.
3215 5466 3548 5536 Quapropter
3575 5467 3867 5520 Anomoeoc

2289 5578 2408 5617 rum
2484 5571 2683 5616 sectam
2747 5560 2988 5629 apposite
3041 5557 3240 5628 carpsit
3287 5556 3698 5627 Chrysostomus
3744 5570 3864 5610 cum

2287 5656 2463 5721 (Iixil.(
2487 5653 2769 5722 Ibidem):
2807 5670 2825 5703 ι
2853 5653 3234 5707 Anomceornm
3303 5647 3550 5704 haeresim
3609 5647 3867 5718 plantavit

2291 5738 2689 5801 ratiociniorum
2733 5743 3101 5812 intempestiva
3154 5739 3452 5795 curiositas.
3489 5757 3507 5791 ι
3543 5739 3866 5808 Argumenta

2293 5847 2471 5893 autem
2522 5850 2708 5916 eorum
2757 5843 2865 5890 tam
2912 5833 3077 5906 probe
3125 5841 3180 5889 et
3223 5832 3504 5902 perspicue
3547 5829 3766 5901 depellit
3815 5829 3868 5883 in
