4194 6476
354 425 405 478 τι
1094 423 1258 496 ΩΗΛΕ
1298 424 1364 481 lN
1401 424 1741 484 OPERIBUS
1776 420 2246 482 CllRYSOSTOMl
2285 419 2821 479 OBSERVANTUR.
3534 414 3605 471 72

347 538 648 598 concionibus
670 538 813 607 suis,
845 545 905 595 ut
936 555 1026 594 Vl!
1056 537 1263 610 uspiam
1291 538 1417 611 quid
1467 535 1757 608 perfectius
1792 531 1900 591 hoc

346 637 389 688 in
406 647 580 704 genere
598 629 775 696 videre
801 631 979 701 possis
1010 649 1024 686 :
1053 631 1121 686 ab
1154 631 1219 687 iis
1245 646 1371 687 vero
1391 628 1687 687 referendis
1728 628 1897 689 absti-
1932 694 1937 697 _

347 740 527 790 nemus,
556 738 620 777 ne
642 723 910 794 longiores
935 723 1124 781 simus.

398 816 734 872 Macedonium
778 832 995 888 quoque
1024 818 1233 888 impetit
1263 827 1321 875 et
1352 818 1898 889 Pneumatomachos,

349 912 415 983 qni
458 909 709 964 Paracleto
771 909 961 964 bellum
1016 911 1302 982 inferebant
1362 911 1563 982 (Tomo
1608 914 1831 969 secundo
1855 913 1897 986 ).

350 1005 500 1058 Contra
526 1002 1073 1060 Pneumatomaehum
1114 1006 1262 1061 enim
1298 1007 1428 1076 agit,
1465 1022 1588 1063 cum
1621 1008 1901 1079 explicans

347 1097 461 1151 illum
487 1095 623 1150 Pauli
654 1095 855 1159 locum,
888 1095 1016 1151 Haec
1041 1107 1212 1159 autem
1239 1100 1409 1154 omnia
1429 1109 1668 1170 operatur
1695 1116 1829 1154 unus
1852 1109 1901 1155 et

342 1188 444 1241 idem
458 1186 690 1257 Spiritus,
709 1187 938 1243 dividens
949 1188 1164 1260 singulis
1180 1199 1331 1260 prout
1347 1188 1451 1244 vult
1466 1189 1544 1261 (1.
1563 1191 1897 1261 (ἐον.12.11),

343 1278 439 1331 talia
459 1274 624 1332 fatur:
658 1295 677 1328 ι
713 1276 847 1332 Han:
874 1283 1028 1350 porro
1061 1282 1234 1335 omnia
1266 1291 1507 1349 aperatur
1541 1298 1673 1337 unus
1697 1291 1745 1338 et
1766 1281 1901 1336 idem

335 1368 548 1434 Spiritus.
575 1367 677 1423 Sed
707 1377 911 1436 motus,
945 1370 1174 1441 inquies,
1198 1387 1227 1426 a
1253 1372 1384 1440 Deo,
1413 1372 1613 1428 Verum
1641 1372 1745 1429 hoc
1770 1389 1901 1428 nus-

332 1476 465 1528 quant
488 1459 634 1527 dixit,
678 1461 777 1516 sed
801 1470 858 1517 tu
887 1462 1017 1517 illud
1046 1462 1278 1534 efﬁngis.
1309 1464 1534 1533 Quando
1561 1467 1704 1521 enim
1747 1466 1897 1533 dicit,

333 1550 418 1617 Qui
429 1559 647 1621 operatur
674 1553 849 1607 omnia
873 1553 927 1608 in
957 1553 1359 1628 omnibus(lbid.
1380 1572 1434 1610 v.
1457 1556 1537 1628 6),
1566 1557 1635 1613 dc
1664 1557 1899 1613 homini-

328 1642 412 1698 bus
437 1644 529 1698 hoc
545 1644 671 1699 dicit
695 1664 710 1699 :
741 1661 1009 1717 nusquam
1030 1663 1151 1703 cum
1179 1647 1488 1705 hominibus
1511 1650 1769 1721 Spiritum
1797 1668 1899 1707 an-

325 1745 559 1802 uumerat,
587 1737 804 1793 etiamsi
822 1740 1021 1795 millies
1035 1749 1282 1798 amenter
1302 1742 1539 1813 loquaris
1561 1754 1616 1800 et
1638 1744 1895 1802 insanias.

324 1824 409 1893 Qui
433 1827 562 1882 enim
591 1828 726 1884 dixit
747 1830 896 1898 alibi,
940 1830 1042 1887 Per
1070 1824 1342 1905 Spiritum,
1376 1844 1428 1891 ut
1459 1851 1526 1891 ne
1552 1845 1703 1907 putes
1748 1838 1897 1907 illud,

322 1934 414 1988 per,
454 1918 838 1978 imminutionis
865 1937 991 1980 esse
1028 1939 1238 1990 vocem,
1270 1942 1370 1983 nec
1411 1928 1564 1984 illum
1596 1930 1803 1986 moveri
1828 1931 1898 1986 ad

321 2010 694 2080 operationem,
748 2014 1028 2087 subjungit
1072 2019 1286 2088 operari
1340 2020 1622 2092 Spiritum,
1675 2039 1784 2080 non
1830 2025 1898 2080 ad

318 2101 655 2167 operationem
672 2107 881 2161 moveri
902 2122 918 2174 ;
937 2117 991 2162 et
1019 2120 1274 2179 operatur
1298 2121 1356 2167 ut
1380 2114 1513 2180 vult,
1537 2131 1642 2171 nou
1662 2126 1713 2172 ut
1738 2118 1897 2186 jube-

321 2199 409 2245 tur.
430 2192 889 2258 Quemadmodum
921 2201 1067 2255 enim
1096 2202 1167 2259 de
1194 2203 1353 2261 Patre
1369 2205 1538 2262 Filius
1558 2208 1706 2277 dicit,
1737 2209 1899 2267 Exci-

316 2292 378 2338 tat
408 2296 619 2344 mortuos
644 2300 694 2344 et
735 2292 958 2361 viviﬁcat
986 2293 1164 2366 (Joan.
1196 2298 1250 2353 5.
1279 2298 1374 2370 21)
1419 2318 1433 2355 :
1468 2303 1714 2361 similiter
1740 2313 1796 2361 et
1830 2305 1900 2362 de

315 2379 489 2470 seipse,
520 2381 662 2448 Quas
687 2384 794 2438 vult
821 2385 1074 2456 viviﬁcat;
1097 2390 1176 2446 sic
1200 2398 1256 2446 et
1273 2390 1344 2448 de
1366 2392 1588 2465 Spiritu,
1617 2396 1744 2452 alibi
1772 2398 1897 2470 qui-

313 2468 416 2525 dem
435 2472 567 2542 quod
592 2489 724 2530 cum
749 2484 1014 2546 potestate
1033 2481 1214 2539 omnia
1239 2482 1419 2553 faciat,
1441 2495 1496 2542 et
1515 2488 1647 2545 nihil
1664 2490 1733 2545 sit
1753 2468 1897 2562 quod

311 2563 557 2633 impediat,
595 2586 615 2621 ι
641 2578 759 2625 etc.

370 2655 439 2712 De
480 2658 741 2716 Marcello
781 2663 1072 2736 Ancyrano
1108 2677 1163 2724 et
1204 2669 1438 2727 Photino
1470 2674 1587 2745 ejus
1632 2676 1898 2748 discipulo

308 2742 408 2801 ha'e
434 2761 608 2807 narrat
639 2750 1091 2827 Chrysostomus,
1127 2760 1270 2830 ipsos
1310 2742 1720 2836 nempc'cadem
1742 2742 1897 2826 asse-

305 2843 458 2899 ruisse
481 2854 533 2900 et
546 2848 904 2918 praedicasse,
924 2868 1045 2922 quae
1061 2853 1343 2922 Sabelilus,
1363 2859 1454 2929 qui
1471 2859 1678 2918 dicebat
1701 2861 1894 2920 Filium

303 2942 351 3023 ct
385 2934 583 2993 Patrem
621 2950 687 2995 et
713 2940 979 3011 Spiritum
1006 2955 1249 3003 sanctum
1277 2965 1435 3005 unam
1462 2966 1585 3009 esse
1609 2968 1894 3023 personam

304 3021 468 3120 (Tum
487 3028 845 3103 duodecimo).
877 3034 952 3090 De
989 3035 1223 3094 Marcelli
1256 3054 1382 3095 vero
1405 3021 1650 3101 doctrina
1680 3048 1894 3120 longam

302 3117 560 3176 diatribam
591 3125 871 3183 edidimus
902 3144 1046 3187 anno
1076 3131 1216 3187 1707
1249 3149 1263 3187 :
1309 3135 1396 3190 ubi
1431 3136 1549 3207 ejus
1573 3117 1893 3201 sententiam

302 3227 359 3307 es
385 3214 603 3274 Eusebio
628 3219 904 3289 Pamphili
938 3233 1218 3295 exceptam
1249 3227 1327 3283 sic
1362 3232 1724 3300 expressimus
1753 3234 1894 3307 (Col-

302 3304 430 3360 lectio
453 3307 603 3364 Nova
632 3310 858 3367 Patrum
884 3324 921 3368 t.
941 3314 996 3372 2.
1024 3317 1193 3387 initio)
1238 3337 1253 3373 :
1282 3318 1429 3376 Unus
1455 3321 1518 3376 ab
1537 3332 1726 3380 teterno
1754 3304 1893 3384 Deus

300 3399 474 3453 exsistit
509 3416 528 3454 :
572 3405 732 3473 cujus
788 3404 973 3473 Ratio,
1037 3395 1126 3463 aut
1182 3408 1436 3480 Verbum,
1502 3432 1621 3471 nam
1680 3428 1896 3490 utroque

300 3490 429 3544 modo
453 3494 788 3562 exprimitur,
828 3500 1020 3567 pariter
1044 3511 1312 3571 internum,
1348 3521 1510 3559 unum
1536 3518 1609 3562 est
1637 3525 1752 3564 cum
1782 3510 1891 3565 Deo

296 3578 393 3649 ipso
408 3583 691 3640 substantia
721 3596 769 3641 et
798 3588 1080 3659 hypostasi,
1105 3594 1179 3648 ita
1200 3605 1253 3648 ut
1282 3597 1426 3650 nulla
1446 3599 1514 3652 sit
1539 3600 1670 3655 inter
1695 3612 1892 3658 utrum-

293 3688 377 3741 que
395 3676 643 3734 distinctio
672 3696 698 3736 :
729 3690 903 3751 estque
925 3684 1129 3740 verbum
1151 3687 1326 3756 silens,
1354 3689 1632 3746 internum.
1665 3692 1891 3765 Spiritus

293 3764 394 3821 item
417 3781 619 3828 sanctus
658 3775 723 3828 in
752 3773 863 3829 Deo
900 3776 964 3830 ab
995 3787 1185 3835 (eterna
1210 3780 1331 3852 fuit,
1362 3784 1507 3838 nulla
1530 3764 1765 3840 similiter
1790 3789 1889 3843 nisi

290 3862 489 3917 nominis
506 3872 551 3917 et
570 3866 797 3921 rationis
824 3867 1164 3925 distinctione.
1193 3869 1322 3925 Cum
1338 3883 1507 3928 autent
1534 3875 1670 3931 Deus
1696 3893 1885 3949 opera—

292 3960 363 4004 tur
386 3964 427 4007 et
453 3956 706 4026 loquitur,
746 3969 869 4013 tunc
904 3958 1123 4016 Verbum
1163 3979 1254 4018 ceu
1281 3967 1515 4036 qutedam
1540 3969 1761 4038 emissio,
1793 3988 1887 4027 ea:-

289 4048 428 4101 tensio
454 4058 499 4102 et
519 4051 769 4106 dilatalio
793 4052 996 4107 deitatis
1017 4055 1205 4125 prodit,
1237 4067 1286 4111 et
1314 4069 1426 4129 post
1449 4069 1644 4130 gestum
1663 4078 1794 4131 opus
1819 4062 1888 4118 ad

286 4133 435 4192 Deum
456 4144 752 4208 revertitur,
781 4154 830 4199 et
857 4146 912 4199 in
934 4147 1451 4216 pristinaconditione
1469 4160 1654 4207 manet.
1681 4152 1889 4209 Pariter

284 4236 504 4291 emissum
546 4241 653 4310 fuit
703 4238 945 4308 Verbum,
992 4251 1048 4297 ut
1079 4260 1285 4299 carnem
1312 4256 1625 4315 assumeret;
1671 4257 1888 4317 tuncque

284 4321 436 4381 Filius
461 4326 562 4383 Dei
592 4328 839 4397 eﬂ’ectum
866 4340 964 4399 est,
994 4332 1106 4388 Rea:
1132 4334 1274 4401 item,
1303 4334 1554 4403 Christus,
1589 4338 1760 4410 imago
1791 4337 1886 4395 Dei

279 4416 552 4488 inrisibilis,
595 4432 646 4477 et
679 4421 1061 4496 Primogenitus
1087 4428 1252 4482 omnis
1281 4438 1552 4491 creaturas,
1588 4448 1703 4484 cum
1730 4441 1884 4488 antea

279 4508 396 4563 nihil
416 4528 595 4567 eorum
622 4515 808 4586 fuisset
838 4531 857 4569 :
883 4533 946 4569 ac
973 4528 1087 4588 post
1112 4520 1360 4588 iudicium
1388 4522 1497 4577 [nec
1525 4525 1698 4578 omnia
1722 4526 1883 4582 antis-

274 4615 453 4669 surum,
483 4615 643 4674 atque
672 4617 728 4660 ut
757 4609 905 4678 prius
929 4626 1086 4664 unum
1105 4629 1221 4667 cum
1251 4612 1410 4668 Patre
1433 4618 1662 4685 futurum
1682 4626 1776 4672 est.
1810 4616 1879 4674 Ut

275 4702 429 4747 autem
470 4694 702 4752 Verbum
735 4708 808 4753 cst
828 4702 1053 4756 extensio
1079 4712 1126 4757 et
1150 4704 1387 4759 dilatatio
1405 4705 1520 4772 Dei,
1552 4708 1624 4762 sic
1643 4718 1691 4763 et
1711 4709 1884 4781 Spiri-

269 4796 340 4842 tus
365 4802 577 4847 sanctus
609 4794 827 4848 ulterior
849 4796 1074 4849 extensio
1100 4807 1148 4850 et
1176 4796 1411 4854 dilatatio
1437 4809 1530 4865 est,
1573 4802 1662 4871 qui
1690 4804 1882 4874 pariter

266 4894 296 4930 a
320 4878 422 4936 Deo
446 4884 707 4938 emittitur
733 4895 780 4939 et
811 4885 879 4938 ad
899 4884 1062 4941 Deum
1090 4890 1354 4943 revertitur
1374 4899 1428 4944 ut
1455 4888 1693 4962 Verbum,
1715 4910 1879 4950 unus-

264 4985 351 5038 que
372 4982 446 5028 est
474 4991 599 5028 cum
625 4974 744 5030 Deo
770 4985 817 5029 et
860 4974 1019 5031 Verbo
1044 4978 1155 5033 sine
1178 4980 1286 5033 ulla
1311 4980 1651 5037 distinctione.

332 5062 457 5119 llmc
481 5067 731 5122 Marcelli
752 5070 1018 5124 sententia
1045 5079 1129 5125 est
1145 5072 1438 5129 secundum
1462 5074 1678 5132 Eusebii
1701 5077 1875 5148 expli-

259 5154 543 5222 cationem,
588 5160 706 5225 cui,
747 5159 841 5214 sed
872 5176 978 5215 nou
1011 5162 1081 5216 ita
1111 5163 1276 5232 clare,
1309 5164 1700 5236 adstipulantur
1724 5168 1878 5224 Basi-

260 5243 357 5300 lius
388 5257 439 5303 et
468 5248 881 5319 'l‘heodoretus,
918 5252 1112 5322 quibus
1139 5253 1191 5310 in
1224 5253 1342 5311 loco
1367 5271 1530 5327 supra
1574 5267 1873 5316 memorato

254 5340 480 5395 succinit
519 5339 974 5412 Chrysostomus.
1026 5343 1084 5400 Si
1124 5359 1287 5415 porro
1324 5347 1445 5403 talis
1486 5349 1604 5418 ejus
1633 5349 1872 5406 doctrina

255 5427 367 5496 luit,
391 5431 445 5484 iu
474 5433 637 5488 nullo
665 5448 791 5488 vere
817 5433 1097 5492 dill'erebat
1119 5450 1151 5491 a
1178 5436 1413 5494 Sa‘bellio
1439 5449 1492 5495 et
1514 5439 1871 5511 Palripassia-

255 5518 371 5584 nis;
401 5531 457 5576 et
482 5521 798 5592 Epiphanio
827 5534 987 5593 teste,
1017 5538 1300 5599 suspectus
1319 5530 1478 5585 etiam
1507 5532 1606 5587 fuit
1633 5532 1874 5588 Athana-

252 5607 332 5663 sio
366 5612 585 5681 pridem
634 5614 740 5669 sibi
768 5617 963 5673 amico.
1008 5617 1204 5674 Verum
1250 5620 1304 5675 in
1332 5621 1450 5692 ejus
1487 5623 1701 5694 scriptis
1745 5624 1869 5680 illos

255 5708 426 5758 tantos
455 5719 688 5761 errores
726 5705 1133 5778 deprehendere
1161 5710 1376 5769 difficile
1404 5714 1583 5771 fuerit.
1626 5716 1757 5773 Utut
1783 5699 1869 5774 res

251 5801 348 5860 est,
371 5794 671 5853 Marcellus
694 5813 814 5856 cum
840 5814 901 5857 se
922 5800 1125 5858 videret
1151 5818 1182 5858 a
1205 5803 1403 5861 Basilio
1427 5814 1482 5862 et
1506 5806 1624 5863 aliis
1647 5808 1869 5865 damna-

251 5886 321 5955 ri,
361 5897 417 5944 et
442 5890 594 5960 apud
630 5904 882 5963 magnum
909 5892 1261 5953 Athanasium
1305 5906 1613 5969 suspectum
1657 5899 1861 5968 haberi,

314 866 325 915 l

1996 530 2310 604 Eugenium
2351 521 2635 594 diaconum
2663 537 2764 610 ipsi
2801 535 2949 594 misit
2974 550 3096 593 cum
3124 533 3247 592 ﬁdei
3276 532 3612 594 confessione

2008 624 2272 698 (Collectio
2295 643 2425 682 nova
2445 627 2661 684 Patrum
2686 639 2721 683 t.
2737 628 2792 683 2.
2819 647 2870 699 p.
2895 628 2973 702 1),
3000 643 3105 700 qua
3129 643 3189 684 se
3214 638 3363 684 recte
3388 628 3611 694 sentire,

2006 726 2060 774 et
2087 734 2119 774 a
2147 717 2442 775 Catholica:
2469 721 2724 779 Ecclesiae
2751 722 2854 777 fide
2873 722 2925 777 in
2952 721 3100 776 nullo
3119 720 3408 777 deflectere
3435 719 3607 778 decla-

1995 812 2178 880 rabat,
2224 814 2311 869 cui
2358 814 2727 886 subscripsere
2777 815 3104 871 Athanasius
3150 824 3205 869 et
3250 814 3338 869 alii
3374 813 3613 888 Egyptii

1992 905 2262 976 episcopi.
2297 905 2425 962 Post
2449 907 2690 963 Marcelli
2715 922 2844 963 vero
2876 916 3106 962 mortem
3138 906 3255 976 ejus
3280 905 3525 977 discipuli
3554 907 3608 961 in

2010 996 2374 1067 DiOSpolitana
2400 998 2640 1071 Synodo,
2675 1000 2908 1055 similem
2934 999 3054 1056 fidei
3076 998 3470 1055 confessionem
3494 1014 3619 1065 pro-

2005 1085 2264 1157 ferentes,
2309 1089 2376 1146 ad
2416 1092 2849 1147 communionem
2879 1100 2934 1149 et
2970 1107 3002 1146 a
3029 1090 3250 1163 Synodo
3278 1100 3331 1147 et
3359 1106 3388 1145 a
3417 1088 3611 1146 Basilio

2006 1182 2227 1239 admissi
2258 1192 2403 1240 sunt.
2431 1184 2564 1240 Rem
2591 1194 2747 1241 antea
2774 1186 3097 1252 intricatam,
3128 1185 3429 1243 luculenter
3453 1200 3484 1241 a
3514 1200 3607 1242 noo

2006 1275 2088 1334 bis
2111 1279 2426 1349 explicatam
2458 1279 2626 1337 habes
2650 1280 2705 1335 in
2733 1288 3032 1336 memorato
3062 1281 3218 1337 libro.

2076 1370 2340 1430 Photinus
2375 1383 2553 1430 autem
2584 1372 2820 1440 Marcelli
2862 1373 3158 1444 discipulus
3198 1372 3412 1431 dicebat
3446 1372 3611 1429 Chri-

2005 1468 2148 1518 stum
2175 1463 2321 1521 nullo
2346 1464 2508 1521 modo
2533 1465 2804 1521 exstitisse
2829 1472 3113 1536 antequam
3140 1465 3194 1520 in
3219 1464 3383 1520 Maria
3399 1463 3615 1537 Virgine

2005 1555 2267 1627 originem
2292 1557 2532 1615 duceret.
2560 1557 2712 1613 Ilium
2741 1572 2863 1614 cum
2892 1557 3060 1615 Paulo
3092 1557 3448 1615 Samosateno
3476 1574 3608 1615 con-

1998 1648 2207 1705 sentire
2233 1650 2495 1719 putabant
2520 1649 2676 1706 multi
2705 1666 2719 1706 z
2748 1649 3173 1721 Chrysostomus
3200 1664 3364 1720 supra
3394 1649 3614 1706 Sabellii

2004 1740 2178 1795 errori
2207 1739 2481 1801 addictum
2518 1740 2685 1798 fuisse
2708 1739 2841 1797 dicit
2880 1739 3104 1811 perinde
3143 1749 3306 1811 atque
3334 1739 3614 1797 doctorem

2005 1845 2159 1888 suum
2188 1831 2519 1901 Marcellum,
2542 1834 2635 1905 qui
2653 1832 2946 1890 Sabellium
2974 1832 3028 1889 in
3053 1832 3237 1889 multis
3265 1834 3613 1904 sequebatur,

2005 1925 2051 1979 si
2083 1940 2212 1982 vere
2241 1926 2331 1982 illa
2361 1927 2612 1993 senserit,
2642 1941 2763 1998 quae
2790 1924 3057 1981 Eusebius
3086 1924 3186 1996 ipsi
3226 1941 3387 1997 supra
3413 1924 3616 1982 adscri-

2004 2016 2101 2073 bit.
2129 2017 2331 2074 Verum
2357 2018 2636 2076 Marcellus
2674 2019 2729 2074 in
2755 2026 3001 2074 extremo
3040 2018 3163 2073 vita:
3190 2032 3353 2074 cursu
3378 2016 3617 2074 Catltnlie-

2002 2125 2124 2165 catn
2166 2110 2350 2167 emisit
2396 2111 2522 2168 ﬁdei
2568 2110 2981 2182 professionem.
3033 2110 3295 2168 Photinus
3340 2125 3470 2167 vero
3525 2111 3614 2167 illa

2007 2203 2189 2257 omnia
2216 2203 2503 2274 scripsisse
2529 2204 2765 2274 videtur,
2789 2219 2908 2276 quae
2933 2204 3141 2260 doctori
3172 2204 3337 2275 ipsius
3364 2203 3616 2264 Marcello

2006 2293 2267 2349 Eusebius
2295 2293 2571 2352 adscribit.
2971 2290 2992 2314 ’

2075 2386 2280 2443 Praeter
2304 2385 2440 2453 haec,
2462 2388 2566 2445 alia
2599 2387 2767 2445 refert
2787 2388 3209 2460 Chrysostomus
3225 2388 3369 2444 circa
3394 2404 3613 2445 errores

2002 2477 2203 2535 multos
2228 2480 2319 2550 qui
2347 2494 2446 2535 suo
2466 2494 2583 2536 aevo
2616 2481 2755 2549 apud
2782 2481 3148 2537 Antiochenos
3178 2480 3445 2552 vigebant.
3473 2496 3613 2552 quo-

2002 2586 2122 2626 rum
2150 2571 2374 2643 aliquot,
2402 2581 2460 2628 ut
2491 2588 2556 2631 ex
2588 2572 2746 2630 dictis
2774 2572 2891 2644 ejus
2915 2573 3226 2645 percipitur,
3259 2574 3314 2629 in
3344 2588 3442 2630 ore
3468 2573 3611 2644 vulgi

2002 2659 2333 2721 ferebantur.

2080 2774 2099 2808 ι
2129 2755 2350 2812 Plurimi
2375 2765 2502 2813 tunc
2527 2766 2702 2826 erant,
2730 2758 2822 2829 qui
2842 2757 3005 2813 futuri
3030 2757 3213 2814 surculi
3255 2765 3312 2813 et
3363 2772 3610 2814 resurre-

2000 2848 2194 2905 ctionis
2217 2849 2515 2906 doctrinam
2545 2850 2831 2907 admittere
2873 2850 3220 2922 pertinaciter
3245 2851 3543 2908 renuebaut
3583 2871 3601 2905 ι

2006 2938 2191 3012 (Tomo
2217 2943 2430 3014 primo).
2464 2942 2529 2998 Hi
2578 2941 2716 2997 haud
2760 2941 2924 2998 dubie
2952 2942 3210 3013 putabant
3236 2941 3443 2997 animas
3474 2944 3610 2998 mori

2000 3048 2123 3089 cum
2166 3049 2415 3105 corpore.
2447 3034 2769 3092 Guillelmus
2823 3049 2953 3091 vero
3003 3034 3381 3106 Pastrcngicus
3407 3035 3425 3106 (
3454 3033 3612 3090 Tomo

2000 3126 2222 3196 decimo)
2254 3126 2576 3182 Veronensis
2633 3127 2687 3181 in
2749 3141 2916 3197 opere
2941 3168 2956 3193 ,
3001 3126 3065 3182 de
3104 3125 3399 3198 Originibus
3442 3144 3611 3182 rerum

2000 3225 2046 3271 et
2089 3216 2154 3270 de
2208 3217 2491 3289 Scripturis
2542 3219 2768 3272 virorum
2814 3218 3127 3285 illustrium,
3186 3217 3425 3274 Veuetiis
3476 3233 3612 3276 cuso

1999 3324 2143 3365 anno
2205 3311 2380 3377 1547,
2423 3310 2515 3366 ubi
2556 3311 2721 3367 refert
2775 3326 2939 3382 opera
2989 3310 3048 3367 S.
3096 3311 3320 3367 Joannis
3369 3310 3609 3384 Chryso-

2000 3403 2383 3470 stomi,librum
2409 3404 2527 3474 ejus
2557 3411 2822 3460 memorat
2847 3404 2951 3459 hoc
2985 3403 3173 3459 titulo:
3196 3402 3452 3459 Adversus
3476 3405 3609 3460 Aru—

2000 3495 2082 3550 bes
2105 3495 2170 3549 de
2208 3493 2596 3550 Resurrectione
2626 3504 2936 3550 mortuorum
2956 3495 3073 3550 libri
3098 3495 3223 3561 duo,
3250 3495 3340 3566 qui
3376 3495 3609 3552 dicebant

1996 3589 2197 3644 animos
2232 3590 2363 3644 mori
2395 3607 2510 3645 cum
2554 3606 2785 3663 corpore.
2813 3591 2916 3659 Qui
2965 3590 3340 3662 Chrysostomi
3377 3592 3534 3660 libri,
3560 3593 3606 3649 si

1994 3696 2121 3737 vere
2152 3681 2304 3738 istius
2339 3685 2510 3738 sancti
2531 3683 2767 3740 doctoris
2804 3683 3003 3741 fuerint
3026 3727 3043 3753 ,
3074 3684 3157 3741 vel
3179 3685 3347 3742 latent
3370 3686 3602 3748 alicubi.

1997 3774 2084 3829 vel
2108 3788 2332 3842 prorsus
2364 3776 2701 3832 interierunt.
2747 3777 3016 3835 Eusebius
3043 3795 3172 3835 vero
3203 3778 3257 3835 in
3284 3778 3421 3836 Hist.
3449 3779 3599 3839 Eccl.

1994 3878 2049 3936 p.
2092 3866 2217 3934 133,
2239 3866 2389 3935 dicit,
2414 3867 2618 3923 Arabas
2639 3867 2887 3940 Origenis
2908 3878 3151 3941 tempore
3173 3871 3348 3942 palam
3378 3871 3603 3938 dixisse,

1994 3957 2198 4013 animas
2238 3973 2377 4013 mort
2416 3974 2538 4016 cum
2564 3973 2815 4030 corpore,
2857 3971 3065 4018 etcum
3105 3977 3173 4017 eo
3201 3971 3604 4021 resurrecturas

1992 4062 2145 4104 esse:
2178 4056 2339 4120 atque
2375 4049 2635 4107 adversus
2676 4051 2797 4107 illos
2826 4060 3071 4137 cpactam
3100 4052 3267 4111 fuisse
3294 4053 3600 4126 Synodum,

1993 4139 2079 4195 cui
2099 4140 2270 4196 adfuit
2298 4140 2580 4213 Origenes.

2062 4234 2263 4290 Verum
2291 4235 2615 4292 Antiocheui
2645 4237 2722 4293 illi
2752 4239 2865 4310 qui,
2913 4247 3050 4296 teste
3075 4239 3485 4311 Chrysostomo,
3516 4241 3599 4298 fu.

1993 4334 2164 4382 turum
2180 4327 2434 4382 saeculum
2454 4328 2743 4399 negabant,
2765 4345 2939 4401 neque
2959 4333 3167 4385 animas
3184 4346 3358 4402 neque
3373 4347 3599 4402 corpora

1993 4428 2362 4474 resurrectum
2390 4434 2512 4475 esse
2538 4419 2822 4490 putabant.
2857 4420 3125 4491 Insignem
3171 4437 3387 4492 quoque
3432 4425 3600 4480 alium

1993 4510 2450 4567 Antiochenorum
2501 4511 2862 4584 complurium
2915 4528 3156 4569 errorem
3211 4525 3599 4590 commemorat

1990 4601 2219 4658 llomilia
2246 4602 2316 4659 28
2342 4604 2393 4659 iu
2426 4603 2757 4660 Matthscum.
2804 4605 2912 4661 Sed
2944 4622 3067 4674 cur,
3099 4606 3306 4679 inquit,
3336 4607 3598 4665 dtentones

1988 4693 2040 4748 in
2081 4694 2332 4764 sepulcris
2382 4695 2595 4752 libenter
2640 4707 2908 4752 versantur
2952 4697 3152 4771 (Tomo
3197 4700 3500 4771 septimo)?
3528 4700 3599 4759 Ut

1987 4787 2325 4858 perniciosam
2371 4789 2655 4844 doctrinam
2703 4789 2982 4846 multorum
3029 4793 3281 4848 mentibus
3324 4794 3594 4864 inserant,

1987 4895 2167 4949 nempe
2191 4880 2390 4935 animus
2431 4892 2749 4937 mortuorum
2787 4886 3048 4937 daemonas
3072 4884 3207 4953 ﬁeri,
3245 4885 3383 4957 quod
3410 4902 3475 4941 ne
3502 4902 3596 4943 co—

1983 4972 2103 5043 gitet
2128 4972 2381 5043 quispiam
2400 4973 2550 5028 absit.
2581 4973 2687 5030 Sed
2720 4974 2844 5047 quid
2870 4974 3030 5042 dicas,
3055 4974 3324 5047 inquiunt,
3365 4977 3428 5031 de
3453 4966 3590 5047 prai-

1982 5065 2327 5136 stigiatoribus
2368 5065 2538 5119 multis
2563 5107 2578 5132 ,
2619 5067 2709 5134 qui
2754 5076 2933 5135 captos
2980 5084 3164 5138 pueros
3198 5068 3485 5140 jugulant,
3533 5079 3590 5128 ut

1981 5157 2208 5212 animam
2255 5169 2431 5230 postea
2470 5158 2567 5214 sibi
2611 5160 2983 5216 ministrantem
3011 5161 3270 5219 habeant?
3291 5161 3432 5216 Nam
3457 5164 3595 5231 quod

1973 5253 2235 5326 jugulent,
2271 5255 2368 5309 hoc
2403 5255 2552 5310 multi
2592 5256 2807 5322 dicunt;
2840 5257 2976 5326 quod
3006 5266 3178 5311 autem
3208 5272 3453 5312 cassorum
3473 5259 3590 5313 aui-

1981 5362 2078 5402 mte
2101 5363 2215 5401 cum
2249 5348 2375 5418 ipsis
2401 5348 2524 5415 sint,
2550 5348 2705 5416 unde,
2737 5364 2928 5420 quazso,
2957 5348 3092 5403 nosti
3112 5348 3137 5403 ?
3157 5345 3184 5401 Ι
3191 5348 3294 5420 psi,
3322 5349 3589 5420 inquiunt,

1980 5439 2279 5495 daemoniaci
2317 5440 2413 5495 hoc
2455 5441 2632 5495 dicunt
2663 5456 2682 5495 :
2710 5440 2824 5512 Ego
2865 5457 2978 5496 sum
3016 5440 3191 5495 animo
3230 5440 3370 5495 illius
3403 5442 3587 5513 cujus-

1983 5533 2140 5602 piant.
2186 5530 2371 5587 Verum
2414 5533 2523 5588 haec
2562 5536 2707 5603 [rans
2733 5541 2780 5587 et
2810 5533 3053 5607 fallacia,
3068 5531 3322 5588 diabolica
3362 5544 3435 5588 est
3458 5549 3476 5585 :
3498 5548 3594 5588 nc-

1978 5641 2076 5697 que
2100 5625 2235 5681 enim
2276 5626 2448 5680 anima
2480 5627 2665 5680 mortui
2709 5635 2783 5680 est
2821 5640 2935 5697 qua:
2969 5624 3161 5680 clamat
3181 5666 3197 5693 ,
3226 5625 3319 5680 sed
3347 5629 3544 5683 damon
3569 5667 3585 5690 ,

1977 5717 2065 5790 qui
2095 5719 2189 5773 hoc
2234 5718 2443 5772 simulat
2468 5727 2524 5773 ut
2562 5717 2823 5775 auditores
2867 5719 3109 5790 decipiat.
3155 5718 3295 5773 Nam
3337 5720 3383 5774 si
3418 5727 3589 5789 posset

1983 5810 2156 5865 anima
2184 5808 2236 5864 in
2276 5810 2522 5864 dtemonis
2545 5809 2884 5865 substantiam
2926 5810 3158 5882 ingredi,
3188 5810 3349 5865 multo
3378 5810 3587 5881 facilius

1979 5903 2031 5958 in
2056 5917 2243 5972 corpus
2267 5917 2415 5956 suum
2437 5901 2804 5972 ingrederetur.
2832 5901 3088 5960 Praeterea
3111 5900 3223 5973 quis
3242 5899 3442 5957 ratione
3456 5912 3580 5971 pm-
