4194 6464
332 393 389 448 75
1077 386 1240 458 QUE
1275 386 1346 445 ΙΝ
1370 385 1715 447 OPERIBUS
1744 385 2219 448 CHRYSOSTOMI
2256 390 2784 455 OBSERVANTUR.

327 504 663 576 ρτίηιορεηὶω
683 499 825 574 ﬁlius
846 514 994 556 meus
1022 497 1189 556 Israel
1216 496 1422 572 (Exod.
1449 498 1506 554 4.
1536 497 1610 553 22
1630 496 1677 569 ).
1709 498 1890 570 Ange-

321 610 390 661 lus
406 610 575 659 autem.
589 610 849 668 nusquam
875 601 1099 651 vocatus
1116 601 1203 650 est
1224 591 1389 661 illius,
1418 607 1594 662 neque
1612 590 1754 647 ﬁlius
1772 591 1887 647 Dei.

322 696 536 754 Profecto
552 690 721 763 angeli
743 689 963 762 quidam
979 696 1165 754 erant;
1188 685 1284 744 sed
1298 686 1422 758 quis
1438 685 1507 741 ad
1529 671 1895 757 iniquum‘hoc

320 805 435 862 opus
468 783 883 850 descenderunt,
907 780 1169 853 dignitate
1213 794 1311 837 sua
1354 777 1697 862 exciderunt,
1732 795 1752 831 ι
1783 786 1888 833 etc.

383 880 465 936 llic
483 889 672 946 aspere
694 874 805 946 agit
830 871 1260 945 Chrysostomus
1281 869 1334 925 in
1349 861 1446 925 cos
1473 869 1565 940 qui
1587 882 1748 939 supra
1773 882 1892 924 me-

330 976 549 1029 moratum
589 968 770 1023 locum
800 964 872 1021 de
903 964 1110 1036 angelis
1135 962 1487 1030 intellexere,
1530 969 1692 1032 atque
1743 958 1893 1030 ipsos

330 1066 436 1121 alios
453 1062 722 1119 hominum
749 1064 806 1117 in
836 1074 1035 1116 uxores
1064 1056 1337 1130 accepisse
1353 1096 1368 1123 ,
1395 1067 1729 1126 corporaque
1754 1066 1894 1124 prce-

327 1157 440 1214 ditos
466 1155 578 1211 illos
600 1154 826 1226 angelos
849 1151 1041 1208 fuisse.
1072 1151 1142 1206 At
1166 1149 1460 1206 multorum
1499 1155 1742 1204 veterum
1772 1145 1893 1201 haec

323 1249 477 1319 opinio
503 1247 621 1314 fuit,
650 1260 849 1316 nempe
877 1257 1173 1315 corporeos
1198 1242 1345 1312 ipsos
1368 1240 1531 1296 fuisse
1549 1279 1566 1308 ,
1593 1247 1648 1297 et
1676 1253 1797 1295 cum
1825 1237 1892 1292 tl-

318 1340 460 1397 liabus
474 1338 746 1395 hominum
768 1352 883 1392 rem
895 1334 1149 1391 habuisse
1167 1351 1183 1388 :
1206 1333 1430 1402 illosque
1444 1330 1664 1402 angelos
1676 1328 1892 1402 quidam

316 1433 750 1506 vocaruutoigiles.
766 1430 1039 1499 Iosephus
1055 1428 1237 1499 Antiq.
1260 1426 1297 1482 Ι.
1320 1427 1371 1482 ι.
1389 1440 1439 1481 c.
1458 1426 1493 1481 4
1513 1443 1528 1479 :
1551 1423 1703 1480 Multi
1727 1424 1896 1494 angeli

314 1527 399 1584 Dei
421 1543 528 1582 cum
544 1524 846 1581 mulieribus
873 1523 1042 1578 mixti.
1067 1520 1299 1591 Idipsum
1320 1516 1709 1584 ferelustinus,
1732 1515 1898 1571 Athe-

311 1634 547 1691 nsgoras,
581 1617 842 1672 Clemens
876 1612 1296 1676 Alexandrinus,
1327 1608 1707 1681 Theognostus
1750 1607 1893 1678 apud

311 1710 533 1767 Photinus
557 1717 613 1765 et
639 1708 760 1764 alii.
787 1705 962 1775 Quam
993 1720 1108 1763 rem
1134 1710 1491 1776 persequutus
1514 1710 1600 1757 est
1626 1700 1896 1772 Josephus

310 1803 526 1875 Scaliger
560 1802 612 1858 iu
643 1799 792 1858 notis
818 1799 888 1856 ad
918 1798 1136 1856 Eusebii
1164 1795 1469 1853 Chronicon
1490 1836 1506 1863 ,
1537 1803 1593 1852 et
1619 1803 1745 1868 post
1767 1809 1893 1851 eum

308 1896 384 1953 alii
410 1895 695 1961 innumeri,
729 1908 869 1964 quos
894 1892 1111 1962 longum
1137 1899 1282 1947 esset
1310 1902 1616 1944 recensere.

370 1991 585 2045 Aitvero
595 1987 958 2060 Chrysostom
966 1999 1062 2041 us:
1088 1982 1373 2040 Ostendam
1393 1980 1479 2035 ubi
1495 1979 1665 2052 angeli
1685 1978 1782 2049 ﬁlii
1796 1976 1894 2034 Dei

306 2084 525 2157 appellati
548 2083 647 2139 sint
665 2083 695 2137 Ρ
723 2081 1001 2152 Nusquam
1024 2087 1175 2136 certe
1201 2077 1342 2149 apud
1373 2074 1517 2132 LXX
1546 2075 1890 2144 lnterpretes,

303 2190 422 2248 quos
441 2175 581 2232 solos
607 2174 827 2246 legebat
851 2171 1294 2246 Chrysostomus.
1325 2169 1520 2225 Verum
1547 2169 1601 2223 in
1630 2165 1895 2222 Hebraico

316 2275 446 2323 textu
482 2266 600 2323 libri
625 2264 736 2322 Job
760 2279 810 2321 e.
854 2265 908 2332 Ι,
935 2280 990 2319 v.
1014 2262 1073 2331 6,
1104 2261 1283 2334 angeli
1328 2260 1423 2316 lilii
1453 2259 1548 2315 Dei
1592 2267 1891 2326 vocantur,

312 2335 587 2415 amba-vn
635 2374 653 2412 :
693 2366 755 2414 et
793 2357 850 2413 in
903 2356 1134 2427 Vulgata
1177 2368 1391 2426 quoque
1430 2351 1527 2423 ﬁlii
1573 2348 1692 2405 Dei.
1741 2347 1895 2404 Nihi-

246 2476 249 2479 ι
308 2449 517 2506 lominus
563 2448 659 2505 hie
709 2447 881 2520 probe
904 2445 1158 2503 'cont‘utat
1198 2445 1617 2517 Chrysostomus
1662 2456 1758 2499 eos
1802 2439 1894 2512 qui

309 2539 547 2608 dicereut,
578 2540 752 2596 hosce
778 2538 921 2594 ﬁlios
940 2537 1037 2594 Dei
1064 2536 1228 2595 fuisse
1254 2535 1497 2608 angelos.

863 2786 1192 2845 DMTRIBA
1230 2785 1321 2842 IV.

817 2944 1153 3001 Miscellanea
1183 2944 1365 2999 multa.
1400 3006 1403 3007 ν

365 3102 547 3160 Narrat
574 3103 1041 3176 Chrysostomus,
1071 3118 1170 3158 suo
1196 3118 1312 3158 aevo
1342 3110 1512 3157 totum
1551 3101 1741 3157 orbem
1766 3143 1782 3167 ,
1815 3100 1894 3157 sic

302 3196 400 3262 ille,
421 3197 484 3252 ad
507 3196 794 3252 Bethleem
815 3195 1165 3263 conﬂuxisse,
1190 3209 1294 3249 non
1316 3194 1420 3249 alia
1442 3193 1509 3249 de
1533 3208 1715 3262 causa,
1733 3208 1895 3264 quam

302 3296 354 3341 ut
400 3288 568 3344 locum
624 3286 886 3343 viderent
938 3287 1028 3342 ubi
1078 3295 1235 3341 natus
1284 3284 1662 3357 repositusque
1718 3284 1894 3339 luerat

300 3376 522 3434 Christus
543 3378 750 3451 (Tanto
779 3378 994 3448 primo).

365 3469 434 3526 De
452 3470 569 3526 Jobi
595 3470 734 3526 limo
756 3469 874 3525 haec
899 3484 1153 3540 perquam
1178 3468 1468 3541 singularia
1488 3467 1682 3540 profert
1709 3468 1892 3540 (Tomo

300 3561 520 3636 secundo)
547 3582 561 3618 :
592 3562 654 3618 Μ
660 3563 761 3617 ulti
796 3579 932 3619 nunc
981 3561 1186 3634 longam
1238 3571 1286 3616 et
1330 3562 1724 3615 transmarinam
1771 3578 1888 3631 per-

297 3654 644 3724 egrinationem
703 3670 737 3707 a
776 3662 927 3710 terra
967 3654 1155 3723 ﬁnibus
1190 3652 1246 3707 in
1291 3652 1531 3707 Arabiam
1573 3651 1889 3721 suscipiunt,

300 3753 347 3798 ut
377 3745 552 3814 ﬁmunt
608 3746 769 3801 illum
815 3754 1025 3800 cernant
1048 3786 1065 3812 ,
1123 3754 1171 3799 et
1219 3744 1499 3816 conspicati
1545 3752 1729 3798 terram
1764 3744 1890 3798 deo-

296 3839 530 3916 sculentur
554 3844 585 3908 ,‘
618 3856 746 3911 quae
785 3839 928 3894 illius
972 3840 1176 3894 uictoris
1232 3841 1511 3894 certamina
1550 3851 1599 3893 et
1661 3856 1892 3894 cruorem

298 3932 417 3985 anni
451 3951 578 3988 auro
618 3934 977 4004 pretiosiorem
1022 3932 1265 4003 suscepit.
1306 3930 1488 4002 Neque
1519 3933 1653 3988 enim
1693 3942 1890 3987 tantum

298 4022 498 4078 radiaret
526 4040 774 4096 purpura
795 4065 810 4089 ,
848 4032 1095 4094 quantum
1131 4024 1264 4077 illud
1291 4038 1476 4094 corpus
1511 4032 1630 4077 tunc
1658 4024 1888 4093 resplen-

298 4113 429 4169 debat
445 4158 462 4184 ,
486 4134 586 4172 non
607 4115 788 4171 alieno
807 4157 823 4180 ,
853 4117 944 4171 sed
974 4117 1184 4187 proprio
1203 4116 1414 4169 tinctum
1443 4115 1707 4187 sanguine.
1734 4113 1888 4172 Ulce-

296 4221 347 4259 ra
366 4224 472 4263 sero
489 4209 585 4263 illa
608 4209 828 4281 gemmis
852 4207 1084 4262 omnibus
1111 4216 1257 4262 erant
1276 4206 1494 4260 cariora.

357 4298 439 4353 Ait
460 4300 576 4370 ipse
596 4301 1042 4371 Cbrysostomus,
1068 4297 1325 4367 reliquias
1343 4312 1483 4353 arcte
1501 4296 1631 4353 Noae
1647 4297 1889 4355 hactenus

298 4394 482 4447 servari
508 4392 562 4447 in
593 4390 876 4448 montibus
903 4390 1173 4446 Armenia:
1211 4389 1279 4445 ad
1306 4400 1544 4445 nostram
1570 4390 1891 4452 admonitio-

294 4500 401 4541 nem
430 4485 614 4556 (Temo
646 4486 840 4556 sexto).

356 4575 464 4632 Non
494 4574 967 4649 praetermittenda
987 4583 1112 4631 sunt
1131 4590 1251 4646 quae
1276 4574 1346 4631 de
1366 4584 1503 4631 terra
1530 4573 1886 4631 Sodomorum

293 4663 673 4739 dicitllbidem)
711 4685 726 4722 :
764 4664 951 4721 Verum
994 4668 1104 4721 hate
1153 4681 1285 4720 nunc
1336 4675 1408 4720 est
1443 4666 1668 4720 omnium
1716 4666 1886 4721 deser-

293 4767 441 4813 tarum
482 4761 829 4817 desertissima
850 4769 1023 4814 :stant
1054 4760 1189 4815 enim
1221 4760 1425 4814 arbores
1460 4769 1507 4815 et
1545 4763 1764 4830 fructum
1794 4760 1888 4813 ha-

294 4850 394 4902 bent
413 4893 428 4917 ,
459 4861 512 4904 at
539 4857 745 4923 {ructus
773 4851 863 4905 ille
890 4852 982 4906 irte
1006 4851 1193 4905 diuina:
1220 4850 1581 4904 monimentum
1611 4860 1685 4905 est
1707 4866 1727 4905 :
1750 4860 1888 4904 stant

290 4944 637 5014 malogranata
672 4943 978 5014 splendida,
1007 4943 1141 5015 facie
1161 4958 1303 5014 spem
1328 4941 1510 4996 bonam
1537 4942 1887 5014 ignorantibus

289 5033 555 5101 prebcntia
574 5077 591 5103 ,
635 5035 874 5090 manibus
908 5045 1073 5089 autem
1103 5043 1311 5105 accepta
1357 5042 1403 5089 et
1436 5038 1600 5106 fracta
1620 5074 1634 5099 ,
1662 5033 1885 5102 fructum

286 5125 472 5194 quidem
517 5127 750 5192 nullum,
790 5125 879 5180 sed
917 5125 1175 5197 pulverem
1215 5126 1528 5197 cineremque
1566 5124 1777 5178 multum
1805 5124 1884 5179 in-

284 5223 358 5268 tus
383 5218 605 5286 positum
633 5217 889 5272 exhibent.
917 5214 1064 5272 Talis
1087 5226 1162 5270 est
1192 5225 1329 5270 terra
1353 5256 1368 5281 ,
1398 5215 1522 5270 tales
1546 5214 1744 5285 lapides
1761 5255 1778 5282 ,
1808 5225 1884 5268 ta-

285 5305 342 5359 lis
368 5307 472 5379 ipse
491 5324 583 5362 aer
612 5322 632 5362 :
660 5309 833 5363 omnia
872 5308 1079 5361 incensa
1094 5316 1231 5373 sunt,
1253 5307 1425 5361 omnia
1446 5307 1499 5361 in
1519 5307 1737 5360 cinerem
1763 5306 1880 5360 red-

285 5406 423 5463 acta,
474 5409 815 5470 praeterquam
868 5400 965 5454 ira:
1018 5399 1364 5464 monimenta,
1438 5398 1597 5470 futuri
1644 5396 1882 5470 supplicii

287 5486 484 5544 indicia.

351 5581 486 5638 Dicit
508 5584 676 5640 etiam
697 5584 888 5640 doctor
909 5593 1111 5653 noster,
1136 5600 1165 5639 a
1193 5583 1456 5639 decennio
1475 5583 1722 5639 homines
1742 5598 1870 5654 pec-

286 5681 516 5727 catorum
549 5674 814 5730 rationem
862 5676 1167 5731 reddituros
1193 5691 1315 5731 esse
1339 5694 1351 5730 :
1376 5673 1445 5731 Ut
1468 5675 1639 5745 palam
1659 5675 1874 5746 faciunt,

289 5766 449 5834 pergit
476 5767 566 5822 ille
589 5809 603 5832 ,
641 5772 782 5839 pueri
805 5811 821 5837 ,
848 5770 935 5841 qui
974 5769 1111 5841 quod
1143 5767 1385 5825 Elisazum
1423 5766 1633 5825 irridere
1661 5769 1772 5823 ausi
1791 5785 1874 5825 es-

286 5868 414 5926 sent,
440 5857 502 5912 ab
528 5860 661 5915 ursi:
686 5861 920 5918 dctvorati
949 5871 1085 5917 sunt.

3525 395 3596 450 '76

2070 497 2148 556 De
2174 494 2433 557 mendicis
2455 541 2471 567 ,
2502 515 2612 573 quo
2638 509 2794 572 pacto
2820 502 3025 560 scilicet
3047 510 3175 559 tunc
3195 507 3457 578 temporis
3489 508 3590 563 sti-

1995 604 2117 660 pem
2142 599 2416 662 cogerent,
2447 591 2613 647 multa
2633 591 2764 649 dicit
2788 609 2909 663 quae
2936 612 3044 651 non
3062 606 3197 653 sunt-
3213 595 3425 654 silentio
3453 615 3594 670 pra:-

1999 681 2257 737 tcreunda
2294 679 2492 756 (Tomo
2517 684 2826 757 undecimo).
2850 685 3123 758 Principio
3136 689 3351 760 quidem
3384 691 3595 746 mendi-

1995 771 2044 828 ci
2063 813 2080 840 ,
2108 780 2220 827 uta
2250 775 2700 844 praetereuntibus
2726 792 2890 832 unum
2927 779 3013 835 vel
3059 779 3195 837 duos
3241 782 3429 839 obolos
3455 785 3596 840 acci-

1996 871 2186 933 perent
2206 904 2222 929 ,
2256 878 2351 934 per
2380 864 2668 921 Dominum
2697 866 3048 937 adiurabant,
3078 879 3138 926 ut
3162 881 3364 928 metum
3391 874 3597 930 incute.

1997 965 2138 1022 rent,
2162 956 2427 1027 praecipue
2444 959 2703 1015 matronis
2720 969 2770 1015 et
2794 960 3007 1031 puellis,
3030 978 3148 1034 qua:
3163 965 3451 1035 opulentia:
3475 982 3597 1036 spe-

1996 1044 2134 1102 ciem
2158 1061 2267 1118 prae
2288 1063 2347 1104 se
2371 1049 2612 1105 ferebant
2632 1068 2646 1105 :
2665 1050 2758 1107 sed
2779 1066 2901 1107 cum
2918 1052 3017 1109 hac
3037 1055 3120 1109 via
3149 1072 3334 1126 parum
3355 1058 3441 1114 vel
3462 1058 3595 1113 nihil

1996 1139 2440 1209 expiscarentur,
2482 1141 2627 1198 aliud
2667 1144 2975 1212 tentabant,
3018 1147 3162 1218 quod
3212 1148 3290 1205 sic
3338 1150 3591 1222 exprimit

1997 1229 2419 1303 Chrysostomus
2449 1251 2463 1290 :
2495 1234 2634 1290 Nam
2656 1236 2896 1308 quoniam
2915 1237 3077 1294 verbis
3101 1248 3296 1296 utentes
3324 1242 3593 1298 vehemen-

1997 1324 2132 1380 tibus
2157 1334 2204 1381 et
2233 1326 2465 1395 acribus,
2509 1345 2611 1383 non
2650 1338 2864 1402 tangunt
2903 1332 3173 1399 animum;
3197 1334 3268 1387 ad
3304 1335 3437 1389 hanc
3464 1335 3594 1390 viam

1999 1426 2307 1486 properant,
2337 1435 2429 1490 per
2455 1435 2607 1490 quam
2632 1421 2851 1476 maxime
2878 1420 3163 1492 delectant,
3190 1436 3236 1479 et
3261 1442 3375 1480 eum
3393 1427 3484 1497 qui
3520 1438 3595 1483 est

1996 1509 2051 1563 in
2077 1510 2369 1565 calamitate
2392 1521 2440 1566 et
2484 1512 2624 1583 [ante
2651 1513 2909 1570 cruciatur
2930 1556 2946 1582 ,
2991 1516 3124 1588 cogit
3156 1518 3455 1591 improbitas
3499 1537 3593 1575 no-

1997 1611 2105 1657 stra
2130 1604 2415 1659 encomium
2443 1605 2615 1660 dicere
2641 1624 2661 1661 :
2686 1617 2734 1662 et
2762 1607 2959 1664 utinam
2995 1609 3090 1665 hoc
3115 1611 3320 1669 solum!
3342 1614 3434 1669 sed
3469 1613 3592 1670 alte~

1998 1710 2114 1749 rum
2131 1712 2329 1769 quoque
2354 1713 2513 1770 genus
2541 1699 2636 1754 hoc
2669 1700 2898 1756 acerbius
2919 1743 2938 1770 ,
2983 1718 3162 1776 nempe
3203 1706 3595 1778 praestigiator“

1997 1789 2135 1862 cogit
2162 1806 2270 1846 esse
2295 1808 2547 1863 pauperes
2565 1835 2581 1858 ,
2620 1810 2824 1851 scurras
2846 1803 2894 1851 et
2919 1796 3078 1852 risum
3098 1807 3371 1855 moventes.
3407 1799 3590 1869 Quan-

1998 1879 2066 1935 do
2085 1881 2222 1936 enim
2251 1881 2460 1953 calices,
2490 1882 2793 1940 hederaceas
2819 1895 3024 1957 pateras
3044 1895 3092 1942 et
3118 1889 3303 1960 pocula
3324 1890 3496 1960 digitis
3516 1892 3592 1945 in-

1997 1986 2169 2027 serens
2191 1981 2239 2027 et
2266 1973 2535 2044 imponens
2559 2015 2574 2042 ,
2598 1974 2730 2030 ludit
2748 1975 2994 2047 cymbalis
3015 2019 3031 2045 ,
3058 1987 3107 2033 et
3136 1979 3360 2047 ﬁstulam
3384 1980 3593 2048 habens,

1999 2063 2170 2135 turpia
2215 2065 2412 2119 cantica
2448 2073 2495 2119 et
2535 2082 2709 2120 amore
2736 2067 2888 2137 plena
2936 2084 3029 2138 per.
3068 2086 3180 2123 eum
3223 2081 3375 2126 cantu
3404 2082 3452 2126 et
3482 2089 3595 2128 voce

1998 2155 2188 2210 clamat
2217 2172 2237 2211 :
2262 2166 2382 2212 tunc
2426 2158 2573 2214 multi
2619 2161 2980 2227 circumstant,
3032 2170 3079 2215 et
3127 2163 3217 2216 alii
3246 2165 3449 2233 quidem
3479 2166 3594 2236 frn-

1996 2257 2134 2303 stum
2184 2249 2369 2322 panis,
2421 2249 2513 2305 alii
2553 2266 2669 2306 vero
2716 2252 2921 2307 obolum
2942 2293 2959 2320 ,
3007 2252 3099 2307 alii
3143 2255 3407 2327 quidpiam
3451 2259 3595 2312 aliud

1999 2338 2221 2411 prabent
2243 2380 2260 2409 ,
2311 2350 2360 2396 et
2386 2340 2477 2395 diu
2504 2342 2747 2411 retinent,
2799 2353 2847 2400 et
2875 2344 3189 2401 delectantur
3216 2347 3310 2402 viri
3333 2357 3381 2403 et
3409 2351 3594 2406 mulie-

1998 2448 2081 2487 res
2106 2447 2126 2487 :
2155 2432 2279 2502 quid
2302 2441 2375 2487 est
2404 2433 2499 2488 hoc
2538 2434 2741 2505 grauius
2765 2435 2792 2490 Ζ)

2072 2523 2151 2581 Ex
2180 2524 2440 2582 mendicis
2465 2535 2645 2582 autem
2683 2527 2790 2583 illis
2818 2528 3034 2599 quidam
3062 2529 3291 2601 improbi
3321 2546 3385 2589 ac
3423 2535 3595 2591 scele-

1999 2615 2068 2673 sti
2106 2625 2281 2684 erant,
2306 2617 2375 2674 de
2403 2617 2600 2689 quibus
2630 2619 2706 2674 ait
2718 2619 3136 2691 Chrysostomus
3155 2621 3340 2693 (Temo
3366 2625 3555 2698 primo)
3580 2644 3592 2679 :

2002 2707 2185 2763 Annon
2211 2708 2349 2764 vides
2371 2708 2714 2764 mendicorum
2740 2709 2987 2782 plurimos
3010 2712 3139 2767 inter
3162 2729 3427 2783 pressurus
3452 2717 3589 2786 ipsas

2000 2809 2050 2854 et
2074 2800 2340 2871 angustias
2366 2802 2633 2856 innumera
2662 2811 3009 2874 pcrpetrantes
3034 2804 3223 2859 scelera
3240 2848 3254 2870 ,
3276 2823 3491 2879 quorum
3515 2818 3597 2863 ta-

2001 2907 2113 2946 men
2136 2892 2364 2947 omnium
2392 2909 2548 2948 causa
2591 2909 2695 2948 non
2745 2894 2948 2965 afﬂictio
2996 2899 3312 2968 paupertatis
3350 2908 3458 2967 est,
3509 2901 3598 2956 sed

1999 2983 2112 3038 sola
2144 2984 2369 3054 nequitia
2390 2985 2416 3038 .9
2445 2984 2632 3040 Audiui
2674 3002 2766 3057 ego
2804 2986 3049 3059 quosdam
3074 3030 3089 3056 ,
3133 2990 3225 3061 qui
3248 2990 3468 3047 dicerent
3497 2993 3596 3047 hu-

1989 3075 2222 3147 jusmodi
2250 3076 2477 3131 homines
2496 3078 2754 3133 mulierem
2771 3079 3047 3149 quamdam
3073 3080 3334 3137 honestam
3359 3092 3406 3138 et
3427 3088 3596 3157 forma

2000 3168 2197 3224 liberali
2240 3169 2295 3224 in
2326 3169 2603 3224 solitudine
2647 3180 2843 3238 nactos,
2871 3172 2918 3225 ei
2945 3172 3185 3228 uiolenter
3222 3190 3285 3229 ac
3309 3175 3598 3245 petulanter

1999 3259 2238 3316 illusisse.
2270 3260 2422 3332 Atqui
2449 3277 2553 3333 qua
2580 3262 2874 3318 necessitate
2895 3304 2910 3332 ,
2938 3279 3041 3336 qua
3063 3265 3358 3323 calamitate
3395 3269 3467 3323 ad
3501 3270 3598 3326 hoc

1997 3353 2192 3410 inducti
2217 3364 2335 3410 sunt
2356 3355 2383 3409 Ρ

2068 3449 2219 3505 Alios
2247 3450 2409 3506 etiam
2435 3460 2699 3507 memorat
2722 3453 3099 3524 marsupiorum
3134 3463 3375 3524 sectores,
3404 3457 3495 3529 qui
3541 3458 3597 3514 in

2003 3540 2287 3598 ecclesiam
2316 3542 2750 3612 conveniebant,
2781 3553 2843 3599 ut
2862 3560 2984 3601 cum
3012 3545 3267 3603 divitibus
3294 3547 3347 3603 in
3381 3550 3597 3605 concio-

1997 3651 2067 3691 ne
2093 3636 2412 3706 intermixti,
2444 3651 2754 3693 crumenam
2779 3645 2833 3694 et
2859 3653 3050 3695 aurum
3077 3639 3210 3712 ipsis
3247 3641 3596 3714 subripereut

2001 3734 2021 3800 (
2043 3729 2239 3784 Ibidem
2255 3729 2298 3803 ).

2068 3820 2260 3877 Narrat
2305 3820 2523 3879 Judmos
2563 3825 2819 3894 templum
2879 3840 3046 3881 suum-
3091 3834 3399 3885 restaurare
3451 3844 3597 3900 saepe

1996 3912 2195 3969 frustra
2250 3914 2799 3988 tentavisseUbidem
2824 3914 2867 3988 );
2899 3916 3010 3973 imo
3053 3916 3322 3976 lulianum
3369 3921 3597 3991 Aposta-

1996 4014 2107 4062 tam
2159 4006 2286 4063 illud
2334 4006 2514 4078 operis
2560 4009 2883 4080 suscepisse.
2928 4007 3070 4063 Nam
3106 4014 3255 4066 aetate
3285 4020 3489 4080 nostra,
3515 4011 3596 4068 iu-

1995 4100 2144 4171 quit,
2181 4101 2457 4171 imperator
2499 4101 2586 4173 qui
2633 4117 2810 4158 omnes
2870 4102 3133 4175 impietate
3191 4105 3503 4176 superabat,
3547 4116 3595 4162 et

1999 4191 2302 4260 facultatem
2329 4200 2449 4246 tunc
2475 4190 2675 4248 Iudicis
2701 4193 2839 4247 dedit
2863 4234 2879 4260 ,
2910 4205 2960 4249 et
2987 4180 3284 4267 coeperatus
3310 4207 3401 4252 est.
3450 4197 3594 4271 Opus

1994 4282 2075 4337 illi
2105 4282 2336 4352 incepere
2359 4322 2375 4348 ,
2401 4297 2462 4335 ac
2485 4298 2547 4336 ne
2565 4283 2641 4337 vel
2664 4284 2929 4338 minimum
2953 4287 3190 4356 progredi
3210 4287 3344 4342 ultra
3364 4298 3590 4360 potuere,

1992 4372 2084 4429 sed
2110 4373 2244 4445 ignis
2269 4389 2301 4425 α
2328 4372 2671 4444 fundamentis
2695 4375 2930 4431 exsiliens
2958 4392 3132 4431 omnes
3174 4379 3392 4451 fugavit.
3440 4381 3593 4447 Quod

1993 4474 2162 4520 autem
2189 4466 2436 4521 uoluerint
2454 4508 2471 4535 ,
2502 4466 2598 4521 hoc
2625 4467 2871 4522 indicium
2897 4479 2972 4523 est
2997 4508 3015 4536 ,
3046 4471 3183 4541 quod
3207 4470 3452 4528 hactenus
3469 4473 3591 4542 {un-

1992 4559 2234 4614 damenta
2253 4559 2446 4614 nudata
2468 4569 2752 4632 appareant
2780 4576 2800 4615 .'
2824 4570 2878 4616 ut
2904 4562 3078 4618 videas
3115 4564 3254 4634 ipsos
3279 4565 3483 4637 quidem
3512 4569 3592 4639 fo-

1993 4651 2111 4707 dere
2149 4652 2357 4723 ctepisse
2378 4693 2395 4720 ,
2441 4652 2531 4707 sed
2576 4652 2836 4723 ludiﬁcare
2875 4670 2978 4709 non
3026 4657 3286 4726 potuisse,
3325 4656 3596 4716 obsistente

1993 4748 2183 4804 Christi
2212 4748 2578 4807 sententia...-..
2606 4748 2762 4820 Atqui
2780 4748 2825 4804 si
2849 4765 2951 4804 non
2972 4750 3144 4805 divina
3163 4751 3319 4807 uirtus
3338 4752 3589 4808 collucta-

1991 4849 2151 4904 rctur,
2183 4839 2309 4909 quid
2337 4839 2555 4894 obstaret
2573 4840 2603 4894 7
2621 4856 2797 4895 annon
2823 4856 3009 4912 magna
3036 4841 3110 4895 vis
3139 4843 3473 4914 pecuniarum
3498 4859 3587 4913 pe-

1989 4948 2081 4986 nes
2102 4931 2222 4986 illos
2250 4930 2365 4986 est?
2391 4947 2564 4985 annon
2599 4930 2662 4984 ab
2692 4930 2926 4985 omnibus
2956 4932 3184 5002 undique
3215 4932 3409 4991 tributa
3435 4934 3583 4990 colli-

1988 5041 2110 5096 gens
2127 5024 2440 5096 patriarcha,
2462 5024 2731 5079 immensos
2747 5024 2967 5096 possidet
2984 5025 3248 5080 thesauros
3263 5025 3290 5080 Ρ

2062 5121 2138 5176 De
2187 5121 2497 5179 Iudaeorum
2538 5123 2780 5179 moribus
2828 5132 2886 5179 et
2931 5121 3121 5177 ritibus
3168 5120 3333 5176 inulta
3383 5119 3586 5191 profert

1986 5213 2408 5286 Chrysostomus
2454 5214 2507 5270 in
2533 5213 2881 5272 concionibus
2919 5212 3182 5269 adversus
3212 5211 3584 5285 Judteos(lbi-

1991 5303 2147 5379 dem)
2176 5306 2472 5376 :singulare
2497 5321 2626 5362 vero
2671 5305 2801 5361 illud
2830 5313 2948 5373 est,
2971 5302 3117 5371 quod
3141 5317 3251 5358 non
3264 5304 3433 5359 semel
3464 5319 3585 5361 nar-

1992 5407 2109 5464 rat,
2137 5397 2357 5455 Iudaeos
2405 5412 2599 5471 nempe
2620 5438 2637 5466 ,
2685 5397 2901 5469 quando
2935 5396 3278 5468 ieiunabant,
3307 5397 3464 5454 nudis
3495 5414 3579 5470 pe-

1984 5490 2142 5547 dibus
2168 5491 2219 5546 in
2251 5490 2367 5547 l‘oro
2391 5492 2589 5548 saltare
2616 5488 2981 5547 eonsucvisse.

2045 5581 2159 5637 Non
2183 5583 2348 5638 semel
2374 5582 2618 5653 queritur
2636 5580 2779 5653 quod
2797 5579 3087 5636 Christiani
3109 5580 3326 5651 quidam
3340 5580 3582 5652 judaiza-

1981 5683 2134 5741 rent,
2184 5673 2493 5730 Judaeorum
2516 5673 2876 5729 conventibus
2922 5687 2986 5729 ac
3021 5672 3173 5729 festis
3201 5673 3393 5739 diebus
3419 5675 3583 5729 inter-

1978 5774 2196 5833 essent,
2228 5781 2327 5823 nec
2365 5780 2564 5837 paucos
2608 5780 2732 5822 esse
2771 5766 2862 5837 qui
2913 5765 3015 5823 hoc
3043 5766 3232 5822 morbo
3274 5765 3580 5822 laborarent

1984 5856 2248 5933 (Ibidem).
2272 5857 2493 5927 Quinam
2530 5867 2604 5915 est
2641 5858 2843 5916 morbus
2889 5859 3009 5929 iste,
3037 5858 3243 5931 inquit,
3271 5855 3441 5914 Feria:
3476 5855 3580 5913 Iu-
