4194 6486
574 404 639 456 77
1892 382 2219 445 SYNOPSIS
2258 381 2498 439 EORUM
3777 372 3841 431 78

560 514 797 570 datorum
820 512 1112 565 miserorum
1128 509 1315 560 instant
1336 545 1351 569 ,
1382 517 1547 573 eaque
1562 508 1808 554 continua:
1821 514 1881 550 ac
1904 500 2140 566 frequen-

558 619 683 665 .tcs,
728 603 896 669 tuine,
942 598 1278 669 scenopegiae,
1322 594 1521 667 jejunio
1545 607 1564 646 :
1600 602 1648 646 et
1682 588 1825 642 multi
1862 586 2020 640 nostri
2067 600 2155 638 or-

578 697 711 750 dinis
729 737 744 760 ,
767 695 851 764 qui
872 709 925 747 se
951 691 1208 746 nobiscum
1235 690 1419 744 sentire
1447 687 1641 752 dicunt,
1669 684 1855 755 partim
1874 688 2155 751 spectatum

580 789 694 842 illas
723 787 879 855 ferias
909 782 1156 854 prodeunt
1174 821 1190 847 ,
1220 780 1404 851 partim
1426 778 1574 832 etiam
1601 793 1704 830 una
1736 773 2020 837 celebrant,
2055 786 2159 825 una

586 878 830 946 iejunant,
846 890 998 944 quam
1020 888 1229 944 pravam
1257 868 1665 925 consuetudinem
1685 880 1818 922 nunc
1839 864 1901 923 ab
1928 861 2160 919 Ecclesia

582 966 691 1021 solt:
712 980 907 1021 arcere.

652 1056 875 1130 Quidam
905 1056 1064 1115 etiam
1095 1068 1159 1108 eo
1197 1052 1478 1108 dementia:
1507 1055 1908 1121 processerant,
1941 1056 1999 1102 ιιι
2039 1061 2161 1102 cum

584 1145 883 1218 quempiam
905 1143 972 1199 ad
988 1141 1275 1213 jurandum
1303 1141 1625 1210 compellere
1649 1139 1879 1203 vellent,
1918 1137 2067 1192 illum
2096 1135 2165 1190 ad

586 1236 754 1291 aedem
783 1233 1090 1289 Judaeorum
1116 1231 1366 1289 inducere
1391 1237 1732 1296 conarentur,
1756 1226 1896 1299 quod
1919 1233 2168 1297 putarent

585 1329 942 1397 jurnmentutn
1005 1322 1079 1379 ibi
1120 1322 1302 1377 datum
1345 1320 1513 1391 magis
1562 1317 1954 1375 formidandum
1997 1330 2164 1371 esse:

587 1434 745 1489 quam
774 1431 887 1475 rem
916 1430 1076 1486 supra
1112 1414 1348 1485 pluribus
1371 1413 1736 1469 cnarravimus
1758 1410 1811 1466 in
1836 1410 1951 1467 Vita
1978 1409 2035 1465 S.
2066 1408 2167 1464 do-

589 1512 772 1566 ctoris.
803 1509 969 1565 Erant
998 1507 1158 1563 etiam
1188 1507 1279 1578 qui
1307 1506 1524 1561 sabbata
1550 1520 1671 1561 cum
1697 1503 1896 1560 Iudaeis
1922 1502 2171 1558 observa-

590 1613 737 1669 t'ent,
768 1603 876 1657 imo
905 1610 957 1657 et
993 1599 1045 1656 S.
1096 1599 1298 1658 Pascha
1331 1599 1664 1655 celebrarent
1691 1613 1812 1651 cum
1855 1596 2042 1651 iisdem
2070 1595 2170 1651 Ju-

592 1694 725 1749 tlaeis
755 1692 943 1765 (Tanto
974 1692 1211 1761 decimo).
1240 1692 1352 1759 Qua
1382 1690 1450 1747 de
1487 1707 1548 1747 re
1575 1701 1748 1749 aetum
1784 1703 1942 1760 supra
1968 1689 2022 1744 in
2053 1688 2172 1746 Vita

601 1785 970 1865 Cbrysostomi
994 1785 1057 1840 ad
1086 1799 1286 1839 annum
1312 1783 1436 1841 387.

665 1875 782 1931 Non
806 1876 956 1946 pauci
983 1891 1193 1946 quoque
1217 1884 1369 1930 erant
1396 1873 1484 1942 qui
1510 1875 1783 1945 gentilium
1805 1873 1973 1929 multa
1991 1872 2176 1931 obser-

594 1975 781 2025 varent
811 1966 1068 2037 (Ibidem)
1094 1984 1110 2022 :
1137 1966 1393 2037 sortilegia
1416 1981 1594 2036 nempe
1614 2005 1628 2031 ,
1656 1966 1872 2037 auguria
1888 2006 1906 2033 ,
1929 1965 2097 2019 omina
2115 1980 2178 2019 ac

595 2059 790 2116 dierum
835 2056 1232 2123 observationes,
1278 2057 1674 2127 superstitiosam
1718 2073 1872 2127 super
1889 2056 2059 2128 genesi
2084 2072 2177 2110 cu-

596 2166 707 2207 ram
730 2192 747 2217 ,
777 2157 822 2205 et
848 2148 1010 2204 muttis
1050 2148 1318 2219 impietatis
1371 2147 1545 2217 plenas
1582 2147 1788 2212 literas,
1815 2163 1939 2215 quas
1987 2162 2172 2217 puero-

598 2258 745 2313 rttm,
786 2242 1015 2313 protinus
1056 2249 1112 2297 ut
1151 2240 1258 2295 nati
1298 2248 1455 2306 sunt,
1492 2238 1737 2310 capitibus
1777 2240 2076 2308 imponunt;
2115 2237 2177 2292 ab

598 2336 709 2405 ipso
742 2335 911 2387 statim
943 2333 1149 2387 exordio
1186 2333 1418 2391 docentes
1455 2331 1570 2386 illos
1607 2331 1805 2385 virtutis
1842 2331 2182 2403 adipiscenda:

598 2426 821 2483 studium
845 2425 1091 2498 abjicere,
1125 2434 1170 2480 et
1195 2424 1263 2479 ad
1301 2424 1538 2495 fallacem
1576 2423 1672 2495 [uti
1708 2425 2027 2498 tyrannidem
2066 2424 2181 2479 illos

599 2517 920 2575 adducentes.

670 2608 750 2663 Ex
776 2606 842 2662 iis
873 2621 997 2661 vero
1017 2647 1032 2672 ,
1062 2620 1180 2676 quae
1206 2605 1618 2678 Chrysostomus
1644 2611 1826 2659 narrat
1857 2605 1910 2659 in
1935 2606 2041 2659 line
2072 2604 2184 2659 Ho-

603 2699 763 2753 miliae
790 2706 993 2768 quarta:
1017 2698 1068 2751 in
1099 2695 1269 2767 Epist.
1304 2696 1370 2751 ad
1401 2696 1684 2766 Ephesios,
1732 2696 1905 2766 palam
1932 2705 2014 2750 est
2039 2696 2180 2749 inter

587 2789 925 2845 Christianos
947 2789 1313 2844 Antiochenos
1326 2787 1580 2857 plurimos
1600 2787 1764 2845 fuisse
1778 2787 1867 2865 qui
1887 2785 2186 2858 genethlia-

608 2880 764 2950 logia:
790 2895 1008 2950 cperam
1035 2880 1242 2936 darent.

675 2973 841 3027 Erant
864 2973 1026 3030 etiam
1054 2989 1160 3029 non
1188 2973 1337 3042 pauci
1384 2969 1672 3026 Christiani
1699 2968 2014 3027 Antiocheni
2037 3011 2056 3039 ,
2098 2970 2188 3040 qui

608 3079 711 3119 una
757 3079 877 3121 eum
906 3064 1192 3134 gentilibus
1235 3064 1302 3119 ad
1343 3064 1599 3136 Daphnen
1646 3070 2014 3134 properarent.
2059 3062 2187 3117 Erat

607 3165 782 3213 autem
812 3156 1031 3226 Daphne
1072 3155 1384 3213 suburbium
1410 3155 1806 3211 Antiochenum
1831 3196 1846 3223 ,
1880 3153 1959 3209 sic
1982 3167 2187 3208 nuncu-

609 3257 788 3319 patum
822 3263 855 3304 a
885 3247 1106 3317 Daphne
1148 3247 1321 3318 puella
1347 3287 1363 3315 ,
1412 3262 1571 3317 quam
1620 3245 1915 3318 mythologi
1956 3244 2189 3300 Ladonis

609 3340 752 3396 lluvii
785 3341 947 3396 tiliam
973 3341 1175 3396 dicunt.
1194 3340 1319 3395 llaec
1343 3355 1462 3400 cum
1482 3339 1785 3409 Apollinem
1809 3337 2040 3393 libidinis
2064 3353 2193 3392 cau-

606 3452 665 3493 sa
693 3449 753 3491 se
784 3436 1151 3506 insequentem
1192 3434 1327 3488 ultra
1352 3432 1589 3504 cﬂ‘ugere
1616 3448 1723 3487 non
1755 3439 1965 3502 posset,
1994 3430 2190 3501 impleo

611 3538 725 3583 rato
752 3525 955 3595 paterni
978 3525 1209 3580 numinis
1233 3524 1431 3584 auxilio
1450 3566 1466 3591 ,
1490 3524 1543 3579 in
1571 3525 1779 3580 laurum
1800 3538 2054 3580 conversa
2085 3530 2189 3580 est.

614 3616 735 3677 Erat
765 3630 927 3686 porro
958 3615 1179 3685 Daphne
1198 3614 1509 3673 suburbium
1528 3656 1544 3681 ,
1568 3614 1717 3671 locus
1736 3630 1977 3674 amamus
1996 3654 2012 3683 ,
2036 3615 2194 3671 fonti-

614 3708 748 3772 bus,
791 3706 1076 3761 arboribus
1120 3716 1174 3761 et
1218 3706 1487 3776 cupressis
1531 3713 1769 3761 ornatus.
1817 3704 1892 3762 lbi
1939 3708 2192 3777 templum

614 3796 910 3867 Apollinis,
942 3797 1096 3868 cujus
1120 3807 1295 3854 statua
1323 3798 1540 3867 elegans
1563 3812 1683 3852 cum
1710 3813 1899 3854 novem
1929 3799 2196 3855 Musarum

615 3889 781 3942 choro
804 3888 1251 3958 cormpiciebatur.
1283 3888 1380 3943 lllo
1421 3889 1813 3960 properabant,
1844 3890 2051 3946 colendi
2078 3890 2198 3946 talis

617 3979 848 4035 numinis
872 3994 1051 4046 causa,
1080 3981 1394 4037 Antiocheni
1415 3979 1674 4050 gentiles,
1707 3981 1897 4051 quibus
1923 3982 2084 4037 etiam
2113 3982 2197 4037 in-

619 4070 850 4129 termixti
881 4079 1034 4126 erant
1060 4088 1164 4128 non
1188 4072 1337 4142 pauci
1358 4070 1668 4138 Christiani,
1695 4087 1829 4141 quos
1852 4072 2198 4127 vehementer

618 4163 827 4220 mordet
853 4172 906 4218 ct
935 4164 1173 4236 increpat
1200 4164 1634 4235 Chrysostomus,
1656 4163 2077 4220 Christianorum
2099 4181 2195 4219 no-

623 4256 773 4310 mine
802 4255 1046 4325 indignos
1074 4270 1303 4315 censens
1327 4270 1419 4311 eos
1440 4297 1455 4321 ,
1484 4256 1573 4325 qui
1602 4269 1633 4310 a
1659 4255 1753 4312 tali
1782 4255 2052 4310 consortio
2091 4268 2198 4309 non

621 4345 992 4402 abhorrerent.
1022 4346 1133 4402 lloc
1162 4362 1289 4402 vero
1317 4347 1571 4417 templum
1601 4362 1721 4401 cum
1747 4345 2005 4416 Apollinis
2027 4353 2200 4400 statua

622 4436 839 4493 fulmine
856 4447 1049 4494 tactum
1073 4437 1187 4507 fuit,
1205 4455 1306 4510 qua
1325 4440 1391 4494 de
1409 4455 1466 4493 re
1486 4439 1785 4494 Monodiam
1799 4439 1912 4493 sive
1931 4438 2201 4513 planctum

623 4528 788 4583 edidit
807 4528 1060 4585 Libanius
1086 4529 1383 4595 idololatra,
1407 4529 1558 4600 cujus
1587 4540 1790 4598 partem
1807 4529 2061 4585 irridendi
2086 4544 2206 4587 cauv

625 4634 682 4673 sa
711 4618 872 4675 refert
897 4621 1331 4692 Cbrysoslomus.

698 4710 980 4768 Antiochia
1010 4727 1136 4767 vero
1162 4710 1394 4767 Orientis
1422 4718 1580 4781 caput
1605 4717 1659 4766 et
1702 4709 2012 4780 metropolis
2052 4718 2167 4766 erat
2190 4751 2205 4776 ,

630 4805 1037 4875 eontinebatque
1061 4804 1242 4875 (Temo
1271 4802 1509 4872 secundo)
1534 4802 1761 4861 ducenta
1788 4801 2061 4857 hominum
2099 4802 2211 4863 mil-

632 4896 723 4963 lia,
750 4912 816 4951 ex
852 4911 1078 4966 quorum
1099 4909 1323 4950 numero
1358 4892 1542 4965 (Temo
1562 4893 1796 4963 septimo)
1829 4901 2040 4948 centum
2067 4892 2211 4949 mille

630 4987 843 5042 circiter
862 4987 1145 5044 Christiani
1172 4994 1327 5041 erant
1358 5004 1372 5041 :
1406 4985 1679 5056 majorque
1704 4997 1993 5041 conventus
2016 4984 2036 5053 (
2057 4985 2211 5043 Tanto

635 5078 834 5150 primo)
879 5078 1297 5135 Christianorum
1338 5077 1632 5135 Antiochia:
1681 5088 1834 5144 erat,
1867 5093 2022 5153 quam
2070 5079 2213 5136 Con-

634 5170 974 5239 stantinopoli
1005 5168 1185 5240 (Tomo
1212 5167 1470 5240 septimo).

708 5260 948 5318 Ecclesia
1004 5276 1130 5317 vero
1176 5259 1503 5319 Autioclteua
1557 5260 1857 5332 possidebat
1891 5278 2077 5332 agros,
2117 5263 2215 5317 do—

640 5366 774 5417 mos,
806 5350 1099 5406 iocationes
1144 5351 1336 5406 mdium
1360 5392 1376 5419 ,
1434 5350 1667 5407 vehicula
1687 5392 1703 5418 ,
1726 5350 2009 5420 muliones,
2039 5353 2215 5406 mulos

641 5454 694 5499 et
726 5445 891 5499 multa
932 5444 1032 5499 alia
1071 5443 1372 5514 hujusmodi
1403 5445 1421 5516 (
1446 5444 1698 5517 Ibidem).
1726 5446 1927 5512 Quibus
1961 5446 2214 5505 instructa

645 5535 982 5592 facultatibus
1019 5535 1253 5593 Ecclesia
1300 5536 1397 5597 ista
1443 5553 1621 5596 arcam
1650 5537 1879 5593 habebat
1920 5537 2125 5593 alendis
2164 5537 2217 5593 in

646 5627 835 5701 opibus
858 5626 1197 5697 deputatam;
1242 5629 1308 5684 Et
1345 5631 1526 5702 cogites
1557 5632 1735 5695 velim,
1777 5629 1948 5701 inquit
1989 5629 2220 5701 Chryso-

650 5726 855 5773 stomus
877 5761 890 5786 ,
918 5733 1036 5793 quot
1065 5724 1236 5778 viduas
1256 5766 1270 5790 ,
1316 5734 1432 5795 quot
1462 5724 1675 5794 virgines
1700 5723 1805 5778 alat
1846 5723 2064 5793 quotidie
2090 5738 2107 5775 :
2136 5739 2220 5777 ea-

648 5824 763 5866 rum
788 5821 915 5869 certe
937 5815 1192 5887 catalogus
1219 5815 1287 5870 ad
1316 5825 1389 5871 ter
1404 5814 1540 5870 mille
1566 5815 1821 5887 pertingit.
1845 5814 1923 5870 Ad
1944 5814 2050 5870 Ita'c
2074 5815 2220 5871 etiam

2250 496 2317 550 in
2341 511 2540 549 carcere
2567 491 2753 548 vinctos
2769 536 2783 560 ,
2816 493 2867 548 in
2893 491 3206 548 mettodocltio
3233 508 3393 564 aegros
3409 533 3425 558 ,
3456 491 3584 547 alios
3612 491 3733 546 bene
3758 509 3843 545 va-

2250 590 2447 656 lentes,
2479 589 2767 657 peregrinos
2790 628 2804 654 ,
2849 587 3082 641 membris
3121 587 3354 652 mutilos,
3398 587 3549 640 altari
3573 586 3847 640 assidentes

2263 678 2491 733 alimenti
2517 680 2761 749 vestisque
2783 693 2941 732 causa
2963 720 2979 745 ,
3008 677 3238 748 aliosque
3258 694 3378 731 casu
3402 675 3689 731 accedentes
3716 680 3846 747 foret

2265 771 2491 841 quotidie
2517 787 2536 824 :
2557 785 2712 837 neque
2753 778 2923 824 tamen
2964 771 3079 841 ejus
3107 770 3375 841 facultates
3403 769 3682 822 imminuta:
3707 778 3844 822 sunt.

2266 861 2484 931 Itaque,
2515 863 2559 916 si
2582 856 2880 916 decem'viri
2920 871 3116 916 tantum
3152 862 3298 933 paria
3339 861 3721 916 subministrare
3748 859 3850 914 vel-

2268 953 2370 1008 lent
2388 994 2404 1020 ,
2436 952 2605 1008 nullus
2631 955 2759 1023 foret
2784 969 2999 1021 pauper.

2339 1047 2540 1102 Morem
2563 1046 2987 1103 Christianorum
3019 1056 3250 1101 veterem
3278 1054 3656 1100 commemorat
3688 1044 3852 1111 alibi,

2268 1135 2362 1209 qui
2405 1152 2521 1193 aevo
2571 1151 2669 1191 suo
2708 1137 2819 1208 jam
2865 1136 3203 1194 obsoleverat
3232 1136 3423 1204 (Tento
3466 1139 3652 1207 tertio)
3683 1154 3696 1191 :
3735 1136 3855 1192 Mos

2270 1230 2476 1302 quidam
2522 1230 2799 1296 mirabilis,
2849 1230 3047 1301 inquit,
3098 1240 3215 1284 tunc
3257 1230 3493 1285 inductus
3534 1240 3607 1284 est
3640 1247 3658 1284 :
3688 1232 3853 1285 coacti

2272 1340 2488 1395 namque
2510 1323 2664 1378 simul
2701 1323 2876 1393 ﬁdeles
2921 1340 3093 1378 ontnes
3124 1334 3242 1394 post
3276 1324 3505 1377 auditam
3534 1323 3818 1377 doctrinam
3840 1362 3858 1396 ν

2276 1424 2386 1486 post
2416 1415 2668 1470 orationes
2691 1457 2705 1482 ,
2735 1424 2848 1485 post
2885 1416 3241 1484 mysteriorum
3282 1414 3745 1485 participationem,
3774 1429 3866 1469 so-

2277 1505 2385 1561 luta
2404 1506 2619 1576 synaai,
2668 1522 2770 1559 non
2817 1505 2984 1560 statim
3015 1506 3222 1561 domum
3251 1506 3628 1572 concedebant;
3667 1507 3756 1560 sed
3778 1506 3866 1560 di-

2275 1599 2397 1652 vites
2412 1607 2457 1652 et
2471 1598 2807 1668 opulentiores
2822 1598 3059 1652 alimenta
3070 1606 3117 1652 et
3126 1598 3321 1667 fercula
3333 1615 3360 1652 e
3371 1597 3600 1653 domibus
3615 1599 3719 1652 suis
3734 1596 3866 1665 alie—

2278 1699 2443 1744 rentes
2460 1728 2476 1752 .
2518 1705 2765 1761 pauperes
2793 1690 3141 1755 advocabant,
3172 1690 3526 1759 communique
3551 1690 3701 1743 simul
3722 1706 3869 1743 men-

2278 1800 2338 1837 sa
2381 1782 2713 1854 fruebantur,
2755 1783 3202 1855 communibusque
3237 1783 3402 1853 epulis
3444 1793 3592 1852 atque
3626 1782 3871 1836 conviviis

2280 1875 2333 1927 in
2363 1873 2475 1943 ipsa
2505 1873 2750 1939 ecclesia;
2776 1873 2853 1927 ita
2878 1882 2934 1927 ut
2960 1882 3006 1927 et
3033 1891 3068 1927 α
3103 1874 3358 1928 consortio
3382 1884 3567 1928 mensa!
3580 1862 3675 1939 fet
3700 1890 3732 1926 α
3767 1873 3873 1927 loci

2281 1965 2561 2020 reverentia
2582 2005 2596 2031 ,
2628 1965 2815 2018 caritas
2833 1965 3278 2037 constringeretur,
3301 1981 3414 2018 cum
3434 1965 3594 2019 multa
3615 1965 3876 2026 voluptate

2281 2061 2434 2116 simul
2459 2070 2607 2131 atque
2630 2060 2864 2113 utilitate.

2356 2153 2431 2209 De
2466 2152 2530 2206 iis
2569 2152 2663 2222 qui
2693 2152 2776 2206 vel
2816 2152 2870 2205 in
2913 2166 3184 2207 carcerem
3224 2149 3499 2215 trudendi,
3531 2150 3616 2205 vel
3650 2149 3719 2204 ad
3766 2165 3879 2205 ne-

2286 2260 2402 2300 cem
2433 2244 2661 2315 quaesiti,
2698 2246 2750 2298 in
2790 2241 3075 2297 ecclesiam
3099 2243 3465 2312 confugerent,
3492 2240 3735 2312 quaedam
3772 2255 3880 2297 tios

2288 2338 2524 2393 dicturos
2574 2351 2694 2393 esse
2750 2337 2971 2406 polliciti
3018 2349 3239 2401 sumus,
3289 2350 3412 2389 eum
3485 2335 3555 2390 de
3614 2334 3883 2403 Eutrapio

2290 2429 2535 2486 eunucho
2556 2429 2622 2484 ad
2646 2443 2830 2484 necem
2851 2430 3074 2497 quresito
3089 2438 3334 2498 ageretur
3350 2427 3614 2499 (Ibidem).
3639 2428 3726 2483 Sic
3742 2443 3885 2484 vero

2289 2523 2502 2593 legitun,
2525 2531 2571 2576 et
2593 2522 2661 2575 ad
2676 2538 2824 2575 sacra
2844 2537 2964 2575 vasa
2976 2523 3219 2592 confugit.
3245 2520 3349 2575 Sed
3371 2520 3493 2590 quia
3519 2519 3636 2575 haec
3659 2520 3725 2574 ad
3748 2520 3884 2575 lite-

2289 2629 2403 2668 ram
2443 2613 2749 2683 accipienda
2790 2628 2896 2667 non
2927 2613 3190 2680 videntur,
3222 2622 3279 2669 et
3306 2613 3428 2682 quia
3462 2613 3882 2684 Chrysostomus

2294 2707 2451 2776 paulo
2479 2714 2683 2775 postea,
2714 2706 2879 2775 ipsunt
2902 2705 2955 2758 itt
2981 2706 3204 2759 sacrario
3227 2706 3534 2773 excepimus,
3558 2721 3652 2760 seu
3680 2706 3731 2759 in
3754 2706 3880 2761 loco

2293 2798 2421 2852 solis
2442 2796 2805 2851 sacerdOtibus
2827 2797 3092 2851 deStinato
3110 2838 3124 2861 ,
3151 2797 3254 2851 alio
3277 2798 3434 2852 modo
3459 2812 3545 2853 res
3564 2797 3883 2867 explicanda

2294 2886 2521 2942 videtur.
2552 2887 2728 2953 Quaeri
2754 2899 2932 2941 autem
2954 2896 3133 2957 posset
3156 2896 3329 2943 utrum
3367 2895 3605 2943 veterum
3633 2903 3785 2944 more
3813 2889 3884 2946 ad

2295 2994 2441 3034 aram
2468 2980 2754 3034 accesserit
2783 3020 2798 3045 ,
2845 2986 2901 3033 et
2941 2994 3088 3033 aram
3117 2979 3389 3049 tetigerit,
3424 2979 3562 3049 quod
3604 2994 3708 3035 non
3739 2979 3884 3049 apud

2299 3068 2547 3139 profanos
2586 3068 2746 3125 modo
2770 3111 2784 3136 ,
2825 3070 2921 3125 sed
2960 3071 3099 3139 apud
3124 3069 3456 3125 Christianos
3485 3071 3645 3125 etiam
3679 3071 3731 3125 in
3781 3087 3887 3128 usu

2298 3158 2416 3225 fuit,
2447 3174 2567 3213 cum
2590 3159 2709 3229 quis
2723 3159 2804 3214 vel
2833 3169 3003 3214 morte
3034 3160 3392 3223 mulctandus,
3425 3161 3507 3215 vel
3530 3161 3582 3214 in
3607 3175 3890 3217 carcerem

2300 3249 2667 3319 conjiciendus
2703 3251 3121 3319 perquirerctur.
3156 3250 3349 3305 Verum
3381 3250 3496 3305 hzec
3523 3253 3747 3321 quaestio
3776 3268 3891 3308 non

2305 3342 2435 3395 tanti
2458 3356 2580 3396 esse
2607 3341 2843 3407 videtur,
2866 3350 2920 3395 et
2943 3341 3010 3395 de
3039 3341 3296 3410 Eutropio
3324 3342 3389 3397 iis
3413 3358 3533 3413 qua:
3557 3342 3891 3413 Chrysosto-

2303 3447 2422 3488 mus
2452 3433 2669 3504 protulit
2696 3472 2713 3500 ,
2754 3433 2961 3488 nonnisi
2991 3433 3278 3489 divinando
3304 3448 3586 3504 possumus
3611 3433 3891 3504 quidpiam

2302 3524 2554 3596 adjicere.

2374 3618 2512 3672 Dicit
2539 3616 2949 3686 Chrysostomus
2971 3616 3197 3671 llomilia
3214 3616 3284 3672 50
3326 3617 3377 3671 in
3410 3617 3658 3672 Genesim
3688 3618 3706 3687 (
3731 3616 3774 3671 Τ
3774 3635 3894 3673 orno

2309 3707 2551 3779 quarto):
2602 3708 2846 3778 Magnam
2892 3723 3126 3761 vocamus
3169 3707 3571 3771 hebdomadam,
3605 3725 3706 3762 non
3752 3711 3897 3779 quod

2311 3799 2562 3870 longiores
2595 3800 2648 3852 in
2687 3815 2748 3851 ea
2774 3799 2873 3852 sint
2902 3799 3073 3862 Iterat;
3113 3808 3227 3852 sunt
3261 3800 3394 3852 enim
3440 3800 3559 3854 alite
3591 3816 3703 3870 qua:
3731 3802 3899 3855 multo

2317 3894 2533 3958 majores
2560 3891 2714 3965 Itoras
2743 3889 2945 3943 habent.
2971 3888 3139 3943 lloras
3167 3896 3348 3944 autent
3385 3891 3615 3959 majores
3638 3900 3693 3945 et
3718 3891 3893 3947 mino-

2316 3999 2403 4039 res
2437 3985 2742 4038 uecessario
2769 3992 2974 4036 veteres
2998 3982 3370 4049 admittebant,
3400 3984 3490 4052 qui
3520 3982 3660 4037 diem
3683 3983 3735 4037 in
3766 3984 3899 4038 dno-

2311 4075 2483 4132 decim
2510 4115 2527 4142 ,
2555 4084 2609 4129 et
2635 4084 2845 4129 noctem
2871 4074 2922 4127 in
2949 4073 3163 4128 totidem
3188 4083 3362 4142 partes
3391 4088 3487 4127 seu
3516 4072 3672 4128 horas
3698 4074 3902 4129 divise-

2311 4177 2436 4224 runt
2478 4184 2492 4221 ε
2546 4165 2685 4220 unde
2739 4166 3060 4235 sequebatur
3102 4165 3321 4220 diurnas
3375 4165 3600 4220 hiberno
3655 4177 3904 4235 tempore

2314 4260 2552 4314 minores
2573 4300 2587 4325 ,
2610 4258 2796 4313 mstivo
2820 4266 2998 4313 autem
3027 4258 3257 4328 majores
3288 4272 3429 4312 esse.
3457 4257 3610 4313 Unde
3638 4257 3906 4314 Martialis

2314 4353 2350 4407 ι.
2378 4350 2467 4418 12,
2494 4350 2664 4421 epigr.
2689 4351 2741 4417 1,
2774 4349 2959 4403 horam
2996 4350 3234 4404 aestivam
3267 4350 3346 4404 sic
3373 4358 3796 4405 commemorat:

2498 4496 2617 4541 ttora
2640 4497 2734 4535 nec
2757 4484 2922 4535 aestiva
2947 4490 3039 4543 est,
3064 4495 3157 4533 nec
3180 4483 3263 4533 tibi
3291 4491 3388 4534 tota
3411 4487 3556 4547 perit.

2317 4621 2568 4692 Virgilius
2592 4628 2790 4685 autem,

2500 4739 2600 4782 tam
2622 4743 2716 4781 nox
2743 4730 2972 4780 hibernas
2983 4727 3059 4777 bis
3079 4727 3294 4789 quinque
3313 4730 3579 4787 pet-egerat
3601 4724 3744 4773 horas

2392 4879 2673 4935 llmninem
2726 4874 3097 4938 tricubitalem,
3137 4881 3289 4927 Vocat
3341 4872 3755 4942 Chrysostomus
3784 4913 3799 4937 ,
3849 4881 3918 4926 ut

2320 4971 2480 5028 etiam
2506 4968 2854 5039 Geographus
2881 4966 3169 5021 Nubieusis
3201 4966 3251 5019 in
3282 4965 3503 5019 climate
3534 4964 3691 5019 tertio
3718 4963 3916 5033 (Temo

2316 5065 2492 5136 quinto
2547 5072 2591 5118 et
2629 5060 2784 5115 Temo
2811 5055 3077 5129 septimo):
3130 5056 3360 5125 alibique
3403 5054 3535 5109 dicit
3581 5055 3767 5108 doctor
3811 5069 3921 5107 no-

2324 5170 2469 5223 stur,
2505 5158 2701 5224 homo,
2750 5155 2885 5208 intra
2935 5162 3033 5205 tres
3080 5150 3272 5204 cnbites
3315 5149 3592 5217 sepelitur,
3641 5163 3730 5201 nec
3781 5146 3920 5215 quid

2325 5254 2457 5308 ultra
2483 5248 2665 5323 (Temo
2694 5244 2913 5318 quinto).

2398 5342 2726 5415 Babylonios
2764 5350 2817 5394 ct
2847 5338 2981 5393 alios
3009 5334 3305 5391 Orientales
3351 5348 3494 5402 saepe
3541 5340 3694 5386 vocat
3731 5329 3919 5399 Chry-

2327 5446 2596 5493 sostomus
2628 5432 2809 5504 (Temo
2831 5427 3016 5501 sexto).

2318 5576 2321 5579 ς
2406 5529 2785 5599 Suspicabatur
2820 5525 2909 5580 ille
2952 5524 3110 5578 linem
3142 5520 3322 5576 mundi
3365 5519 3567 5574 instare
3617 5524 3672 5573 et
3724 5513 3921 5583 proxi-

2327 5639 2474 5678 mum
2502 5636 2620 5677 esse
2662 5616 2857 5691 (Temo
2886 5615 3097 5685 septimo
3123 5614 3161 5684 ).
3204 5612 3390 5667 Finem
3439 5609 3622 5665 tnundi
3666 5625 3927 5679 praenun-

2333 5715 2482 5777 tiant,
2504 5711 2691 5782 inquit,
2714 5709 2869 5772 bella,
2895 5722 3168 5770 aerumnae,
3198 5713 3354 5760 terrm
3378 5711 3554 5757 motus
3579 5713 3628 5756 et
3648 5702 3928 5758 exstincta

2334 5813 2528 5870 caritas
2562 5804 2763 5879 (Tomo
2804 5804 3036 5875 octavo).
3086 5802 3216 5858 Eam
3260 5813 3419 5869 quam
3458 5797 3652 5853 Paulus
3685 5794 3929 5866 plenitu-
