4194 6468
440 387 499 444 79
1199 372 1365 442 QUAS
1393 371 1461 429 ΙΝ
1497 371 1838 430 OPERIBUS
1872 371 2343 432 CHIKYSOSTOMI
2383 377 2910 439 OBSERVANTUR.
3632 376 3704 434 80

431 508 590 562 dinem
645 509 938 571 temporum
989 505 1190 564 vocat,
1241 497 1353 567 jam
1393 495 1678 553 advenisse
1727 495 1985 565 putabat:

432 596 506 651 Ita
559 594 602 648 si
647 599 716 645 tot
764 606 1022 644 annorum
1073 588 1629 660 quadringentesimum
1685 604 1790 643 esse
1848 588 2003 657 ﬁnem

428 685 702 748 dixerimus,
728 698 829 735 non
852 682 1221 736 aberrabimus.
1255 680 1364 736 Sed
1416 690 1473 736 ut
1514 680 1570 735 in
1613 679 2003 749 supputatione

430 792 704 848 temporum
729 791 834 829 non
863 775 936 831 ita
963 784 1245 831 accuratus
1269 773 1817 846 fuitChrysostomus,
1839 773 1919 827 sic
1948 773 2001 827 in

436 872 515 925 hac
536 867 874 940 prmdictione
911 863 1070 939 longe
1096 866 1410 923 aberravit:
1462 866 1608 940 quod
1648 864 1836 920 multis
1880 862 2002 919 aliis

433 962 600 1018 sanctis
625 960 761 1014 viris
791 958 1039 1029 contigit.

481 1056 744 1123 Cognatos
757 1049 967 1106 Christi
992 1049 1337 1120 Desposynos
1355 1046 1654 1117 appellatos
1670 1050 1845 1107 multo
1861 1060 1998 1106 tem-

422 1162 534 1218 pore
549 1141 898 1199 admirationi
943 1140 1114 1195 fuisse
1148 1140 1301 1206 dicit,
1326 1140 1652 1211 illorumque
1682 1149 1862 1198 tamen
1895 1158 1994 1199 no-

421 1241 551 1294 mina
570 1238 787 1309 propria
806 1233 1356 1315 ignorariiEusebius
1372 1250 1592 1305 quoque
1609 1235 1645 1288 l.
1674 1237 1713 1291 I.
1730 1235 1872 1293 Hist.
1886 1237 1993 1294 Ec-

413 1320 472 1374 cl.
502 1320 571 1372 ait
592 1327 851 1390 cognatos
871 1319 1071 1377 Christi
1100 1321 1442 1393 Desposynos
1458 1331 1791 1392 nuncupatos
1811 1322 1999 1380 fuisse.

475 1410 694 1466 Homilia
723 1412 791 1467 Al
822 1411 877 1466 in
907 1414 1045 1468 Acta
1070 1413 1453 1483 Apostolorum
1484 1429 1598 1468 rem
1624 1422 1806 1469 narrat
1827 1414 2002 1485 singu-

413 1505 562 1559 larem
587 1501 791 1575 (Temo
836 1520 972 1558 neno
990 1502 1032 1577 ).
1081 1503 1213 1558 Erat
1255 1505 1457 1559 cuidam
1505 1506 1859 1576 prwdiumJn
1899 1524 2001 1580 quo

411 1593 625 1648 occultus
673 1594 946 1652 thesaurus
992 1605 1103 1650 erat
1144 1612 1161 1651 :
1200 1604 1398 1667 emptor
1443 1613 1559 1652 vero
1580 1639 1595 1664 ,
1650 1614 1769 1653 cum
1813 1610 2000 1654 terram

407 1685 607 1756 foderet,
632 1687 935 1742 thesaurum
989 1688 1137 1742 illum
1181 1688 1390 1743 invenit.
1424 1689 1502 1744 Re
1540 1701 1801 1760 comperta
1842 1691 1885 1745 is
1911 1691 1997 1761 qui

406 1779 713 1845 vendiderat,
744 1788 1028 1848 emptorem
1059 1779 1269 1851 cogebat
1308 1791 1363 1835 ut
1395 1781 1689 1836 thesaurum
1728 1781 1993 1851 redderet,

402 1869 580 1933 dicens,
607 1886 663 1926 se
692 1871 947 1939 praedium
972 1872 1279 1939 vendidisse,
1303 1889 1406 1927 non
1432 1873 1726 1928 thesaurum
1746 1890 1766 1928 :
1785 1884 1995 1929 conten-

400 1960 534 2015 debat
556 1960 691 2015 alter
715 2003 731 2028 ,
762 1978 816 2016 se
843 1962 1098 2033 praedium
1122 1979 1239 2017 cum
1278 1964 1519 2019 thesauro
1550 1964 1751 2019 emisse.
1810 1966 1911 2021 Res
1944 1966 1997 2020 in

402 2056 526 2109 litem
552 2070 701 2109 versa
726 2063 820 2121 est,
850 2054 943 2109 illo
970 2056 1119 2109 reddi
1153 2054 1247 2110 sibi
1286 2057 1516 2122 volente,
1549 2057 1711 2112 altero
1758 2067 1993 2128 negante.

398 2146 685 2203 Incidentes
712 2157 884 2202 autem
926 2149 981 2202 in
1025 2148 1278 2203 hominem
1324 2151 1653 2221 quempiam,
1685 2149 1951 2221 litigabunt
1978 2166 1997 2204 :

395 2238 665 2311 deindeque
717 2240 1099 2311 interrogarunt
1136 2240 1286 2295 illum
1315 2282 1331 2306 ,
1377 2242 1461 2295 ctti
1503 2242 1704 2296 deberet
1731 2242 1997 2296 thesaurus

394 2333 702 2405 adjudicari.
728 2331 830 2388 Ille
856 2350 974 2388 vero
1002 2334 1303 2389 sententiam
1325 2350 1425 2390 non
1455 2335 1609 2399 tulit,
1659 2336 1748 2390 sed
1778 2353 1830 2390 se
1859 2334 1997 2390 litem

390 2426 669 2481 salutamus
690 2442 827 2492 esse,
852 2427 896 2480 si
921 2425 1192 2482 thesaurus
1215 2428 1312 2483 sibi
1336 2438 1580 2482 maneret.
1606 2426 1725 2483 Illis
1751 2444 1867 2483 vero
1895 2445 1993 2483 an-

391 2520 667 2587 nitentibus,
716 2529 922 2592 accepto
950 2520 1188 2575 thesauro
1210 2522 1479 2576 innumera
1508 2521 1691 2575 deinde
1716 2520 1853 2575 mala
1877 2539 1996 2593 pas-

389 2629 471 2668 sus
495 2624 569 2668 est
592 2629 613 2668 :
638 2622 694 2669 et
726 2629 781 2668 re
805 2613 988 2667 didicit
996 2615 1120 2686 jure
1147 2613 1272 2670 illos
1288 2614 1349 2667 ab
1377 2615 1471 2669 hoc
1486 2615 1810 2670 abstinuisse.

452 2704 560 2761 Nec
588 2706 781 2761 minus
805 2705 1209 2762 observandum
1237 2716 1320 2762 est
1342 2707 1394 2762 id
1425 2707 1566 2777 quod
1595 2709 1762 2764 refert
1792 2708 1991 2764 l‘lomil.

389 2797 455 2852 l5
480 2796 532 2851 in
547 2796 734 2867 Epist.
763 2796 831 2851 ad
858 2797 1135 2854 Romanos
1162 2797 1347 2871 (Temo
1369 2801 1548 2871 none).
1574 2800 1702 2867 Qua:
1721 2801 1851 2856 enim
1876 2811 1994 2856 ante

385 2891 567 2945 nemini
602 2891 880 2960 possibilia
918 2891 1222 2946 videbantur
1267 2909 1405 2960 esse,
1452 2894 1759 2964 virginitas,
1810 2896 1993 2950 mortis

384 2993 727 3056 contemptus,
752 2985 1141 3055 compluresque
1160 2985 1251 3040 alii
1266 2986 1483 3053 labores,
1504 2987 1612 3041 hau:
1632 2987 1815 3058 ubique
1829 2998 1992 3043 terra-

380 3078 615 3144 rumjam
647 3088 967 3149 priestantur
990 3120 1007 3147 ,
1037 3096 1138 3133 non
1164 3079 1307 3149 apud
1328 3096 1418 3134 nos
1444 3090 1642 3135 tantum
1663 3125 1677 3147 ,
1727 3081 1816 3136 sed
1836 3082 1991 3137 etiam

379 3171 512 3240 apud
541 3169 800 3242 Scythas,
828 3169 1072 3238 Thraces,
1101 3168 1285 3238 Indos,
1316 3170 1528 3239 Persas,
1552 3173 1782 3244 aliosque
1802 3173 1988 3228 barba-

379 3276 457 3315 ros
478 3262 673 3315 multos
705 3277 728 3325 ;
772 3270 819 3316 et
839 3262 1095 3333 virginum
1132 3261 1308 3329 chori,
1338 3272 1621 3335 martyrum
1647 3266 1846 3336 populi,
1874 3282 1989 3319 meo

384 3356 664 3409 nachorum
698 3355 996 3411 sodalitates
1015 3357 1131 3426 jam
1150 3356 1324 3428 plures
1346 3365 1464 3410 sunt
1488 3397 1503 3423 ,
1525 3373 1678 3428 quam
1705 3375 1882 3412 eorum
1901 3360 1990 3430 qui

376 3447 619 3501 connubio
641 3448 964 3520 junguntur.

440 3540 642 3594 Contra
698 3539 1035 3594 Christianos
1056 3539 1316 3610 quosdam
1340 3540 1538 3612 stylum
1566 3540 1709 3595 acuit
1745 3541 1986 3613 Chrysov

375 3638 594 3698 stemus,
624 3629 727 3701 qui
751 3645 782 3684 a
808 3629 1121 3686 Manichmis
1149 3630 1359 3685 seducti
1385 3673 1401 3697 ,
1434 3640 1491 3687 ut
1516 3631 1728 3686 videtur
1751 3672 1766 3697 ,
1811 3632 1986 3687 virilia

372 3720 469 3775 sibi
497 3722 861 3793 amputabant
887 3739 899 3774 :
929 3737 1052 3792 qua:
1076 3722 1413 3777 consuetudo
1440 3730 1619 3777 tamen
1644 3738 1749 3777 non
1781 3723 1871 3778 diu
1902 3723 1983 3778 vi-

375 3814 548 3883 guisse
576 3814 807 3870 videtur
829 3812 1017 3887 (Temo
1046 3814 1289 3883 decimo).

440 3903 687 3960 infantes
717 3919 910 3959 recens
940 3905 1051 3959 nati
1094 3905 1429 3976 signaculum
1457 3902 1508 3961 in
1538 3904 1715 3962 fronte
1743 3922 1772 3961 a
1803 3921 1986 3964 sacer-

372 3994 495 4050 dote
529 3994 886 4065 accipiebant
910 3992 1182 4066 (Ibidem).

436 4084 644 4141 Caelum
677 4101 803 4141 esse
825 4085 1177 4156 sphmricum.
1208 4096 1261 4141 et
1291 4094 1491 4142 terram
1517 4102 1636 4143 esse
1664 4089 1982 4159 sphaericam

369 4182 600 4249 negabat
632 4176 1063 4250 Chrysostomus
1099 4177 1308 4249 (Temo
1344 4178 1671 4251 duodecimo)
1705 4197 1718 4233 :
1766 4197 1869 4251 qua
1915 4182 1985 4237 de

369 4286 425 4325 re
477 4270 720 4329 videnda
773 4279 900 4324 sunt
954 4285 1076 4341 qua:
1135 4269 1368 4325 diximus
1434 4271 1487 4324 in
1544 4269 1865 4326 Prmfatione
1913 4272 1981 4327 ad

367 4363 624 4417 Cosmam
655 4360 997 4434 Egyptium,
1046 4361 1137 4432 qui
1187 4361 1253 4416 ad
1290 4362 1434 4416 illam
1468 4363 1789 4417 sententiam
1829 4373 1983 4417 tuen-

368 4454 488 4508 dam
540 4456 729 4509 Iocum
765 4453 923 4508 allert
959 4453 1331 4525 Clirysostomi
1379 4469 1445 4509 ex
1497 4452 1897 4510 Commentario
1927 4455 1981 4510 in

372 4545 678 4617 Epistolam
711 4545 778 4601 ad
809 4547 1085 4616 Hebraeos,
1111 4562 1271 4617 quem
1305 4545 1501 4601 videsis
1533 4549 1585 4601 in
1613 4548 1760 4603 edito
1787 4548 1981 4603 Cosma

370 4655 422 4708 ι).
457 4639 588 4695 528.
628 4638 997 4694 Plurimorum
1024 4639 1168 4694 enim
1198 4638 1418 4695 Patrum
1438 4647 1493 4694 et
1512 4640 1835 4710 scriptorum
1869 4639 1984 4696 haec

367 4731 563 4803 Opinio
593 4730 719 4785 fuit.

440 4820 758 4877 Antiochia:
800 4822 1127 4876 cencionans
1153 4820 1285 4877 dicit
1309 4822 1362 4876 in
1386 4837 1537 4877 more
1559 4837 1679 4878 esse
1701 4831 1760 4877 ut
1785 4824 1982 4878 mulie-

367 4927 456 4967 res
489 4923 547 4967 et
577 4912 788 4982 parvuli
816 4927 848 4966 e
877 4913 1016 4967 collo
1042 4913 1316 4982 evangelia
1364 4912 1755 4983 suspenderent
1780 4912 1981 4984 (Temo

357 5004 598 5061 secando
619 5004 666 5075 ).

971 5211 1297 5267 DIATRIBA
1338 5209 1403 5266 V.

371 5322 735 5396 Digressiones
769 5323 874 5378 sive
903 5323 993 5378 illa
1018 5323 1190 5378 omnia
1214 5338 1330 5396 qua:
1358 5323 1410 5376 in
1434 5322 1847 5378 similitudinibus
1879 5327 1984 5396 fre-

444 5415 783 5486 quentissime
810 5425 1171 5470 commemorat
1195 5416 1615 5487 Chrysostomtts,
1645 5432 1759 5487 qua:
1786 5419 1854 5470 ad
1881 5434 1987 5473 rem

439 5507 868 5563 Ecclesiasticam
906 5526 1008 5564 non
1031 5518 1279 5581 spectant,
1304 5516 1351 5563 et
1383 5508 1666 5581 singularia
1690 5525 1826 5581 sa'pe
1845 5525 1985 5564 cont-

443 5600 764 5670 plectuntur.

442 5714 670 5770 Gcncrc
696 5713 887 5789 Syrius
908 5723 1024 5770 erat
1051 5715 1286 5773 Joannes
1307 5726 1493 5774 uoster
1516 5725 1572 5773 et
1594 5716 1983 5777 Antiochenus:

371 5807 754 5882 familiamque
774 5819 857 5867 est
887 5809 1037 5882 Syris
1058 5851 1073 5881 ,
1097 5811 1266 5883 inquit
1294 5811 1687 5886 Ilieronymus,
1723 5813 1796 5870 uti
1825 5828 1982 5885 para-

2112 493 2249 549 bolis
2276 505 2331 551 et
2356 494 2814 552 similitudinibus.
2857 497 2968 557 Hac
2987 497 3041 553 in
3073 513 3135 553 re
3177 508 3435 569 perpetuo
3461 513 3708 560 versatur

2107 588 2524 652 Clu-vsustomus
2550 590 2602 644 in
2634 590 2984 646 concionibus
3021 590 3154 647 suis.
3194 592 3451 663 Exempla
3493 596 3701 666 profert

2110 680 2511 751 imperatorum,
2539 682 2856 749 aulicorum,
2879 684 3179 749 consulum,
3204 684 3427 740 divitum
3446 696 3501 742 et
3525 687 3707 757 cujus-

2108 787 2340 842 cumque
2365 773 2693 829 conditionis
2723 772 3003 829 hominum
3039 793 3052 829 :
3081 776 3395 832 vestimenta
3424 777 3702 849 depingit,

2109 866 2555 935 suppellectilem.
2577 866 2770 921 aedium
2791 865 3015 923 formam
3046 877 3101 925 et
3122 879 3433 925 ornamenta
3456 888 3470 926 :
3496 871 3705 926 circen-

2108 972 2196 1012 ses
2234 958 2388 1013 ludos
2424 968 2480 1015 et
2510 959 2922 1031 hippodromum
2949 961 3257 1034 frequenter
3291 974 3702 1020 commemorat.

2110 1048 2179 1104 Ut
2205 1064 2236 1103 a
2273 1049 2625 1107 theatralibus
2658 1053 2981 1123 spectaculis
3027 1056 3278 1126 populum
3334 1068 3556 1123 avocet,
3585 1074 3706 1127 quae

2107 1141 2282 1210 turpia
2305 1140 2413 1197 illic
2455 1144 2799 1214 gerebantur,
2837 1146 3139 1202 minutatim
3167 1146 3446 1204 describit.
3477 1150 3574 1206 llic
3618 1151 3704 1205 vi-

2106 1231 2235 1288 deas
2254 1235 2559 1304 nuptiarum
2583 1238 2736 1303 ritus,
2769 1238 3104 1308 praeﬁcarum
3132 1255 3336 1296 morem
3360 1259 3374 1295 :
3405 1241 3565 1297 modo
3593 1243 3703 1298 cir-

2110 1324 2404 1380 culatorum
2438 1336 2587 1397 gesta
2618 1330 2902 1400 singularia
2923 1371 2937 1395 ,
2967 1331 3127 1387 modo
3154 1331 3585 1389 funambulorum
3607 1350 3701 1389 aro

2113 1422 2255 1481 tem;
2275 1416 2494 1486 justitim
2514 1420 2830 1475 exercenda:
2854 1422 3045 1488 ritum,
3091 1424 3475 1493 praestigiarum
3502 1440 3701 1492 genera

2109 1508 2361 1578 plurima,
2393 1512 2604 1583 aliaque
2628 1516 2914 1585 permulta.
2942 1514 3074 1581 Quae
3100 1518 3281 1571 omnia
3304 1560 3316 1582 ,
3347 1518 3536 1573 ordine
3562 1534 3701 1589 quo-

2105 1602 2226 1657 dam
2254 1603 2576 1671 distributa,
2625 1604 2715 1662 hic
2761 1623 3047 1664 recensere
3089 1623 3269 1680 opera:
3313 1613 3545 1680 pretium
3577 1626 3703 1668 esse

2103 1694 2251 1749 duxi.

2235 1807 2266 1863 I
2273 1819 2613 1879 mperalorum
2629 1810 2816 1874 cultus,
2844 1822 3023 1878 uestes,
3043 1823 3365 1883 ornamenta,
3392 1815 3568 1884 aulici,

2769 1904 3035 1959 satellites.

2177 2011 2472 2082 Imperator
2499 2028 2755 2070 coronam
2780 2014 3024 2086 gestabat
3047 2031 3264 2072 auream
3308 2014 3535 2086 gemmis
3579 2032 3696 2071 ma-

2102 2103 2219 2171 gnis
2267 2112 2322 2159 et
2367 2105 2769 2175 pretiosissimis
2794 2107 3134 2162 intertextam
3162 2123 3175 2159 :
3207 2120 3478 2175 purpureo
3503 2105 3696 2163 vestitu

2103 2202 2213 2248 toto
2259 2209 2487 2265 corpore
2530 2194 2762 2266 fulgebat
2801 2193 2988 2265 (Temo
3014 2194 3180 2265 primo
3219 2204 3265 2247 et
3310 2191 3472 2248 Temo
3500 2195 3695 2265 tertio).

2103 2289 2215 2343 Soli
2258 2299 2437 2343 autem
2473 2288 2787 2359 Imperatori
2829 2287 3026 2343 licebat
3055 2296 3268 2358 gestare
3312 2279 3601 2356 purpuram
3642 2294 3697 2340 et

2100 2378 2347 2435 diadema
2375 2380 2425 2434 in
2456 2380 2652 2449 capite.
2680 2378 2738 2434 In
2777 2378 3016 2435 vestibus
3052 2379 3169 2449 ejus
3210 2378 3395 2433 sericis
3434 2377 3696 2432 dracones

2099 2473 2343 2544 depictos
2386 2473 2568 2529 videre
2614 2482 2726 2528 erat
2765 2471 2972 2543 (Temo
3028 2470 3227 2542 sexto).
3269 2471 3443 2526 Aulici
3486 2487 3696 2542 (pioque

2098 2576 2152 2621 et
2178 2566 2436 2621 satellites
2462 2565 2578 2636 ejus
2600 2580 2730 2619 auro
2760 2565 3065 2635 fulgebant,
3102 2574 3277 2621 vestes
3302 2580 3487 2619 eorum
3516 2565 3696 2619 aureis

2099 2658 2204 2715 filis
2233 2661 2535 2714 intertexta:
2554 2666 2708 2711 erant
2736 2673 2747 2709 :
2782 2655 2974 2710 horum
3004 2656 3203 2711 lancea:
3229 2656 3501 2712 deaurata:
3525 2674 3538 2709 :
3570 2655 3693 2727 equi

2097 2764 2263 2805 aureo
2302 2749 2458 2804 freno
2478 2789 2491 2814 ,
2514 2747 2764 2818 ephippia
2795 2763 2926 2802 auro
2952 2748 3224 2803 micantia.

2170 2842 2278 2897 Per
2303 2841 2491 2897 urbem
2522 2851 2577 2897 et
2616 2856 2835 2912 campos
2879 2851 3165 2897 exeuntem
3196 2885 3210 2909 ,
3265 2852 3594 2898 scutatorum
3640 2854 3694 2902 et

2095 2933 2430 2989 hastatorum
2453 2932 2706 2989 cohortes
2727 2933 3014 3002 stipabant,
3038 2933 3127 3003 qui
3154 2942 3208 2989 et
3245 2933 3344 3004 ipsi
3394 2950 3525 2990 auro
3559 2950 3693 2990 onu-

2095 3027 2163 3081 sti
2184 3027 2403 3099 clypeos
2442 3025 2722 3097 gestabant
2745 3026 2921 3081 aureis
2943 3026 3207 3081 umbilicis
3232 3026 3516 3082 decoratos
3545 3044 3559 3094 ;
3585 3028 3693 3083 cir-

2095 3134 2218 3175 cum
2255 3129 2433 3173 autem
2474 3118 2755 3173 umbilicos
2799 3117 2949 3171 aurei
2985 3118 3125 3172 oculi
3177 3117 3529 3187 visebantur;
3577 3118 3691 3176 lora

2094 3211 2162 3267 ad
2194 3226 2431 3267 summas
2452 3224 2575 3264 oras
2605 3219 2827 3265 extensa
2857 3210 3050 3279 lapillis
3079 3218 3265 3264 ornata
3298 3198 3478 3264 multis
3504 3222 3687 3267 erant.

2093 3307 2295 3361 Curras
2317 3305 2540 3374 Augusti
2567 3312 2710 3358 totus
2744 3318 2970 3368 aureus,
2999 3301 3126 3373 jugo
3151 3302 3393 3358 albarum
3425 3303 3691 3360 mularum

2091 3413 2225 3454 auro
2276 3395 2592 3467 fulgentium
2637 3396 2857 3466 junctus
2904 3402 3019 3448 erat
3054 3392 3239 3464 (Tento
3267 3392 3500 3466 primo);
3534 3395 3603 3450 ita
3634 3405 3692 3452 ut

2092 3492 2414 3546 mirarentur
2429 3504 2640 3552 omnes,
2661 3487 2833 3556 inquit
2848 3486 3267 3556 Clirysostomus
3286 3483 3305 3557 (
3326 3483 3483 3539 Temo
3497 3484 3686 3558 sexto),

2090 3598 2342 3655 purpura:
2393 3580 2580 3636 ﬂorem
2602 3621 2617 3646 ,
2649 3594 2982 3651 gemmarum
3038 3577 3494 3649 magnitudinem,
3528 3581 3690 3635 mulu-

2090 3692 2207 3730 rum
2265 3671 2751 3743 alborem,jugum
2791 3686 3055 3738 aureum,
3105 3678 3161 3725 et
3209 3670 3359 3725 strati
3406 3669 3687 3741 fulgorem,

2089 3766 2231 3839 quod
2292 3774 2517 3821 stratum
2565 3765 2780 3818 niveum
2822 3770 2936 3817 erat
2970 3771 3131 3831 atque
3167 3760 3451 3816 candidum
3490 3760 3691 3834 (Tento

2088 3869 2262 3915 octavo
2303 3868 2350 3913 et
2393 3857 2550 3913 Temo
2588 3854 2784 3927 nono).
2817 3854 2875 3909 In
2902 3870 3062 3909 curru
3109 3869 3238 3909 vero
3276 3853 3487 3909 lamina:
3534 3863 3692 3911 erant

2088 3970 2267 4010 aurea:
2294 3951 2572 4008 versatiles
2591 3991 2606 4014 ,
2648 3964 2768 4020 quae
2798 3956 2945 4002 motu
2977 3947 3187 4018 agitate
3214 3945 3487 4002 micabant
3511 3985 3525 4000 .
3554 3946 3689 4017 Equi

2089 4046 2251 4101 etiam
2280 4042 2624 4115 Imperatoris
2643 4056 2775 4097 auro
2801 4039 2999 4105 onusti,
3033 4047 3086 4094 et
3116 4038 3264 4094 frena
3292 4053 3503 4110 quoque
3526 4053 3690 4095 aurea

2085 4144 2257 4193 erant.

2164 4225 2400 4296 Depictis
2425 4240 2557 4281 vero
2603 4226 2967 4296 Augustorum
3000 4221 3317 4292 imaginibus
3352 4221 3468 4276 haec
3510 4220 3684 4277 refert

2088 4319 2180 4374 ille
2224 4316 2417 4391 (Tento
2466 4314 2655 4386 tertio)
2694 4331 2707 4367 :
2747 4313 2932 4367 Vidisti
2975 4329 3110 4383 sirpe
3142 4312 3526 4382 imperatoriam
3557 4313 3690 4368 inta-

2087 4411 2255 4481 ginem
2301 4407 2517 4464 cteruleo
2568 4407 2775 4461 tinctam
2818 4405 3025 4459 colore:
3060 4402 3243 4457 deinde
3280 4420 3397 4458 vero
3446 4406 3689 4475 pictorem

2089 4504 2232 4557 albas
2259 4502 2418 4557 lineas
2440 4499 2723 4564 ducentem,
2756 4506 2801 4553 et
2826 4497 3014 4552 solium
3040 4496 3446 4566 imperatorium,
3465 4506 3511 4550 et
3531 4513 3686 4569 equos

2088 4596 2368 4660 adstantes,
2385 4604 2431 4649 et
2457 4592 2721 4658 satellites,
2748 4600 2796 4646 et
2836 4590 3027 4645 vinctos
3057 4589 3223 4644 hostes
3251 4599 3405 4661 atque
3433 4589 3686 4645 subactos.

2160 4685 2279 4741 Pari
2306 4685 2454 4741 cultu
2481 4682 2733 4739 consules
2763 4680 3084 4737 incedebant
3104 4722 3119 4744 ,
3159 4688 3223 4734 ut
3250 4679 3364 4750 ipse
3389 4681 3464 4735 ait
3485 4680 3506 4752 (
3530 4680 3689 4735 Temo

2090 4774 2438 4850 duodecimo)
2471 4794 2483 4830 :
2520 4775 2645 4829 Non
2703 4773 2882 4828 videtis
2953 4771 3296 4843 Imperatores
3358 4782 3406 4826 et
3459 4773 3689 4828 consules

2093 4887 2245 4926 curru
2279 4877 2497 4942 gestatas
2524 4876 2570 4921 et
2594 4882 2723 4920 auro
2749 4873 2954 4920 ornatos
2981 4905 2997 4932 ,
3038 4874 3083 4918 et
3118 4862 3361 4919 satellites
3400 4864 3570 4918 omnia
3594 4864 3693 4917 ha-

2094 4963 2263 5015 bentes
2287 4976 2444 5014 aurea
2472 4999 2488 5026 ,
2526 4975 2708 5012 aureas
2751 4957 2957 5011 lanceas
2983 4998 2997 5023 ,
3030 4971 3210 5010 aureos
3249 4956 3473 5026 clypeos,
3505 4972 3690 5011 aureas

2090 5065 2265 5122 vestes,
2285 5070 2437 5123 equos
2467 5051 2635 5106 aureis
2656 5060 2864 5105 ornatos
2894 5048 3150 5119 ephippiis
3172 5047 3199 5102 ?

2162 5148 2519 5218 Imperatores
2550 5143 2820 5216 praefectis
2863 5142 2974 5198 suis
2999 5156 3190 5197 aureas
3228 5140 3573 5214 porrigebant
3604 5148 3692 5196 ta-

2092 5238 2261 5294 bellas
2301 5239 2354 5292 in
2391 5238 2735 5309 magistratus
2786 5236 2996 5308 signum
3023 5232 3207 5305 (Tento
3233 5234 3434 5303 sexto).
3462 5233 3690 5302 Quando
3756 5252 3763 5257 ·

2093 5331 2274 5386 literas
2290 5329 2572 5385 mittebant
2600 5327 2955 5401 Imperatores
2980 5327 3093 5382 sive
3111 5326 3162 5381 in
3189 5325 3399 5381 theatro
3425 5327 3537 5382 sive
3558 5324 3692 5383 alibi

2099 5418 2354 5491 legendas
2378 5462 2395 5488 ,
2424 5435 2502 5475 ca:
2544 5434 2667 5475 eum
2701 5433 2891 5488 magna
2922 5417 3220 5474 reverentia
3264 5427 3503 5489 excepta:
3547 5417 3694 5489 lege-

2095 5513 2289 5573 bantur
2331 5514 2610 5570 silentibus
2660 5513 2915 5569 omnibus
2958 5510 3142 5584 (Temo
3167 5510 3395 5585 quarto).

2382 5626 2699 5697 Optimatum
2726 5633 2774 5679 et
2794 5623 3007 5679 divitum
3037 5624 3214 5693 luxus,
3247 5641 3388 5697 opes,

2629 5720 2764 5775 mdes
2784 5757 2800 5786 ,
2830 5733 3024 5785 mensa,
3055 5728 3152 5773 etc.

2170 5812 2500 5885 Optimatum
2542 5825 2756 5883 quoque
2793 5825 2858 5867 ac
2906 5810 3132 5867 divitum
3175 5809 3367 5866 fastum
3410 5820 3460 5867 et
3510 5808 3692 5865 luxum
