4194 6476
530 362 591 419 8|
1846 357 2166 417 SYNOPSIS
2204 361 2441 419 EOBUM
3689 361 3767 415 82

518 469 825 542 perstringit
865 465 1318 539 Chrysostomus,
1360 463 1719 535 describitque
1745 460 1938 518 :edium
1976 474 2089 516 ma-

517 563 901 634 gnificentiam,
923 561 1149 616 vestium
1178 560 1402 622 cultum,
1431 571 1735 612 mensarum
1756 561 2087 625 apparatum,

516 656 870 724 parasitorum
893 653 1126 721 agmina,
1159 650 1475 705 famulorum
1503 648 1772 718 ingentem
1786 659 2085 700 numerum.

582 746 877 817 Optimates
904 747 1059 816 igitur
1085 754 1139 800 et
1163 743 1403 814 opulenti
1440 741 1637 811 quique
1665 740 1764 795 viri
1795 737 1980 794 sericis
2002 736 2088 791 in-

515 840 626 894 duti
656 839 888 894 vestibus
912 846 1066 893 erant
1085 852 1215 891 auro
1246 833 1543 889 intertextis
1564 830 1953 902 etmaguiﬁcis:
1985 843 2086 881 ttu-

512 939 705 1001 guenta
747 937 802 984 et
843 937 1083 983 aromata
1112 941 1326 996 semper
1353 923 1606 985 olebant;
1654 936 1786 977 zona
1813 919 2088 990 praecincti

510 1033 694 1085 aurea,
723 1009 886 1073 calcei
930 1031 1137 1086 quoque
1173 1029 1305 1070 auro
1347 1013 1638 1084 fulgebant.
1663 1011 2004 1067 Famulorum
2033 1016 2088 1062 et

508 1110 874 1164 cunuchorum
922 1106 1130 1162 turbam
1184 1106 1449 1176 ingentem
1503 1102 1646 1158 alere
1707 1110 1762 1156 et
1815 1107 2085 1155 ostentare

508 1214 719 1254 summo
738 1198 915 1254 studio
939 1196 1233 1261 curabant,
1262 1209 1486 1265 quorum
1505 1191 1657 1247 multi
1683 1189 1891 1246 barbari
1910 1196 2080 1243 erant.

509 1292 583 1346 De
610 1306 768 1359 opum
817 1289 1002 1358 grandi
1056 1288 1208 1356 copia
1242 1294 1299 1341 et
1335 1284 1653 1339 famulorum
1695 1296 1920 1336 numero
1966 1280 2083 1335 haec

504 1382 727 1450 carptim
747 1380 873 1433 dicit
891 1377 1303 1449 Chrysostomus
1317 1375 1499 1447 (Temo
1520 1371 1752 1444 septimo)
1772 1389 1786 1425 :
1811 1370 1875 1426 Et
1893 1378 1946 1424 tu
1964 1370 2081 1440 qui-

504 1470 615 1523 dem
633 1478 972 1525 tot'memoras
998 1476 1144 1521 terra:
1156 1467 1362 1536 jugera,
1387 1465 1561 1518 domos
1582 1463 1748 1516 decem
1780 1461 1855 1515 vel
1884 1461 2079 1530 viginti,

502 1560 680 1616 balnea
706 1560 930 1621 totidem,
952 1573 1119 1612 servos
1147 1557 1282 1610 mille
1307 1566 1394 1608 aut
1418 1556 1491 1609 bis
1516 1555 1672 1621 mille,
1694 1570 1873 1609 currus
1900 1568 2081 1624 argen-

502 1652 595 1706 teis
627 1650 829 1706 lminis
860 1651 933 1705 vel
961 1667 1089 1704 auro
1116 1658 1337 1719 opertos.
1364 1646 1788 1702 Eunuchietiam
1817 1654 1871 1701 et
1897 1644 2080 1700 famuli

498 1758 632 1797 auro
659 1741 918 1811 fulgentes
945 1748 1101 1796 erant
1120 1782 1135 1803 ,
1165 1740 1462 1808 horumque
1483 1736 1698 1809 plurimi
1729 1734 2005 1807 torquibus
2025 1742 2081 1791 et

498 1832 724 1887 armillis
749 1833 928 1887 aureis
956 1830 1371 1886 deCorabantur.

570 1921 788 1977 mdium
837 1936 1048 1992 quoque
1108 1920 1447 1992 splendorem
1503 1928 1561 1976 et
1632 1917 2077 1989 magniﬁcentiam

500 2015 813 2085 plerumque
860 2013 1112 2070 describit
1142 2031 1157 2066 :
1187 2012 1530 2082 Splendidas,
1560 2011 1749 2082 inquit,
1781 2019 2077 2066 construunt

497 2105 859 2172 domos,latas
906 2105 1127 2175 porticus
1160 2145 1175 2170 ,
1230 2102 1380 2174 longa
1425 2111 1590 2173 septa.
1642 2099 1851 2155 Tectum
1891 2108 2060 2154 autent

494 2196 679 2250 mdium
699 2213 761 2250 ea:
788 2195 981 2250 tabellis
998 2195 1175 2267 ligneis
1190 2195 1567 2261 concinnatum,
1584 2193 1881 2246 deauratutn
1910 2201 2072 2245 totum

493 2296 600 2340 erat
629 2302 647 2340 :
666 2288 847 2356 janua:
868 2296 1035 2340 autent
1059 2326 1075 2352 ,
1106 2286 1255 2339 etiam
1287 2284 1471 2354 bifores
1496 2326 1511 2349 ,
1551 2283 1783 2338 eburnea:
1809 2294 1973 2336 erant.
2006 2281 2070 2337 In

493 2378 727 2432 tricliniis
746 2387 793 2432 et
821 2377 1062 2431 cubiculis
1090 2377 1306 2448 parietes
1330 2391 1580 2431 marmore
1604 2376 1814 2429 crustati
1834 2391 1854 2429 :
1874 2376 1917 2429 si
1945 2375 2070 2446 quid

490 2484 605 2525 vero
631 2469 850 2539 lapidem
876 2476 1223 2539 compareret,
1267 2466 1401 2523 illud
1442 2466 1611 2523 aureis
1640 2466 1841 2522 laminis
1876 2476 1923 2521 et
1948 2467 2068 2521 bra-

488 2559 610 2615 cteis
637 2560 975 2630 obtegebatur.

556 2649 852 2721 Laquearia
875 2647 1054 2704 omnia
1078 2661 1259 2714 aurea,
1299 2661 1393 2703 seu
1422 2634 1627 2718 potius,
1658 2656 1715 2703 ut
1739 2647 1865 2704 alibi
1896 2647 2068 2717 expli-

483 2748 609 2808 cat.
653 2755 785 2796 auro
815 2740 979 2794 oblita
1004 2749 1190 2806 erant;
1221 2739 1580 2808 pavimentum
1624 2753 1751 2795 vero
1794 2740 2066 2795 tesserulis

481 2841 537 2886 et
564 2831 790 2901 gemmis
817 2829 1124 2885 distinctum
1149 2830 1572 2900 adornatumque
1593 2871 1606 2894 ,
1638 2829 1780 2900 quod
1807 2844 1950 2900 saepe
1980 2838 2064 2884 ta-

483 2923 695 2992 petibus
723 2922 1033 2992 operiebant
1052 2922 1400 2993 elegantibus.
1428 2922 1499 2977 lbi
1527 2922 1707 2978 videre
1727 2931 1842 2978 erat
1862 2922 2065 2976 colum-

480 3028 577 3068 nas
597 3028 923 3068 marmoreas
938 3013 1218 3083 aliquando
1238 3016 1386 3067 mira:
1409 3013 1805 3084 magnitudinis,
1838 3028 2061 3083 quarum

478 3105 724 3175 capitella
769 3120 961 3171 aurea;
1008 3106 1115 3161 imo
1160 3105 1444 3176 aliquando
1497 3114 1605 3161 tota
1649 3106 1896 3160 columna
1942 3114 2061 3160 erat

478 3198 655 3253 aureis
685 3196 896 3252 laminis
924 3206 1142 3268 operta;
1173 3205 1373 3253 statuas
1409 3211 1621 3267 quoque
1647 3196 1872 3251 vidisses
1900 3211 2058 3251 manu

476 3290 823 3361 insigniorum
854 3290 996 3344 illius
1021 3290 1119 3345 aevi
1147 3288 1411 3344 artificum
1439 3289 1723 3344 adornatas
1743 3329 1757 3353 ,
1781 3302 1913 3358 quas
1941 3288 2054 3358 qui-

474 3383 597 3439 dam
629 3383 800 3451 idola,
827 3384 917 3438 alii
948 3383 1222 3437 dannonas
1250 3382 1606 3453 appellabant.
1641 3380 1723 3435 Ad
1765 3380 1877 3437 Inec
1906 3389 2059 3437 erant

473 3474 715 3530 cubicula
745 3474 962 3544 picturis
987 3482 1040 3529 et
1063 3473 1280 3529 musicis
1305 3472 1555 3542 operibus
1583 3470 1848 3527 decorata.

546 3566 693 3621 Lecti
720 3580 931 3637 quoque
959 3574 1016 3619 ut
1056 3565 1340 3635 plurimutn
1367 3580 1432 3620 ex
1460 3564 1652 3630 ebore,
1681 3564 1963 3635 aliquando
1993 3565 2059 3620 li-

476 3660 598 3728 gnei
628 3667 682 3713 et
707 3658 973 3723 deaurati,
1017 3657 1098 3712 Vel
1129 3657 1397 3728 argenteis
1422 3659 1549 3713 tecti
1580 3657 1827 3715 laminis:
1857 3658 1964 3714 imo
1989 3675 2055 3714 ex

471 3759 695 3822 argento
722 3766 854 3820 puro
876 3765 1022 3820 saepe
1052 3751 1144 3804 toti
1174 3750 1510 3816 constabant,
1538 3750 1823 3821 multisque
1849 3750 1899 3804 in
1923 3751 2055 3806 locis

472 3842 704 3898 micabat
732 3857 941 3897 aurum.
965 3840 1298 3910 Opulentiam
1324 3841 1449 3896 item
1482 3856 1727 3910 magnam
1752 3855 1859 3911 prae
1889 3855 1948 3895 se
1975 3839 2055 3895 fe-

472 3933 626 3989 rebat
658 3940 763 3988 tota
790 3933 1061 4002 supellex;
1093 3930 1359 3987 cathedra:
1398 3947 1610 4002 quoque
1639 3940 1693 3987 et
1730 3930 1958 3986 scabella
1987 3946 2050 3986 ex

470 4023 634 4078 ebore
661 4030 813 4078 erant
844 4040 855 4075 :
890 4023 1089 4077 lebetes
1121 4023 1283 4090 item,
1316 4037 1439 4077 vasa
1460 4062 1476 4087 ,
1517 4023 1625 4077 imo
1671 4021 1799 4091 ipsa:
1842 4020 2053 4076 matula:

468 4129 535 4168 ex
564 4127 694 4169 auro
724 4113 804 4168 vel
831 4122 1052 4184 argento
1078 4112 1340 4169 coullatze.
1374 4114 1516 4168 Inter
1541 4112 1659 4168 lucc
1686 4126 1810 4167 vasa
1851 4124 1906 4168 et
1945 4112 2050 4168 alia

469 4212 781 4259 ornamenta
814 4203 866 4258 in
894 4203 1066 4274 pretio
1115 4212 1271 4259 erant
1309 4203 1569 4259 Laconica
1597 4203 1860 4259 velamina
1883 4244 1899 4269 ,
1931 4217 2052 4272 quae

438 4295 597 4391 idicit
639 4293 1051 4367 Chrysostomus
1100 4294 1152 4350 in
1201 4296 1472 4365 penuariis
1522 4303 1792 4350 asservata
1845 4292 2047 4358 luisse,

467 4387 765 4457 eductaque
806 4385 1032 4444 fortasse
1077 4387 1130 4443 in
1181 4387 1440 4443 conviviis
1493 4395 1548 4443 et
1599 4386 1717 4443 aliis
1764 4384 2047 4441 celebrita-

467 4479 627 4535 tibus.

537 4569 595 4625 In
623 4577 825 4624 tantum
857 4569 1037 4625 luxum
1067 4580 1120 4625 et
1150 4568 1339 4625 fastum
1382 4567 1683 4625 declamans
1721 4567 2045 4638 Chrysosto-

464 4675 619 4726 mus,
649 4661 815 4716 refert
854 4661 1049 4717 alicubi
1090 4661 1368 4717 historiam
1398 4660 1683 4730 Aristippi,
1725 4667 1783 4714 ut
1823 4657 2047 4713 habetur

464 4751 604 4822 apud
628 4752 914 4823 Diogenem
940 4752 1209 4809 Laertium
1235 4769 1249 4818 ;
1279 4751 1372 4806 sed
1403 4750 1561 4805 tacito
1602 4750 1767 4819 ipsius
1807 4749 2042 4811 nomine.

466 4842 746 4911 Narratur,
777 4845 965 4914 inquit,
991 4845 1277 4916 quempiam
1304 4845 1358 4898 in
1384 4845 1588 4897 domum
1620 4841 1938 4913 splendidam
1957 4858 2044 4898 ve-

464 4938 596 4991 nisse
633 4937 909 5008 {algentem
936 4935 1269 4990 marmoribus
1295 4944 1342 4990 et
1372 4934 1723 4989 columnarum
1760 4935 2046 5007 pulchritu-

463 5027 612 5092 dine;
655 5043 768 5081 cum
806 5035 973 5081 autem
1012 5027 1349 5097 pavimentum
1374 5026 1526 5080 etiam
1569 5027 1769 5081 vidisset
1799 5026 2044 5097 tapetibus

459 5130 705 5186 stratum,
748 5120 800 5174 in
844 5119 1025 5190 faciem
1051 5117 1240 5172 domini
1264 5117 1454 5171 radium
1486 5118 1735 5188 conspuit.
1768 5117 2041 5190 lmprope-

461 5220 604 5265 rante
631 5222 794 5266 autem
826 5211 936 5276 illo,
963 5209 1282 5281 respondisse
1306 5225 1326 5264 :
1350 5211 1467 5281 quia
1494 5211 1547 5264 in
1572 5213 1713 5266 nulla
1737 5212 1842 5266 alia
1861 5212 2042 5267 domus

462 5312 604 5373 parte
639 5302 693 5355 id
722 5304 888 5371 facere
917 5302 1130 5367 licebat,
1160 5310 1388 5354 coactum
1426 5318 1478 5357 se
1516 5302 1673 5373 fuisse
1698 5303 1856 5357 vultui
1881 5303 2041 5374 ipsius

461 5394 591 5447 hanc
618 5392 974 5447 contumeliam
1000 5390 1207 5460 inferre.

536 5483 630 5537 llis
659 5497 787 5536 vero
815 5478 1110 5548 magniﬁcis
1135 5481 1503 5550 opulentorum
1532 5483 1806 5537 hominum
1832 5482 2038 5538 aedibus

459 5574 723 5644 adjuncta:
750 5579 903 5625 erant
933 5570 1050 5625 Iatze
1076 5573 1310 5641 porticus
1329 5614 1345 5642 ,
1375 5574 1717 5645 aquaeductus
1740 5583 1795 5630 et
1819 5573 1993 5630 fontes
2020 5614 2035 5639 ,

461 5662 764 5722 suburbana
794 5658 980 5714 balnea
1009 5670 1064 5714 et
1092 5662 1419 5719 ambulacra.

530 5754 711 5823 Longe
753 5751 900 5818 plura
950 5751 1111 5810 refert
1159 5755 1226 5812 de
1268 5757 1633 5812 conviviorum
1665 5764 1718 5812 ct
1759 5770 2035 5812 cmuarum

2199 463 2516 533 sumptibus.
2532 464 2728 522 Mensa:
2745 467 2969 524 formam
2988 476 3360 541 etapparatum
3380 470 3640 544 depingit:
3654 482 3776 530 erat

2195 551 2284 606 illa
2314 554 2396 609 vel
2425 569 2557 612 auro
2582 557 2814 629 fulgens,
2842 560 2926 616 vel
2954 569 3177 632 argento
3204 563 3572 627 circumtecta.
3602 563 3764 620 semi-

2192 643 2498 710 circularis,
2531 654 2591 701 ut
2626 647 2714 702 illa
2753 665 2914 719 quam
2955 652 3118 721 sigma
3158 660 3316 707 vocat
3360 652 3654 719 Martialis,
3696 650 3769 709 ad.

2194 730 2417 788 formam
2444 750 2634 806 nempe
2659 737 2825 793 literae
2849 739 2909 804 C,
2932 756 3052 810 qua:
3080 750 3203 798 tunc
3226 745 3388 814 sigma
3408 743 3770 815 exprimebat,

2190 823 2504 879 concinnata
2529 826 2549 897 (
2572 825 2727 881 Tanta
2755 829 3083 903 undecimo).
3113 830 3192 887 Ea
3231 848 3359 889 vero
3402 842 3561 889 tantm
3606 836 3769 891 molis

2189 922 2324 979 erat,
2347 923 2407 969 ut
2433 915 2519 970 vix
2544 915 2650 972 duo
2670 917 3033 976 adolescentes
3062 921 3232 991 ipsam
3259 939 3474 980 movere
3499 936 3721 995 possent
3746 944 3762 980 :

2190 1004 2338 1059 molli
2365 1009 2600 1078 stragula
2629 1010 2858 1080 undique
2886 1012 3243 1080 sternebatur,
3280 1023 3339 1069 ut
3376 1015 3447 1070 ibi
3481 1015 3765 1072 commodo

2187 1096 2428 1152 conviva:
2469 1100 2863 1156 accumberent.
2897 1101 3034 1158 Vasa
3077 1105 3254 1159 omnia
3298 1120 3364 1161 ex
3401 1121 3532 1161 auro
3566 1107 3649 1162 vel
3674 1122 3762 1162 ar—

2187 1195 2346 1254 gento
2374 1204 2387 1240 :
2418 1186 2594 1258 phiala
2620 1206 2723 1246 una
2750 1200 2865 1247 erat
2902 1207 3062 1249 aurea
3096 1195 3274 1262 pondo
3311 1195 3513 1252 dimidii
3544 1198 3759 1266 talenti,

2186 1292 2345 1344 quam
2390 1278 2476 1335 vix
2524 1280 2628 1335 duo
2665 1281 2887 1352 juvenes
2935 1299 3153 1342 movere
3198 1296 3454 1357 possent:
3487 1288 3763 1359 amphora

2186 1376 2364 1424 autem
2393 1385 2524 1427 auro
2559 1373 2903 1442 splendentes
2926 1377 3113 1433 ordine
3146 1378 3261 1433 sita:
3286 1379 3689 1450 comparebant.

2258 1460 2495 1516 Aderant
2515 1478 2726 1534 quoque
2752 1465 3018 1532 ministri,
3050 1483 3155 1522 non
3189 1468 3364 1524 minus
3393 1469 3568 1525 ornati
3593 1471 3759 1529 vcsti-

2184 1551 2284 1608 bus
2325 1562 2382 1609 et
2425 1555 2700 1624 splendide
2741 1560 2948 1623 amicti,
2986 1560 3329 1633 anaxyridas,
3370 1578 3502 1632 quas
3542 1561 3760 1619 braccas

2183 1653 2415 1710 vocant,
2446 1645 2593 1702 laxas
2619 1647 2874 1705 habentes
2895 1689 2911 1715 ,
2940 1651 3047 1707 visu
3074 1651 3310 1721 pulchri,
3350 1652 3403 1707 in
3446 1653 3558 1723 ipso
3594 1655 3769 1708 (etatis

2182 1734 2309 1804 ﬂore
2332 1736 2664 1807 luxuriantes,
2693 1740 2816 1796 bene
2843 1751 3020 1795 curata
3046 1752 3157 1796 cute
3184 1752 3229 1797 et
3255 1743 3400 1799 bonae
3422 1744 3753 1799 Itabitudinis.

2182 1825 2279 1883 llic
2302 1827 2526 1884 vidisses
2554 1830 2713 1885 etiam
2744 1832 3067 1889 musicorum
3099 1835 3304 1891 turbam
3324 1877 3340 1903 ,
3373 1837 3525 1892 tibias
3543 1878 3559 1905 ,
3586 1838 3756 1894 citha-

2180 1934 2269 1974 ras
2295 1929 2351 1976 et
2374 1921 2598 1989 fistulas,
2636 1939 2735 1980 nec
2767 1925 2987 1983 deerant
3025 1938 3286 1999 unguenta
3322 1940 3375 1985 et
3407 1940 3643 1987 aromata
3673 1932 3756 1988 In-

2179 2007 2319 2076 dica,
2350 2010 2597 2077 Arabica,
2631 2012 2864 2071 Persica.

2248 2099 2667 2172 Apponebantur
2695 2104 2988 2161 eduliorum
3018 2107 3318 2174 varietates,
3351 2109 3592 2166 ciborum
3619 2113 3754 2169 deli-

2177 2189 2273 2246 cia:
2302 2208 2316 2245 :
2343 2190 2409 2247 de
2434 2201 2688 2263 apparatu
2715 2192 3036 2251 ferculorum
3061 2198 3300 2268 quiedam
3326 2197 3459 2254 dixit
3483 2216 3587 2255 non
3609 2216 3749 2270 pra:-

2179 2283 2538 2339 termittenda.
2587 2286 2664 2342 De
2712 2286 3113 2357 pulmentariis,
3170 2292 3390 2362 coquis,
3444 2309 3757 2351 mensarum

2175 2376 2546 2444 structoribus,
2573 2378 2939 2448 placentarum
2972 2380 3300 2448 artiﬁcibus,
3330 2382 3601 2452 phasianis
3640 2387 3747 2439 avi-

2174 2466 2274 2522 bus
2313 2468 2588 2540 loquutus,
2619 2469 2733 2526 haec
2768 2471 2957 2528 addit:
2992 2474 3151 2541 Quasi
3178 2477 3535 2545 rempublicam
3569 2478 3753 2550 guber-

2172 2570 2346 2615 nanles
2371 2571 2418 2615 et
2445 2562 2604 2616 aciem
2631 2563 2929 2620 instruentes
2952 2608 2967 2633 ,
3005 2567 3077 2622 sic
3108 2577 3155 2622 et
3182 2570 3266 2623 isti
3301 2570 3395 2623 hoc
3431 2580 3480 2624 et
3522 2572 3614 2625 hoc
3641 2573 3753 2643 pri-

2174 2668 2330 2715 mum,
2361 2652 2457 2706 hoc
2478 2663 2527 2708 et
2554 2654 2648 2710 hoc
2675 2656 2950 2713 secundum
2982 2661 3291 2714 constituunt
3313 2677 3330 2714 :
3351 2672 3398 2715 et
3427 2663 3517 2717 alii
3547 2664 3749 2732 quidem

2171 2745 2388 2811 primum
2414 2762 2527 2800 aves
2560 2764 2717 2817 supra
2755 2748 3000 2803 carbones
3024 2767 3166 2804 assas
3187 2792 3201 2812 .
3231 2752 3546 2821 piscibnsque
3583 2757 3755 2824 [artas
3812 2806 3823 2813 .

2168 2833 2417 2900 offerunt;
2450 2838 2538 2890 alii
2567 2839 2671 2892 alia
2695 2839 2838 2892 initia
2867 2840 3310 2895 immoderatarum
3345 2859 3600 2897 coenarum
3632 2854 3743 2899 sta-

2167 2934 2310 2979 tuunt
2339 2941 2357 2979 :
2388 2929 2641 2998 multaque
2661 2929 2794 2983 circa
2820 2930 2926 2985 Inzc
2964 2941 3039 2986 est
3071 2933 3373 3001 concertatio
3395 2975 3410 3000 ,
3451 2945 3499 2988 et
3528 2936 3593 2988 de
3619 2952 3744 3005 qua-

2166 3014 2328 3082 litate,
2354 3027 2400 3071 et
2421 3017 2485 3071 de
2510 3020 2687 3073 ordine
2705 3060 2721 3087 ,
2744 3028 2791 3074 et
2816 3020 2879 3074 de
2906 3023 3073 3089 copia.
3100 3023 3291 3078 Vinum
3320 3024 3480 3078 etiam
3510 3026 3741 3094 exquisi-

2166 3116 2276 3161 tum
2306 3110 2697 3179 opponebatur,
2735 3111 2832 3166 sed
2866 3113 3121 3167 Thasium
3162 3116 3486 3184 pnnsertim,
3536 3132 3632 3172 seu
3673 3134 3741 3173 ex

2164 3197 2336 3253 insula
2363 3198 2540 3254 Thaso
2567 3218 2582 3255 :
2604 3200 2747 3271 quod
2773 3203 2913 3270 apud
2941 3204 3235 3275 scriptores
3258 3215 3367 3261 tum
3390 3207 3606 3264 Graecos
3626 3217 3739 3264 tum

2160 3285 2381 3344 Latinos
2404 3290 2688 3345 admodum
2719 3293 3042 3348 celebratur.

2231 3379 2454 3448 Quando
2484 3382 2580 3437 viri
2608 3382 2681 3437 illi
2715 3392 2823 3437 tum
2850 3384 3137 3455 dignitate,
3168 3394 3277 3442 tum
3303 3388 3571 3458 opulentia
3603 3405 3740 3459 pra:-

2159 3480 2377 3536 stantes,
2408 3472 2521 3527 sive
2547 3473 2598 3527 in
2624 3489 2782 3529 curru
2808 3490 2937 3531 auro
2965 3474 3228 3546 fulgente.
3261 3476 3375 3533 sive
3396 3493 3536 3549 equo
3563 3481 3695 3535 vecti
3722 3523 3734 3543 ,

2158 3562 2311 3632 cujus
2341 3561 2548 3618 frenmn
2575 3578 2793 3620 aureum
2817 3606 2831 3632 ,
2861 3581 2955 3636 per
2975 3566 3159 3623 urbem
3181 3566 3266 3622 vel
3295 3567 3345 3621 in
3378 3565 3494 3623 foro
3524 3568 3737 3626 incede-

2158 3652 2318 3720 bant,
2370 3655 2588 3724 prmibat
2636 3671 2840 3725 praeco,
2893 3658 3038 3712 cultu
3084 3658 3372 3714 instructus
3419 3660 3732 3730 iuaguilicn,

2158 3744 2247 3813 qui
2290 3744 2573 3800 adventum
2618 3746 2731 3801 heri
2771 3746 3055 3801 nuntiaret.
3087 3747 3201 3816 Ipse
3228 3762 3354 3804 vero
3385 3749 3562 3804 balteo
3587 3766 3728 3820 pra:-

2157 3835 2362 3889 ciuctus
2387 3843 2441 3889 et
2469 3835 2651 3889 multis
2672 3835 2898 3903 stipatus
2922 3836 3215 3902 lictoribus,
3237 3838 3323 3907 qui
3354 3838 3559 3907 plebem
3577 3856 3727 3895 arce-

2158 3932 2309 3988 rent,
2355 3924 2585 3992 superbe
2626 3924 2912 3995 gradieus,
2960 3927 3231 3983 clientium
3274 3937 3329 3985 et
3373 3930 3726 3998 parasitorum

2158 4013 2309 4067 turba
2337 4013 2700 4084 cingebantur.

2230 4102 2305 4157 De
2336 4104 2615 4157 mulierum
2645 4114 2833 4160 ornatu
2853 4146 2865 4167 ,
2899 4107 3033 4162 fastu
3060 4116 3117 4163 et
3144 4108 3274 4164 luxu
3300 4109 3728 4182 frequentissime

2153 4195 2260 4265 agit
2293 4195 2728 4266 Chrysostomus.
2751 4196 2984 4253 Ornatus
3023 4200 3301 4256 mulierum
3323 4243 3341 4269 ,
3390 4203 3561 4271 inquit
3601 4204 3725 4270 ille,

2154 4298 2279 4345 sunt
2304 4289 2427 4343 torti
2457 4288 2651 4355 crines,
2685 4290 2897 4345 inaures
2924 4301 3340 4363 ornamentaque
3365 4293 3467 4348 alia
3499 4293 3725 4366 ingenis

2153 4389 2209 4436 ct
2245 4380 2427 4436 collo:
2460 4380 2563 4434 luci
2605 4388 2662 4436 et
2700 4381 2965 4451 pigmenta
3010 4383 3314 4449 oculorum,
3370 4383 3475 4439 fuel
3501 4388 3627 4441 item
3669 4396 3724 4441 et

2153 4475 2417 4544 pigmenta
2444 4488 2719 4543 genarum,
2750 4484 2927 4529 veStcs
2950 4490 3079 4530 auro
3103 4475 3417 4541 intertextus,
3456 4476 3725 4546 palliolum

2150 4565 2308 4633 capiti
2338 4565 2676 4635 impositum;
2706 4580 2893 4619 manus
2922 4566 3250 4621 extrinsecus
3287 4566 3587 4631 deauratte,
3614 4569 3721 4621 cal-

2153 4672 2279 4712 ctrus
2308 4658 2457 4726 nigro
2486 4658 2665 4711 colore
2709 4657 2932 4711 multum
2962 4654 3165 4727 fulgens
3184 4696 3200 4723 ,
3233 4658 3285 4711 in
3315 4672 3535 4712 acumen
3575 4658 3719 4712 desi-

2154 4763 2286 4804 nens
2344 4756 2398 4802 et
2460 4748 2778 4817 picturarum
2821 4746 3069 4801 decorem
3135 4746 3368 4801 imitans.
3414 4747 3553 4802 Alibi
3596 4763 3724 4803 vero

2149 4839 2280 4895 dicit
2299 4858 2310 4893 :
2332 4839 2575 4893 Mulieres
2602 4837 2774 4893 mulos
2795 4837 2943 4892 albos
2965 4835 3294 4907 qumrebant,
3313 4844 3368 4892 et
3390 4836 3535 4892 frena
3555 4836 3718 4892 deau-

2149 4940 2262 4986 rata
2286 4972 2301 4996 ,
2344 4929 2655 5000 obsequium
2694 4926 3089 4995 cunuchorum,
3127 4942 3374 4998 magnum
3406 4927 3721 4983 ancillarum

2149 5036 2361 5093 gregem
2389 5029 2444 5076 et
2470 5034 2717 5090 pompam
2748 5017 3047 5073 ridiculam.

2219 5112 2599 5168 Adolescentes
2634 5124 2842 5180 quoque
2880 5108 3111 5177 exagitat
3149 5107 3379 5176 superbe
3419 5115 3636 5177 agentes
3669 5107 3729 5162 in

2148 5206 2284 5271 foro,
2312 5220 2432 5261 cum
2460 5203 2782 5266 hominibus,
2805 5202 2892 5272 qui
2919 5200 3239 5270 sumptuosis
3255 5199 3615 5270 etmagnilicis
3633 5215 3720 5252 ve-

2147 5300 2318 5356 stibus
2358 5297 2526 5368 operti
2570 5304 2740 5351 erant.
2779 5294 2941 5348 Iidem
2966 5308 3095 5348 vero
3123 5292 3487 5347 adolescentes
3509 5290 3720 5346 calceos

2147 5405 2274 5446 suos
2303 5388 2406 5445 Illis
2431 5387 2619 5444 sericis
2649 5394 2705 5442 et
2730 5399 2863 5439 auro
2888 5383 3237 5439 exornabant.

2528 5523 2783 5579 Circenses
2808 5520 2934 5586 ludi,
2964 5517 3346 5590 hippodromus.

2219 5659 2298 5714 Ad
2330 5658 2613 5714 circum'ct
2653 5652 3059 5725 hippodromum
3103 5664 3162 5705 se
3197 5648 3439 5704 conferre
3481 5645 3728 5701 solebant

2154 5755 2525 5825 Imperatores,
2550 5747 2874 5831 utludorum
2895 5754 2949 5801 et
2976 5757 3268 5815 pugnarum
3294 5748 3619 5813 spectatores
3642 5752 3724 5791 es-
