4194 6472
378 404 451 466 85
1142 388 1308 462 qua;
1344 386 1412 444 IN
1449 375 1790 442 OPERIBUS
1824 365 2303 429 CHRYSOSTOMI
2342 359 2874 422 onsenvamun.
3577 327 3652 390 84

367 526 515 583 sent,
544 521 601 568 et
625 514 753 564 ante
777 519 875 564 eos
897 499 991 573 qui
1020 491 1275 555 cenaturi
1301 492 1478 551 erant,
1506 490 1756 540 coronas,
1785 471 1971 529 bravia

363 620 424 666 et
466 567 794 663 vestimenta
846 567 1045 666 exponi
1091 585 1370 645 curabant.
1420 577 1478 633 In
1531 567 1793 666 gymnicis
1843 577 1972 618 vero

362 694 761 756 certaminibus
786 658 1024 746 victores
1051 679 1139 736 vel
1163 676 1299 733 oleae
1326 668 1412 726 vel
1453 662 1591 721 lauri
1620 658 1786 716 ramis
1809 667 1971 710 coro-

365 791 661 847 nabantur.

368 1262 486 1303 rem
515 1207 902 1302 attendebant,
935 1232 1161 1287 aliorum
1186 1235 1320 1279 vero
1348 1217 1565 1290 plausus
1586 1224 1694 1266 non
1721 1207 1794 1262 ita
1818 1217 1973 1259 cura-

369 1300 521 1393 bant.
551 1333 729 1390 Tanta
771 1300 953 1384 autem
997 1327 1115 1378 erat
1160 1311 1343 1387 pepuli
1391 1300 1686 1376 frequentia
1707 1338 1724 1366 ,
1760 1307 1820 1352 ut
1866 1308 1972 1348 non

367 1431 550 1487 circus
570 1423 759 1491 modo,
782 1419 880 1478 sed
899 1417 1062 1473 etiam
1081 1410 1259 1468 vicina
1277 1398 1574 1466 cmnacula,
1596 1395 1806 1457 domus,
1829 1394 1973 1444 tecta

368 1489 773 1594 spectatoribus
816 1512 972 1583 plena
1016 1509 1218 1563 essent.
1253 1497 1396 1553 Inter
1430 1495 1762 1565 spectatores
1792 1489 1974 1538 autem

369 1590 693 1673 meretrices
716 1614 874 1664 erant
899 1610 956 1658 et
982 1595 1134 1671 pueri
1160 1590 1371 1648 molles.

442 1665 766 1777 ligo-natium
791 1665 1149 1753 certaminum
1169 1671 1595 1777 spectatorem-si
1613 1665 1827 1777 quando
1846 1671 1977 1719 stre-

367 1756 853 1853 nuumhatbtetam
876 1785 988 1855 jam
1013 1784 1328 1836 coronatum
1381 1764 1643 1824 accedere
1688 1756 1995 1855 viderent,

368 1902 567 1945 omnes
593 1845 999 1942 “accurrebant,
1038 1878 1099 1925 ut
1126 1868 1243 1938 ejus
1286 1873 1525 1934 pugnas,
1563 1860 1765 1945 artem,
1812 1845 1977 1902 robur

662 1977 906 2048 possent.
939 1939 997 2021 la
1043 1957 1401 2054 hippodromo
1437 1952 1716 2005 currentes
1752 1939 1891 2054 int‘cr
1915 1950 1978 1991 se

368 2029 596 2130 sirenue
627 2029 1040 2123 concertabant,
1076 2029 1244 2108 etialii
1276 2046 1505 2100 aliorum
1531 2048 1722 2094 currus
1754 2029 1979 2087 subver-

369 2175 487 2222 tere
513 2161 874 2219 conabantur.
904 2151 1020 2207 Hac
1038 2147 1109 2202 de
1135 2158 1198 2200 re
1226 2136 1553 2211 singularem
1587 2140 1772 2186 casum
1815 2120 1980 2178 refert

823 2244 1008 2318 (Temo
1052 2232 1375 2300 duodecimo)
1399 2245 1414 2283 :
1437 2224 1613 2330 Ctedes
1630 2261 1647 2285 ,
1678 2215 1884 2318 inquit,
1911 2213 1978 2330 Ιἕη

886 2340 1109 2402 patrata,
1136 2322 1382 2397 tragoedia
1410 2317 1585 2372 urbem
1612 2319 1770 2421 totam
1797 2304 1979 2407 imple-

375 2396 493 2506 ritr,r
506 2435 785 2493 mulierum
827 2429 1009 2485 choros
1037 2396 1229 2477 circum
1252 2412 1463 2471 attraxit
1485 2448 1503 2477 ,
1535 2410 1703 2479 forum
1747 2396 1980 2502 lamentis

805 2565 821 2591 ,
846 2522 970 2575 dum
997 2518 1041 2571 is
1067 2513 1154 2587 qui
1187 2527 1219 2564 a
1245 2504 1478 2562 curribus
1518 2499 1591 2553 ita
1630 2489 1981 2551 miserabiliter

376 2624 610 2680 concisus
635 2589 683 2674 et
711 2589 994 2683 discerptus
1019 2612 1210 2677 fuerat,
1243 2614 1332 2671 per
1356 2593 1582 2650 medium
1612 2591 1782 2659 forum
1816 2589 1984 2654 gesta-

567 2713 706 2781 Hic,
733 2718 790 2765 ut
827 2675 979 2770 novi,
1019 2675 1106 2772 qui
1146 2691 1390 2781 postridie
1420 2681 1678 2757 nuptiales
1705 2675 1980 2778 lampadas

374 2767 845 2866 accensurus'erat,
870 2810 988 2851 cum
1015 2786 1252 2863 apparati
1282 2778 1499 2838 thalami
1529 2781 1713 2839 essent,
1736 2777 1783 2825 et
1812 2767 1983 2824 omnia

376 2860 693 2968 adv'nuptias
729 2860 1062 2948 concinnata,
1088 2860 1185 2936 sub
1212 2871 1463 2949 prteconis
1504 2866 1682 2922 ordine
1724 2863 1778 2917 in
1816 2860 1985 2914 stadie

376 2998 546 3053 locum
557 2951 794 3049 rhabens,
820 2996 934 3037 cum
961 2978 1101 3048 infra
1128 2969 1383 3030 curreret,
1411 2955 1717 3017 instantibus
1751 2951 1945 3022 aurigis
1962 2988 1979 3015 ,

378 3104 427 3149 et
450 3095 633 3142 mutuo
658 3045 1063 3136 concertantibus
1081 3107 1098 3133 ,
1119 3062 1317 3119 medius
1339 3058 1645 3122 interceptus
1663 3088 1680 3113 ,
1709 3045 1982 3102 violentam

564 3183 613 3231 et
652 3148 1009 3227 miserabilem.
1032 3164 1245 3215 mortem
1270 3149 1443 3218 subiit,
1472 3144 1638 3215 capite
1664 3148 1713 3196 et
1746 3140 1985 3194 extremis

385 3270 627 3329 membris
654 3260 914 3320 abscissis.

455 3362 558 3433 Qui
603 3367 790 3414 autem
833 3352 887 3407 in
937 3344 1111 3404 stadio
1150 3337 1316 3396 multa
1349 3332 1569 3390 vulnera
1597 3328 1908 3395 accepant,
1936 3319 1983 3376 si

390 3415 674 3513 victoriam
719 3446 1028 3508 obtineret,
1074 3450 1197 3493 cum
1245 3431 1435 3505 plausu
1480 3423 1701 3481 domum
1751 3415 1986 3475 deduce-

386 3550 547 3607 batur
575 3541 763 3617 (Temo
791 3532 999 3608 primo).

456 3811 741 3888 Olympica
782 3812 1074 3861 certamina
1123 3786 1492 3864 Chrysostomi
1540 3794 1658 3838 πετο
1698 3774 1989 3879 admodum

387 3868 924 3980 viguissevidentur,
953 3901 1150 3947 etcum
1172 3887 1431 3954 apparatu
1451 3876 1686 3980 ma‘ximo
1712 3868 1991 3973 pra-misso

391 3959 666 4058 sciebram
714 3991 879 4045 fuisse
907 3981 1116 4056 (Temo
1152 3974 1299 4029 tertio
1322 3970 1366 4044 ).
1397 3967 1462 4023 In
1517 3960 1797 4036 Olympicis
1858 3959 1992 4058 enim

390 4049 792 4151 certa—minibus,
831 4049 1006 4149 inquit
1050 4072 1176 4136 ille,
1220 4074 1334 4140 post
1377 4062 1585 4133 triginta
1624 4057 1730 4111 dies
1772 4054 1827 4151 in
1870 4049 1993 4106 urbe

392 4144 701 4243 iransactos,
727 4144 788 4228 in
809 4144 1107 4226 suburbium
1132 4160 1250 4215 illos
1278 4154 1484 4212 eductos
1520 4144 1922 4205 circumvehunt,
1947 4148 1995 4195 et

392 4287 497 4331 toto
520 4236 728 4329 sedente
752 4264 949 4320 theatro
976 4255 1165 4313 clamat
1194 4261 1404 4321 praeco:
1433 4241 1577 4298 Nunt
1612 4239 1723 4311 quis
1749 4236 1883 4290 hunc
1904 4249 1994 4287 ac-

594 4360 683 4416 Ita
698 4368 753 4413 ut
775 4352 912 4410 omni
925 4346 1122 4406 seruilis
1136 4335 1440 4398 conditionis
1457 4331 1742 4404 suspicione
1755 4326 1993 4396 depulsa,

393 4418 758 4515 in'certantina
782 4444 960 4517 pedem
983 4440 1192 4510 inferat.
1216 4432 1350 4486 Rem
1378 4425 1575 4483 clarius
1598 4420 1726 4476 alibi
1761 4418 1999 4488 explicat

399 4549 490 4621 (Τ.
522 4514 851 4604 duodecimo)
880 4531 980 4621 ..1η
1000 4523 1279 4599 Olympicis
1312 4514 1667 4574 certaminibus
1701 4518 1798 4565 stat
1832 4522 2000 4579 praeco

396 4605 590 4712 inagna
626 4647 747 4689 uoce
787 4610 1016 4682 clamans
1041 4634 1059 4673 :
1081 4611 1347 4681 Numquid
1390 4606 1574 4678 aliquis
1605 4618 1729 4662 eum
1756 4605 1961 4654 accusat
1982 4638 1998 4663 ,

397 4697 533 4791 sinis
557 4741 753 4791 seruus,
783 4729 871 4775 aut
902 4717 1008 4786 fur,
1035 4719 1122 4765 aut
1141 4707 1293 4762 malis
1317 4697 1581 4757 moribus?

471 4781 880 4893 alpmpicorunt
903 4781 1166 4862 ludorum
1189 4795 1407 4853 athleta:
1436 4791 1491 4846 in
1520 4788 1728 4844 theatro
1748 4781 2006 4893 nudista-

589 4871 767 4965 ira'diis
790 4898 1055 4957 solaribus
1084 4887 1309 4961 expositi
1345 4885 1365 4955 (
1388 4882 1546 4938 Temo
1574 4878 1738 4949 primo
1773 4886 1819 4929 et
1845 4871 2005 4927 Temo

401 5003 617 5075 tertio).
664 4998 1011 5070 Spectatores
1051 4993 1230 5040 autem
1272 4993 1303 5033 a
1342 4975 1520 5032 media
1567 4979 1726 5025 nocte
1750 4964 1817 5021 ad
1842 4964 2006 5019 meri-

402 5063 878 5157 diemi‘sedebant,
898 5090 957 5136 ut
986 5076 1233 5132 viderent
1259 5068 1344 5125 cui
1364 5078 1562 5121 corona
1587 5072 1804 5116 cessura
1842 5063 2006 5111 esset.

408 5146 609 5248 Eii-nne
632 5179 812 5237 uidetis
838 5146 873 5243 ,ν
896 5168 1070 5240 inquit
1098 5162 1285 5237 (Temo
1310 5152 1518 5230 primo),
1540 5153 1593 5206 in
1620 5146 1901 5221 Olympicis
1928 5158 2035 5248 cer.

407 5277 696 5341 luminibus
715 5314 731 5337 ,
760 5270 883 5325 dum
911 5236 1076 5334 capite
1101 5236 1342 5313 coronam
1364 5258 1587 5322 gestans,
1620 5243 1836 5298 amictus
1858 5236 2010 5303 stola,

628 5335 789 5424 manu
811 5371 982 5417 tenens
1000 5349 1303 5447 a‘gonotheta
1326 5360 1416 5415 per
1434 5335 2015 5447 forumincedimuanta

413 5421 857 5534 sitjranquillitas
875 5460 923 5505 et
946 5421 1221 5507 modestia,
1246 5437 1369 5491 dum
1406 5447 1573 5504 praeco
1600 5441 1720 5482 uoce
1753 5421 2016 5477 denuntiat

416 5568 478 5614 ut
496 5528 677 5615 omnes
705 5549 890 5605 sileant
914 5557 977 5597 ac
1006 5539 1239 5592 decenter
1263 5528 1540 5602 quiescant.

487 5607 1003 5717 [iisispectatoribus
1029 5642 1158 5684 vero
1193 5623 1286 5679 alii
1329 5620 1453 5675 aliis
1495 5612 1713 5670 athletis
1739 5607 2016 5717 furebant,

409 5696 573 5804 ut
587 5696 866 5812 miri—casu
890 5723 1203 5792 contingere
1227 5715 1363 5772 solet
1389 5711 1411 5783 (
1436 5708 1598 5764 Temo
1629 5702 1794 5776 primo
1813 5699 1855 5771 ).
1886 5696 2021 5797 Tota

414 5799 605 5896 autem
634 5837 795 5885 nocte
838 5831 1020 5893 praeco
1044 5807 1332 5869 admodum
1360 5799 1625 5859 sollicitus
1652 5800 1787 5862 erat,
1810 5804 1879 5846 ne
1901 5802 2021 5859 quis

2079 481 2143 522 ex
2173 464 2504 522 certantibus
2529 477 2809 534 egressus,
2848 460 3100 516 indecore
3132 474 3192 514 se
3229 467 3458 530 gereret.
3494 458 3662 529 Magi-

2078 569 2179 613 ster
2215 574 2331 613 vero
2377 556 2522 622 ludi,
2568 556 2741 625 inquit
2767 552 2966 626 (Temo
3014 552 3297 621 secunde),
3333 550 3459 621 foris
3489 550 3659 603 censi-

2079 651 2224 715 dens,
2250 649 2560 704 sermonibus
2584 646 2733 714 affert
2758 645 3028 710 auxilium,
3060 652 3362 712 eatenusque
3399 639 3665 693 dumtaxat

2079 750 2351 794 certantem
2366 741 2516 809 juvat
2534 780 2548 804 ,
2581 746 2822 806 quatenus
2849 732 3299 790 acclamationibus
3327 730 3668 786 sermonibus-

2077 848 2174 903 que
2193 831 2323 885 ualet
2346 846 2365 884 :
2397 847 2555 901 neque
2587 830 2720 885 enim
2746 829 2853 883 ulla
2883 829 2928 882 ei
2962 827 3070 897 lege
3108 825 3414 898 permittitur
3457 824 3667 894 propius

2079 923 2314 977 assistere
2342 932 2387 976 et
2413 922 2642 976 manibus
2652 922 2857 992 juuare.
2883 918 2949 973 In
2983 918 3264 989 Olympicis
3285 914 3665 977 certaminibus,

2078 1014 2152 1068 ait
2181 1014 2305 1081 ille,
2332 1013 2568 1081 luctator,
2609 1012 2787 1082 pugil,
2829 1012 3175 1082 pancratiasta
3208 1005 3417 1061 diversis
3462 1004 3667 1077 quidem

2079 1105 2385 1175 temporibus
2401 1113 2652 1159 certamen
2668 1104 2898 1167 subeunt,
2923 1102 3128 1156 seduno
3151 1097 3391 1169 temporis
3412 1104 3667 1149 momento

2078 1200 2165 1269 qui
2193 1208 2497 1271 superarunt
2521 1214 2694 1254 omnes
2722 1213 2753 1251 a
2777 1210 3010 1268 prtcconc
3035 1195 3244 1248 victores
3273 1189 3667 1263 pronuntiantur

2078 1290 2101 1362 (
2118 1289 2273 1344 Temo
2296 1289 2488 1363 tertio),

2536 1424 2866 1479 Theatrorum
2892 1421 3198 1495 spectacula.

2154 1557 2221 1614 In
2245 1560 2471 1624 theatro,
2502 1559 2669 1628 inquit
2701 1557 2720 1629 (
2748 1557 2906 1613 Temo
2933 1556 3145 1626 septimo
3165 1553 3207 1621 ),
3234 1551 3481 1607 uelamina
3506 1551 3669 1604 multa

2080 1658 2232 1715 sunt,
2269 1650 2515 1719 multique
2551 1650 2737 1704 scenici
2775 1648 2990 1720 ingressi
3017 1645 3366 1701 histrionicum
3397 1643 3589 1698 laruam
3614 1642 3672 1694 in

2080 1742 2224 1797 uultu
2268 1734 2473 1809 habent,
2520 1751 2734 1796 ueterem
2763 1739 2993 1813 fabulam
3032 1745 3273 1800 tractant,
3300 1751 3477 1806 resque
3503 1742 3670 1806 gestas

2080 1846 2327 1903 narrant,
2373 1844 2422 1891 et
2464 1835 2596 1891 alius
2638 1834 2840 1906 quidem
2886 1831 3246 1904 philosophum
3269 1829 3397 1901 agit,
3426 1827 3559 1882 alius
3583 1842 3667 1881 re-

2081 1945 2216 2001 gem,
2243 1938 2348 1985 etc.

2152 2021 2350 2077 Contra
2377 2018 2658 2076 tbeatralia
2683 2031 2814 2074 vero
2842 2013 3147 2089 spectacula
3186 2018 3447 2085 perpetuo
3487 2007 3670 2064 decla-

2083 2120 2193 2167 mat
2214 2112 2662 2184 Chrysostomus;
2686 2117 2742 2167 et
2770 2108 2893 2179 jure
2931 2104 3146 2179 quidem
3167 2144 3184 2172 ,
3221 2118 3326 2159 non
3348 2101 3509 2156 modo
3546 2100 3671 2172 quia

2085 2204 2376 2259 theatrales
2406 2216 2584 2258 scena:
2610 2216 2709 2273 per
2735 2215 2796 2256 se
2813 2199 3150 2269 iuventutem
3177 2194 3245 2250 ad
3266 2193 3482 2250 mollem
3507 2190 3670 2248 vitam

2083 2304 2139 2351 ct
2164 2295 2454 2351 dissolutos
2478 2307 2657 2349 mores
2685 2291 2957 2347 attrahere
2985 2287 3195 2356 solent,
3225 2284 3322 2343 sed
3358 2285 3519 2341 etiam
3549 2282 3672 2356 quia

2086 2396 2213 2443 tunc
2242 2386 2505 2456 temporis
2525 2385 2673 2441 nulla
2699 2384 2754 2440 in
2778 2380 3004 2439 theatris
3027 2388 3145 2437 erat
3169 2376 3389 2450 pudoris
3416 2389 3544 2433 cura
3567 2415 3583 2441 ,
3613 2381 3674 2429 ut

2083 2493 2208 2534 mox
2241 2478 2527 2534 videbitur.
3195 2494 3199 2499 τ

2155 2569 2302 2623 Alius
2319 2569 2520 2639 juvenis
2562 2584 2675 2622 cum
2722 2567 2816 2631 sit,
2839 2565 2912 2621 ait
2942 2564 3031 2620 ille
3064 2562 3263 2636 (Temo
3289 2557 3565 2630 septimo),
3588 2573 3675 2612 co-

2085 2677 2222 2714 mam
2243 2670 2375 2714 retro
2404 2660 2663 2713 reductam
2695 2657 2864 2723 habet,
2890 2666 2936 2710 et
2962 2663 3201 2709 naturam
3225 2652 3392 2722 ipsam
3413 2648 3676 2716 effeminat

2086 2761 2312 2822 aspectu,
2336 2738 2533 2816 habitu,
2562 2747 2888 2814 uestimentis,
2917 2745 3120 2799 demum
3137 2742 3395 2806 omnibus,
3420 2742 3672 2812 formant-

2085 2859 2184 2915 que
2209 2853 2391 2897 tenera:
2414 2841 2600 2914 puella:
2625 2838 2852 2908 affectat.
2884 2837 3029 2892 Alius
3051 2850 3168 2890 vero
3195 2848 3349 2888 senes:
3367 2848 3393 2887 e
3418 2829 3677 2885 contrario

2087 2934 2289 3005 capillis
2317 2933 2564 2988 novacula
2593 2931 2811 2997 abrasis,
2835 2929 3040 2984 renibus
3064 2926 3382 2992 succinctus,
3411 2933 3679 2995 postquam

2089 3025 2336 3097 pudorem
2363 3035 2481 3079 ante
2507 3022 2723 3093 capillos
2746 3020 2981 3086 succidit,
3013 3026 3113 3072 stat
3134 3016 3202 3070 ad
3223 3014 3406 3086 alapas
3425 3013 3680 3083 accipien-

2086 3118 2201 3184 das,
2226 3126 2274 3171 et
2293 3117 2361 3170 ad
2379 3117 2550 3172 omnia
2578 3114 2794 3169 dicenda
2815 3110 3148 3182 faciendaque
3173 3115 3404 3179 paratus.
3437 3102 3680 3159 Mulieres

2088 3220 2255 3265 autem
2285 3209 2421 3264 nudo
2449 3208 2615 3279 capite
2635 3249 2651 3274 ,
2679 3205 2815 3261 omni
2847 3204 2997 3258 misso
3023 3194 3237 3266 rubore,
3266 3205 3404 3253 stant
3434 3194 3681 3266 populum

2088 3302 2418 3374 alloquentes,
2459 3308 2654 3353 tantum
2692 3296 2924 3351 uidelicet
2966 3289 3295 3362 impudentia:
3330 3287 3553 3341 studium
3580 3284 3680 3340 ha-

2088 3392 2279 3459 bentes,
2307 3406 2602 3461 omnemque
2630 3387 2964 3461 petulantiam
2983 3393 3031 3439 et
3047 3381 3307 3438 lasciviam
3322 3381 3374 3433 in
3392 3377 3683 3433 auditorum

2090 3483 2288 3538 animos
2332 3481 2676 3552 infundentes.
2724 3477 2871 3532 Illud
2912 3491 3073 3529 unum
3115 3472 3338 3528 studium
3377 3468 3596 3535 habent,
3624 3477 3682 3522 ut

2091 3575 2371 3629 castitatem
2392 3589 2586 3626 omnem
2609 3569 2851 3624 radicitus
2873 3566 3107 3627 evellant,
3132 3572 3367 3617 naturam
3391 3561 3680 3630 deturpent,

2092 3667 2216 3722 mali
2244 3663 2491 3720 daemonis
2516 3660 2972 3733 concupiscentiam
2992 3655 3248 3726 expleant.
3274 3651 3415 3707 Nam
3435 3651 3515 3705 hic
3534 3651 3684 3705 uerba

2093 3760 2346 3822 obscaena,
2371 3757 2571 3811 habitus
2600 3753 2827 3820 ridiculi,
2850 3762 3061 3806 tonsura
3085 3747 3288 3814 similis,
3321 3747 3564 3810 incessus,
3596 3759 3681 3799 ue-

2094 3851 2262 3914 stitus,
2292 3866 2409 3916 vos,
2437 3848 2774 3903 membrorum
2794 3842 3051 3909 mollities,
3075 3839 3336 3896 oculorum
3359 3836 3683 3901 inversiones,

2096 3942 2284 4010 [istqu
2302 3981 2318 4007 ,
2345 3939 2511 4005 libita,
2539 3939 2773 3993 dramata
2793 3977 2810 4004 ,
2837 3941 3164 4008 argumenta,
3195 3930 3463 4000 omniaque
3485 3926 3690 3983 demum

2097 4042 2333 4087 extrema:
2358 4030 2575 4086 lascivia
2601 4030 2749 4101 plena
2774 4035 2914 4082 sunt.

2172 4125 2230 4180 in
2261 4125 2471 4179 theatro
2506 4122 2643 4177 vides
2669 4119 2929 4174 mulierem
2963 4114 3100 4170 nudo
3146 4113 3311 4183 capite
3355 4125 3472 4165 cum
3518 4109 3689 4179 impu-

2101 4217 2272 4272 dentia
2297 4230 2483 4287 magna
2528 4213 2829 4274 intrantem,
2865 4209 3032 4262 aureis
3078 4206 3309 4260 indutam
3358 4202 3690 4265 uestimentis,

2102 4311 2319 4365 delicato
2373 4305 2613 4376 mollique
2647 4318 2822 4375 gressu
2864 4309 3118 4363 utentem,
3173 4296 3370 4351 cantica
3412 4293 3692 4347 meretricia

2105 4410 2367 4458 canentem
2386 4440 2402 4468 ,
2428 4397 2657 4453 carmina
2705 4394 2896 4449 lubrica
2914 4433 2930 4459 ,
2967 4390 3138 4462 turpia
3165 4388 3313 4443 uerba
3357 4391 3698 4458 proferentent

2106 4494 2290 4568 (Temo
2316 4490 2504 4563 sexto).

2177 4587 2344 4645 Nudas
2367 4586 2528 4643 etiam
2558 4582 2812 4639 mulieres
2855 4580 2907 4636 in
2945 4576 3168 4634 theatris
3211 4571 3593 4645 comparebant
3643 4580 3699 4626 et

2109 4680 2396 4754 aliquando
2422 4686 2671 4734 natantes
2714 4673 2920 4748 (Temo
2946 4673 3160 4743 septimo
3181 4671 3201 4742 )
3222 4686 3237 4726 :
3261 4668 3559 4741 puellaeque
3596 4665 3705 4722 sal-

2113 4787 2290 4833 tantes
2311 4774 2507 4831 ibidem
2538 4772 2846 4829 visebantur
2868 4767 3139 4839 (Ibidem).

2726 4882 3061 4938 Funambuli.

2191 4996 2497 5053 Funambuli
2525 4993 2609 5064 qui
2644 5007 2733 5063 per
2762 4992 2935 5062 funem
2980 4985 3044 5040 ab
3086 4986 3188 5038 imo
3224 4983 3277 5038 in
3304 4981 3465 5036 altum
3510 4990 3706 5032 tensum

2117 5091 2386 5147 ascendere
2407 5104 2467 5141 ac
2497 5083 2797 5140 descendere
2840 5078 3169 5140 meditantur,
3200 5075 3245 5129 si
3293 5070 3565 5143 paululum
3607 5066 3703 5121 de-

2119 5184 2364 5254 flexerunt
2386 5178 2544 5234 oculis
2568 5217 2582 5238 ,
2613 5176 2812 5229 inverso
2837 5185 3048 5239 corpore
3084 5161 3379 5238 deferutitur
3422 5163 3476 5214 in
3527 5159 3707 5213 orche-

2122 5286 2275 5330 stram
2298 5279 2604 5344 pereuntque
2632 5265 2815 5338 (Temo
2839 5262 3022 5332 sexto).

2194 5340 2508 5419 Funambuli
2534 5354 2636 5429 per
2672 5357 2844 5427 funem
2879 5361 3136 5409 extensum
3180 5345 3395 5420 ingressi
3447 5352 3495 5398 et
3534 5340 3711 5395 ambu-

2126 5458 2316 5524 lantes,
2366 5471 2419 5510 se
2462 5449 2737 5507 induebant
2780 5455 2828 5501 et
2866 5444 3143 5508 cauebant,
3191 5449 3451 5508 tamquam
3487 5434 3541 5488 in
3587 5432 3714 5486 lecto

2126 5523 2371 5617 sedentes,
2403 5554 2507 5603 etc.
2534 5542 2721 5614 (Temo
2747 5536 2968 5594 secunde
2995 5543 3044 5592 et
3068 5533 3232 5588 Temo
3258 5523 3605 5596 duodecimo).

2749 5651 3110 5706 Cit-calatores.

2208 5779 2273 5834 in
2299 5774 2552 5832 orchestra
2571 5766 2777 5840 quidam
2809 5761 3039 5819 membris
3063 5766 3116 5813 ut
3136 5756 3233 5812 alis
3255 5745 3717 5819 utebantur(Tome
