4194 6482
528 361 598 415 85

529 470 818 539 secundo):
853 468 1059 538 quidam
1106 465 1159 519 in
1203 459 1334 533 facie
1401 467 1602 515 contum
1654 457 2006 529 imponebant,
2063 464 2110 509 et

532 583 656 636 puer
699 574 845 618 conto
880 560 1143 630 impositus
1180 558 1468 611 innumeros
1512 561 1677 607 motus
1723 550 1899 621 agebat
1929 549 2110 621 (Tomo

529 656 749 713 secundo
776 664 822 709 et
861 652 1017 707 Tomo
1045 646 1402 718 duodecimo).

604 746 825 813 Quidam
847 743 1088 815 perticam
1110 741 1165 795 in
1209 740 1377 809 fronte
1412 744 1662 805 gestantes
1714 734 1844 788 velut
1879 732 2109 787 arborem

530 841 584 892 in
606 847 739 892 terra
767 836 1075 898 radicatam,
1099 832 1173 887 sic
1197 832 1455 884 immotam
1501 835 1815 881 conservant.
1853 823 2030 894 Neque
2057 825 2111 877 id

532 930 697 982 solum
721 923 950 980 mirabile
977 933 1048 977 est
1072 964 1087 989 ,
1106 920 1194 975 sed
1222 920 1355 990 quod
1381 918 1531 971 etiam
1559 913 1796 987 puerulos
1839 930 2020 985 parvos
2056 914 2111 967 in

530 1035 727 1074 summo
754 1018 891 1087 ligno
916 1016 1046 1068 inter
1072 1029 1127 1067 se
1165 1018 1452 1064 concertare
1471 1013 1677 1060 curent:
1697 1020 1759 1058 ac
1799 1019 1955 1072 neque
1997 1019 2110 1056 ma-

532 1124 628 1162 nus
644 1150 657 1173 ,
677 1122 832 1177 neque
868 1105 974 1158 alia
998 1100 1225 1174 corporis
1270 1115 1390 1170 pars
1408 1138 1423 1164 ,
1445 1095 1533 1152 sed
1569 1098 1712 1167 frons
1731 1095 1842 1149 sola
1869 1095 2110 1164 perticam

530 1198 674 1253 illam
700 1199 825 1270 gerit
849 1198 1218 1250 inconcussam.

601 1289 825 1356 Quidam
852 1294 1005 1341 erant
1031 1283 1119 1352 qui
1150 1282 1337 1337 clavos
1371 1276 1711 1334 acutissimus
1751 1275 2106 1346 dcglutircnt,

529 1382 620 1450 qui
674 1380 884 1435 calceos
962 1374 1280 1431 manderent
1326 1380 1380 1426 et
1416 1370 1733 1425 devorarent
1778 1367 1975 1438 (Tomo
2022 1384 2108 1422 se-

529 1471 759 1524 cando).

603 1471 695 1523 udo
747 1508 759 1523 .

603 1466 771 1615 Eralit
811 1558 900 1629 qui
946 1554 1264 1611 hirundines
1313 1549 1754 1615 circumferrent,
1801 1558 1856 1603 et
1894 1546 2112 1617 fuligine

529 1653 743 1710 obducti
763 1693 778 1720 ,
806 1648 1086 1706 maledicta
1130 1649 1184 1702 in
1232 1660 1420 1701 omnes
1448 1642 1745 1713 proferrent
1776 1640 1971 1712 (Tomo
1997 1653 2117 1708 sep-

531 1744 712 1815 timo).

602 1836 771 1890 Erant
798 1833 1013 1905 quidam
1035 1831 1308 1887 moriones
1325 1868 1341 1896 ,
1368 1827 1459 1898 qui
1484 1824 1750 1882 Cordaces
1765 1822 2110 1889 vocabantur,

530 1926 730 1997 quique
768 1935 823 1979 ut
857 1925 1023 1979 risum
1049 1929 1327 1978 moverent
1371 1917 1501 1981 nihil
1528 1931 1633 1972 non
1662 1916 1889 1987 agebant
1920 1912 2113 1984 (Tomo

531 2014 847 2087 undecimo

653 2107 733 2162 De
758 2107 1088 2162 tribunalibus
1112 2114 1160 2161 et
1198 2105 1260 2159 de
1287 2102 1497 2175 judiciis
1515 2110 1666 2172 atque
1692 2100 1974 2170 suppliciis.

600 2196 788 2252 Iudice
818 2198 1105 2270 prodituro,
1135 2205 1192 2250 ut
1220 2196 1273 2249 in
1298 2193 1491 2249 excelso
1514 2190 1757 2246 tribunali
1780 2191 1969 2257 sedeat,
1991 2204 2110 2242 car-

528 2290 657 2344 ceris
686 2292 947 2356 custodes,
976 2289 1198 2343 detentos
1236 2301 1406 2341 omnes
1444 2285 1647 2339 eductos
1673 2283 1929 2337 domicilio
1950 2321 1965 2347 ,
1997 2289 2113 2334 ante

531 2386 781 2441 cancellos
810 2395 854 2439 et
882 2383 1146 2437 tribunalis
1192 2380 1304 2435 vela
1348 2377 1625 2442 collocant,
1667 2374 1925 2443 squalidos
1948 2414 1963 2439 ,
1995 2388 2110 2427 sor-

529 2479 701 2533 dentes
720 2519 735 2545 ,
759 2479 919 2548 passis
946 2475 1145 2547 capillis
1163 2515 1179 2541 ,
1208 2471 1377 2527 scissis
1418 2468 1596 2539 pannis
1632 2468 1858 2534 indutos,
1884 2474 1987 2520 etc.
2019 2463 2103 2536 (Τ.

529 2571 719 2641 primo)
730 2609 743 2621 .

597 2659 897 2716 Sceleribus
918 2656 1132 2712 obnoxii
1178 2664 1233 2710 et
1258 2653 1492 2708 damnati
1546 2650 1612 2705 ad
1663 2657 1890 2704 mortem
1941 2648 2110 2705 duce-

530 2744 747 2810 bantur,
771 2743 899 2798 fune
915 2743 981 2797 ad
1010 2756 1069 2795 os
1091 2741 1302 2809 alligato
1318 2735 1582 2805 (Ibidem).
1608 2733 1708 2806 (De
1726 2731 2009 2788 Theodoro
2025 2735 2108 2801 agi

533 2842 767 2904 putatur,
795 2832 886 2901 qui
926 2830 1257 2902 tyrannidem
1279 2824 1651 2896 alfectaverat.)

603 2922 917 2977 Testamenta
947 2920 1225 2991 tabulaque
1267 2919 1329 2972 de
1371 2917 1595 2988 nuptiis,
1623 2916 1686 2970 de
1729 2915 1908 2970 debitis
1952 2914 2111 2985 deque

529 3015 715 3069 relictis
740 3014 1106 3077 contractibus,
1138 3012 1236 3064 nisi
1260 3012 1313 3064 in
1339 3009 1654 3080 frontispicio
1694 3006 1970 3061 Consulatu
2010 3023 2107 3059 an-

529 3123 622 3162 nos
652 3107 866 3161 habeant
889 3107 1237 3177 prtescriptos,
1290 3103 1485 3158 nullam
1529 3117 1593 3157 ea:
1635 3117 1742 3157 sese
1784 3101 1883 3155 vim
1925 3099 2109 3155 habent

529 3195 714 3269 (Tomo
751 3197 934 3269 sexto).

598 3289 768 3344 Usura
807 3287 1097 3344 centesima
1138 3302 1168 3340 a
1220 3286 1601 3358 Cbrysostomo
1628 3294 1974 3350 memoratur,
2002 3299 2104 3356 qua

526 3381 580 3435 in
607 3378 779 3435 {mnus
806 3379 1166 3448 accipiebant,
1194 3378 1279 3431 illa
1303 3376 1608 3432 conditione
1632 3383 1690 3431 ut
1714 3376 1935 3447 singulis
1956 3390 2106 3431 men-

525 3473 677 3528 sibus
723 3472 1068 3528 centesimam
1111 3477 1316 3540 partem
1355 3467 1660 3536 solverent,
1692 3468 1763 3522 ita
1793 3478 1852 3522 ut
1891 3476 2103 3523 centum

523 3563 727 3619 exactis
754 3562 1028 3619 mensibus
1051 3576 1172 3618 sors
1197 3569 1499 3631 requaretur
1521 3558 1707 3633 (Tomo
1727 3559 1982 3631 septimo).

524 3653 606 3709 De
646 3657 867 3725 nuptiis,
898 3657 1000 3709 sive
1027 3656 1089 3709 de
1118 3656 1293 3709 ritibus
1323 3654 1400 3707 vel
1441 3653 1668 3724 profanis
1704 3653 1781 3707 vel
1819 3652 2009 3706 illicitis
2051 3652 2105 3707 in

1091 3747 1294 3818 nuptias
1312 3746 1536 3800 invectis.

597 3835 800 3892 Nostra:
825 3838 988 3892 cetatis
1014 3837 1238 3893 homines
1257 3839 1310 3892 in
1333 3837 1519 3908 nuptiis
1541 3836 1755 3907 hymnos
1781 3837 1835 3890 in
1871 3834 2105 3888 Venerem

523 3928 758 3983 saltando
778 3939 966 3984 canunt
994 3940 1042 3985 et
1068 3930 1319 3985 adulteria
1346 3931 1508 3985 multa
1526 3972 1542 3996 ,
1570 3938 1617 3984 et
1650 3928 1947 4000 nuptiarum
1993 3929 2103 3982 vio-

524 4020 765 4085 lationes,
789 4030 836 4073 et
874 4021 1160 4092 illegitimos
1205 4037 1436 4087 amores,
1467 4021 1767 4091 illicitosque
1812 4020 1973 4073 coitus
1995 4061 2010 4086 ,
2060 4028 2106 4074 et

523 4111 631 4166 alia
683 4110 905 4183 plurima
949 4112 1221 4182 impietatis
1273 4122 1321 4168 et
1358 4113 1648 4184 ignominiae
1675 4112 1870 4166 cantica
1900 4113 1918 4172 l
1944 4110 2105 4167 Temo

486 4216 493 4225 '
520 4201 670 4256 tertio
688 4199 731 4272 ).

490 4326 510 4415 l

595 4292 653 4348 In
679 4292 746 4347 iis
774 4307 892 4363 quae
918 4294 1128 4364 nuptias
1149 4293 1537 4351 contrahebant
1561 4293 1739 4350 fucum
1757 4303 1813 4350 et
1841 4296 2104 4365 pigmenta

522 4384 790 4455 superﬂua
842 4386 946 4441 alia
998 4387 1386 4443 adhibebantur
1422 4387 1608 4459 (Tomo
1635 4385 1870 4454 decimo).
1899 4385 2103 4456 Sponsa

523 4493 652 4534 vero
675 4493 706 4533 a
735 4479 861 4534 viris
890 4480 1052 4537 ebriis
1092 4496 1188 4551 per
1214 4480 1400 4536 urbem
1439 4492 1494 4536 et
1519 4480 1692 4536 forum
1742 4482 1904 4536 etiam
1945 4488 2102 4534 noctu

523 4566 886 4622 adducebatur
901 4584 1020 4623 cum
1053 4571 1273 4640 impuris
1288 4571 1508 4625 canticis
1524 4579 1576 4625 et
1591 4570 1904 4641 symphonia
1923 4570 2105 4642 (Tomo

523 4655 859 4729 undecimo).
908 4657 1215 4717 Meretriccs
1264 4661 1422 4716 etiam
1456 4661 1849 4716 advocabuntur
1891 4662 1957 4716 ad
2004 4679 2105 4716 nu-

524 4746 693 4815 ptias;
751 4748 982 4819 itemque
1039 4752 1212 4818 tibiae,
1259 4750 1499 4821 cymbala
1553 4759 1607 4806 et
1665 4751 1915 4824 cborca:(
1946 4752 2104 4810 Temo

523 4836 731 4910 primo).

521 4924 839 5000 Prtestigiaz,
893 4930 1291 4997 incantationes,
1352 4932 1628 5001 ligamina,
1700 4936 2099 5005 superstitiones.

593 5019 676 5075 Ex
719 5021 1160 5091 frequentissimis
1197 5021 1565 5093 Cbrysostomi
1608 5023 1763 5080 dictis
1800 5034 1856 5081 et
1889 5028 2104 5083 monitis

524 5111 697 5179 palam
736 5123 820 5167 est
849 5113 1027 5167 omnia
1056 5112 1443 5183 prteSIigiarum
1487 5130 1683 5184 genera
1731 5116 2016 5175 admodum
2047 5119 2099 5175 in

524 5218 621 5257 usu
650 5202 813 5258 fuisse
838 5220 953 5258 {evo
977 5220 1074 5259 suo
1106 5214 1214 5259 tum
1236 5205 1530 5263 Antiochia:
1570 5217 1683 5262 tum
1731 5209 2104 5268 Consmntino—

523 5295 667 5363 poli,
699 5311 817 5365 qua:
849 5295 931 5349 bis
958 5296 1136 5350 verbis
1175 5306 1422 5354 recenset
1446 5298 1536 5355 ille
1560 5301 1755 5357 Homil.
1803 5302 2008 5359 decima
2047 5304 2099 5360 in

523 5387 812 5458 Epistulam
850 5389 901 5443 1.
930 5386 997 5441 ad
1024 5388 1389 5446 Timotheum:
1416 5390 1532 5447 Alia
1553 5394 1683 5448 enim
1707 5395 1848 5449 mitto
1865 5397 2104 5466 lacrgmis

523 5481 678 5551 digna
696 5519 714 5547 ,
744 5490 797 5533 ut
835 5479 1082 5548 auguria,
1113 5480 1346 5535 vaticinia
1365 5521 1382 5547 ,
1423 5483 1789 5540 observationes
1808 5527 1823 5551 ,
1862 5502 2064 5557 geneses
2084 5528 2100 5552 ,

522 5569 785 5642 symbolo,
822 5568 1095 5638 ligamina,
1139 5572 1499 5641 divinationes,
1549 5576 1943 5646 incantationes,
1988 5595 2103 5632 nta-

524 5663 661 5731 gicas
693 5669 826 5715 artes
852 5658 1031 5728 (Tomo
1060 5664 1366 5737 undecimo).

594 5751 1037 5811 lncantationibus
1061 5766 1113 5812 et
1136 5757 1468 5829 ligaminibus
1491 5770 1615 5817 tunc
1642 5762 1790 5819 multi
1818 5764 2101 5821 utebantur

1840 339 2175 398 SYNOPSIS
2215 344 2451 402 EORUM

3720 356 3798 416 86

2216 455 2284 510 ad
2327 456 2545 514 morbos
2584 460 2850 518 curandos
2879 462 2899 533 (
2928 461 3086 518 Tomo
3105 463 3327 535 primo).
3350 466 3429 522 De
3475 467 3789 539 quibusdam

2214 557 2374 612 etiam
2402 559 2511 629 agit
2535 560 2948 632 Cbrysostomus
2983 562 3162 635 (Tomo
3192 564 3511 635 undecimo),
3537 566 3626 635 qui
3664 582 3786 622 car-

2215 646 2359 703 mina
2383 658 2438 703 et
2454 649 2709 720 ligaturas
2734 654 3059 724 usurpabant
3094 653 3163 709 ad
3191 655 3405 710 tutelam
3425 698 3443 722 ,
3464 657 3661 727 quique
3697 673 3790 713 au-

2215 755 2306 794 rea
2330 741 2618 797 Alexandri
2652 745 2967 799 numismata
3003 747 3162 816 capiti
3193 747 3275 801 vel
3302 746 3525 817 pedibus
3566 749 3790 804 circum-

2215 830 2445 900 ligabant
2459 832 2639 902 (Tomo
2657 833 2922 905 secundo).
2943 834 3110 891 Erant
3127 836 3288 892 etiam
3308 838 3396 908 qui
3416 837 3485 892 ad
3504 853 3789 909 puerorum

2215 922 2433 976 tutelam
2487 923 2769 994 ligamina,
2810 925 3132 994 crepitacula
3175 935 3231 981 et
3266 928 3498 982 stamina
3542 928 3793 984 coccinea

2214 1015 2458 1070 manibus
2495 1016 2730 1086 ipsorum
2756 1018 3121 1087 appenderent
3150 1017 3333 1091 (Tomo
3358 1019 3597 1089 decimo).
3632 1021 3792 1077 Aliud

2216 1105 2411 1161 ibidem
2439 1105 2604 1162 refert
2649 1108 3043 1177 superstitionis
3079 1123 3281 1179 genus:
3309 1108 3496 1163 Lutum
3524 1111 3757 1167 mulieres
3777 1154 3793 1175 .

2215 1198 2415 1268 inquit,
2448 1198 2501 1252 in
2530 1199 2706 1254 balneo
2757 1199 3085 1270 accipientes,
3131 1201 3349 1255 nutrices
3391 1218 3588 1272 quoque
3625 1211 3674 1256 et
3701 1217 3796 1258 an-

2213 1292 2346 1346 cilla:
2384 1292 2542 1363 digito
2580 1292 2859 1363 tingentes,
2890 1293 2943 1346 in
2977 1292 3123 1363 pueri
3165 1294 3329 1362 fronte
3354 1294 3668 1365 imprimunt.
3723 1294 3796 1350 Et

2213 1381 2259 1434 si
2305 1381 2418 1449 quis
2463 1382 2768 1453 interroget,
2815 1382 2953 1447 Quid
2992 1381 3088 1437 sibi
3129 1383 3234 1436 vult
3276 1383 3474 1450 lutum,
3520 1384 3645 1453 quid
3694 1400 3792 1439 cae-

2215 1474 2377 1525 num?
2400 1472 2599 1526 Malum
2639 1473 2817 1527 avertit
2844 1474 3081 1540 oculum,
3118 1473 3380 1543 inquiunt,
3407 1474 3707 1545 livoremqus
3747 1486 3802 1532 et

2213 1563 2474 1617 invidiam.

2286 1653 2420 1708 Alia:
2444 1654 2657 1709 nomina
2680 1653 2961 1709 ﬂuviorum
2979 1653 3244 1723 descripta
3259 1655 3503 1712 manibus
3518 1656 3797 1713 infantium

2214 1744 2580 1813 apponebant;
2610 1744 2729 1799 alite
2760 1745 2995 1800 cinerem
3017 1785 3032 1811 ,
3066 1744 3337 1816 fuliginem
3367 1754 3421 1801 et
3446 1746 3585 1802 sales
3637 1748 3798 1804 adhi—

2216 1834 2418 1890 hebant
2445 1845 2501 1890 ut
2523 1835 2719 1889 malum
2739 1836 2952 1891 oculum
2982 1845 3302 1891 averterent.

2285 1926 2678 1996 Praestigiarum
2704 1940 2902 1996 genera
2922 1926 3101 1980 omnia
3129 1934 3255 1981 tunc
3280 1926 3556 1996 vigebant,
3585 1927 3800 1985 dierum

2213 2017 2610 2074 observationes
2630 2060 2646 2086 ,
2671 2019 2891 2088 auguria
2911 2059 2927 2084 ,
2959 2018 3213 2073 veneficia
3234 2058 3252 2083 ,
3285 2028 3459 2075 sortes
3477 2060 3492 2083 ,
3515 2021 3752 2088 auspicia
3779 2061 3797 2084 ,

2213 2109 2411 2174 omina;
2435 2123 2642 2164 necnon
2670 2108 2762 2163 fati
2785 2109 3063 2178 opiniones
3084 2106 3265 2176 (Tomo
3290 2106 3598 2178 undecimo).
3628 2108 3701 2164 De
3726 2109 3800 2163 iis

2213 2214 2341 2254 vero
2369 2201 2457 2270 qui
2507 2199 2775 2254 ominibus
2827 2209 2883 2253 et
2925 2197 3036 2253 fato
3073 2198 3237 2253 dediti
3279 2206 3435 2252 erant
3469 2197 3585 2254 haec
3628 2196 3804 2254 refert

2212 2291 2625 2362 Chrysostomus
2667 2289 2842 2359 (Ibid.
2886 2287 2929 2361 ).
2972 2288 3153 2343 Multis
3194 2288 3467 2344 terroribus
3514 2289 3665 2360 plena
3719 2300 3802 2344 est

2212 2397 2386 2435 eorum
2429 2381 2711 2445 anima;ut
2762 2389 2920 2451 puta:
2949 2379 3032 2434 hic
3059 2388 3148 2433 aut
3186 2379 3271 2433 ille
3299 2379 3492 2449 primus
3540 2379 3663 2432 mihi
3704 2397 3803 2433 oc-

2211 2471 2370 2525 currit
2397 2471 2546 2525 domo
2573 2472 2806 2538 exeunti,
2845 2470 3048 2524 omnino
3080 2470 3367 2540 contingere
3412 2470 3539 2523 mihi
3588 2480 3791 2540 oportet

2211 2565 2348 2618 ntala
2398 2564 2801 2619 innumerabilia.
2854 2562 3009 2617 Nunc
3059 2579 3227 2617 servus
3278 2563 3619 2617 emsecrandus
3665 2562 3804 2617 dans

2214 2655 2341 2709 mihi
2366 2654 2560 2710 calceos
2579 2696 2594 2720 ,
2626 2655 2843 2726 primunt
2884 2656 3107 2724 porrexit
3134 2662 3327 2724 portent
3353 2655 3645 2708 sinistram:
3671 2672 3802 2726 gra-

2210 2761 2291 2800 ves
2314 2747 2660 2817 signiﬁcantur
2682 2746 2994 2799 calamitates
3017 2754 3063 2799 et
3082 2744 3417 2798 contumeliae.
3442 2742 3556 2814 Ego
3597 2760 3803 2816 quoque

2210 2838 2379 2893 exiens
2397 2838 2597 2891 sinistro
2623 2837 2780 2907 priori
2826 2836 3041 2905 processi
3070 2836 3194 2904 pede
3220 2850 3237 2888 :
3267 2835 3362 2889 hoc
3398 2851 3591 2905 quoque
3632 2837 3805 2890 estsi-

2209 2946 2362 2998 gnunt
2381 2926 2817 2982 calamitatum.Et
2834 2925 2940 2981 hinc
2953 2924 3154 2998 quidem
3174 2924 3312 2979 domi
3326 2934 3443 2978 sunt
3461 2925 3598 2977 mala
3613 2941 3631 2978 :
3648 2927 3795 2995 foras

2208 3030 2374 3075 autem
2420 3035 2615 3092 egresso
2639 3020 2811 3074 dexter
2834 3019 3009 3073 oculus
3047 3017 3171 3072 mihi
3196 3018 3392 3086 inferne
3417 3017 3534 3071 salit
3557 3033 3576 3070 :
3598 3017 3692 3070 hoc
3719 3026 3797 3071 est

2207 3110 2451 3164 indicium
2473 3109 2832 3179 lacrymarum.
2866 3106 3106 3163 Mulieres
3133 3108 3335 3176 quando
3379 3115 3562 3160 sonant
3602 3107 3788 3161 calami

2207 3199 2276 3253 ad
2300 3208 2508 3253 textura:
2531 3208 2665 3252 recta
2693 3199 2829 3269 ligna
2877 3198 3015 3251 allisi
3032 3240 3048 3265 ,
3071 3199 3147 3252 vel
3174 3214 3289 3251 cum
3315 3197 3441 3268 ipsa:
3460 3197 3653 3267 pectine
3682 3198 3789 3251 dis-

2207 3289 2507 3355 criminant,
2539 3290 2634 3342 hoc
2654 3305 2746 3359 pro
2768 3288 2916 3358 signo
2943 3287 3146 3342 habent.
3193 3286 3392 3341 Rursus
3419 3287 3622 3358 quando
3668 3287 3790 3340 sub-

2209 3391 2404 3453 tegmen
2431 3381 2625 3449 pectine
2644 3381 2967 3446 concutiunt,
2990 3389 3037 3433 et
3084 3379 3139 3433 id
3177 3378 3371 3449 faciunt
3420 3378 3793 3443 vehementius;

2208 3473 2389 3529 deinde
2405 3474 2492 3545 qui
2516 3481 2632 3529 sunt
2650 3490 2866 3545 superne
2888 3471 3074 3526 calami
3093 3470 3154 3525 ob
3179 3470 3429 3525 intensum
3455 3470 3610 3524 ictum
3633 3470 3791 3525 edunt

2206 3568 2467 3638 strepitum
2490 3608 2504 3633 ,
2528 3566 2664 3620 allisi
2684 3566 2752 3620 ad
2773 3574 2960 3621 rectunt
2987 3573 3199 3618 textura:
3226 3563 3416 3634 lignum
3438 3603 3454 3628 ,
3484 3565 3580 3616 hoc
3600 3563 3786 3617 habent

2209 3675 2300 3727 pro
2325 3659 2488 3730 signo.
2514 3656 2581 3711 Et
2608 3658 2713 3711 alia
2747 3654 3136 3710 innumerabilia
3160 3653 3315 3723 digna
3355 3668 3468 3721 qua:
3502 3651 3793 3707 videantur.

2207 3748 2274 3805 Et
2305 3751 2349 3802 si
2378 3748 2553 3802 asinus
2578 3747 2959 3810 exclamauerit,
2989 3754 3036 3799 et
3054 3745 3100 3799 si
3124 3745 3319 3815 gallus,
3348 3754 3395 3797 et
3413 3743 3459 3798 si
3501 3744 3612 3813 quis
3654 3754 3789 3799 ster-

2208 3842 2457 3893 nutaverit
2475 3880 2490 3903 ,
2521 3846 2567 3893 et
2589 3838 2797 3908 quodvis
2817 3838 2990 3903 aliud,
3016 3846 3274 3906 tamquam
3296 3836 3457 3892 decies
3497 3839 3636 3892 mille
3671 3837 3784 3892 vin-

2208 3931 2275 3983 cti
2312 3929 2522 3984 vinculis
2540 3968 2555 3993 ,
2580 3938 2833 3999 tamquam
2858 3929 2943 3999 qui
2967 3936 3231 3982 teneantur
3260 3928 3315 3982 in
3339 3927 3583 3994 tenebris,
3616 3930 3790 3983 omnia

2209 4022 2390 4075 habent
2413 4031 2643 4091 suspecta
2661 4061 2677 4089 ,
2709 4032 2754 4075 et
2777 4029 2893 4075 sunt
2921 4021 3083 4091 magis
3119 4019 3323 4074 serviles
3346 4034 3500 4088 quam
3522 4019 3792 4074 innumera

2209 4129 2481 4182 mancipia.

2279 4203 2369 4256 Ait
2418 4217 2545 4256 vero
2599 4201 3009 4271 Chrysosmmus
3053 4198 3470 4271 praestigiatores
3526 4199 3787 4270 quosdam

2210 4309 2308 4350 suo
2335 4301 2572 4364 tempore
2597 4292 2760 4349 fuisse
2789 4292 2880 4363 qui
2903 4293 3050 4362 signa
3078 4290 3315 4346 facerent
3331 4288 3419 4361 (Τ.
3442 4289 3787 4363 duodecimo).

2886 4382 3113 4437 Funera.

2284 4477 2558 4541 Parentes,
2582 4474 2772 4531 fratres
2795 4482 2850 4531 et
2861 4474 3240 4544 consanguinei
3256 4471 3638 4529 decedentibus
3661 4488 3792 4528 ocu-

2210 4571 2290 4624 los
2340 4568 2655 4625 claudebant
2696 4577 2747 4624 et
2790 4582 2853 4623 os
2881 4566 3273 4635 componebant
3313 4564 3497 4636 (Tomo
3520 4565 3789 4636 secundo).

2208 4662 2376 4717 Nemo
2438 4662 2490 4715 in
2561 4660 2692 4715 urbe
2749 4659 3050 4728 sepulcrum
3120 4656 3459 4712 construebat
3483 4696 3497 4719 ,
3554 4656 3781 4725 ideoque

2207 4754 2575 4811 defunctorum
2601 4765 2824 4823 corpora
2853 4759 3003 4805 extra
3025 4748 3211 4804 urbem
3234 4746 3544 4819 sepelienda
3589 4763 3786 4817 expor-

2208 4848 2473 4908 tabantur,
2503 4845 2591 4915 qui
2620 4859 2735 4898 mos
2773 4841 3023 4911 antiquus
3051 4849 3200 4907 erat,
3230 4837 3328 4894 sed
3373 4852 3517 4907 saepe
3563 4837 3789 4893 violatus

2210 4938 2380 4994 fuerat
2410 4935 2592 5008 (Tomo
2616 4933 2878 5006 septimo).

2280 5029 2500 5084 Pullulat
2524 5041 2619 5081 seu
2647 5026 2811 5094 nigra:
2835 5031 3012 5078 vestes
3033 5021 3088 5076 in
3136 5019 3411 5075 funeribus
3455 5017 3786 5074 adhibeban-

2209 5132 2294 5177 tur
2342 5120 2543 5190 (Tomo
2588 5114 2808 5186 sexto);
2858 5130 3016 5185 quam
3080 5129 3193 5168 rem
3237 5110 3540 5181 improbare
3576 5110 3786 5165 videtur

2209 5214 2620 5285 Cbrysostomus
2641 5208 2658 5279 (
2676 5207 2836 5261 Tomo
2858 5204 3176 5275 undecimo).
3193 5202 3320 5257 Cum
3343 5218 3525 5270 corpus
3552 5199 3784 5268 eﬂertur,

2210 5307 2381 5377 inquit
2407 5304 2494 5359 ille
2510 5345 2524 5368 ,
2550 5301 2850 5356 adhibentur
2871 5298 3104 5369 planctus
3120 5338 3135 5363 ,
3159 5297 3378 5367 ejulatus
3397 5295 3593 5360 insani,
3625 5291 3782 5347 stulta

2208 5401 2261 5453 in
2291 5397 2561 5469 sepulturis
2592 5393 2842 5456 admissa,
2867 5391 3002 5444 circa
3030 5396 3351 5443 monumenta
3363 5386 3585 5442 studium
3610 5387 3786 5439 intem-

2210 5491 2451 5561 pestivum
2470 5529 2487 5556 ,
2518 5496 2565 5542 et
2593 5483 2862 5539 ridiculum
2891 5482 3210 5553 prw/icarum
3237 5494 3417 5549 agmen
3435 5517 3451 5543 ,
3479 5476 3677 5531 dierum
3700 5474 3786 5528 ob-

2209 5580 2424 5637 servatio
2444 5619 2460 5647 ,
2481 5594 2674 5632 necnon
2699 5576 2952 5646 ingressus
2997 5581 3043 5626 et
3071 5586 3294 5642 egressus
3335 5569 3522 5640 (Tomo
3547 5563 3782 5635 decimo).

2282 5675 2357 5729 De
2380 5671 2709 5744 publicarum
2755 5664 3214 5734 cboris,quarum
3262 5660 3505 5733 quredam
3558 5658 3789 5730 gentiles

2210 5773 2401 5832 erant,
2446 5758 2744 5833 saepissime
2789 5757 2897 5830 agit
2942 5757 3391 5828 Cbrysostomus,
3418 5752 3633 5822 vultque
3670 5749 3791 5804 illas
