4194 6470
397 385 464 438 37
1416 369 1577 438 011.1".
1622 371 1690 424 IN
1730 371 1882 424 ore.
1923 368 2174 426 (:nnrs.
2217 366 2764 427 ousanvsurun.
3651 388 3720 442 88

399 505 626 560 omnino
655 500 993 557 aluueribns
1043 513 1254 564 arceri,
1304 505 1358 552 et
1405 495 1736 553 moderatius
1770 491 2014 561 lugubria

398 602 594 652 Inuera
622 594 860 667 persolvi
881 592 1070 664 (Temo
1098 589 1440 661 duodecimo).
1461 590 1771 658 Lugeamus,
1797 587 1872 639 ait
1905 585 2012 650 ille,

396 691 489 748 sed
523 707 629 744 non
659 689 901 742 vellentes
945 685 1165 755 capillos
1185 726 1198 749 ,
1228 700 1329 737 non
1359 682 1568 736 brachia
1616 679 1886 743 nudantes,
1916 693 2016 730 non

398 785 685 838 lacerantes
717 781 922 851 facient,
952 796 1055 833 non
1079 778 1246 849 pullas
1273 787 1428 831 vestes
1455 775 1742 829 induentes.

478 873 710 942 Quidam
728 873 893 926 etiam
923 880 1110 936 erant,
1140 870 1229 940 qui
1255 871 1307 924 in
1340 868 1615 923 funeribus
1645 874 1805 936 caput
1832 865 2017 919 cinere

410 972 847 1036 conspergcrent.

795 1094 1008 1149 Viarum
1035 1093 1354 1164 publicarum
1383 1089 1636 1144 custodia.

476 1232 677 1288 Eadem
698 1230 948 1285 distantia
971 1229 1198 1283 locorum
1218 1269 1230 1293 ,
1257 1241 1372 1298 qua:
1398 1226 1520 1279 olim
1552 1234 1672 1278 tunc
1705 1234 1810 1279 erat
1831 1264 1846 1289 ,
1879 1237 2016 1276 nunc

398 1330 557 1384 etiam
613 1337 719 1392 est;
750 1324 948 1379 itineris
986 1339 1102 1378 rere
1154 1322 1376 1376 conditio
1426 1337 1526 1374 non
1561 1319 1737 1374 eadem
1772 1329 1872 1385 est,
1903 1333 2018 1389 qua:

397 1423 525 1476 olim
547 1419 712 1494 fuisse
729 1417 976 1472 creditur.
1018 1414 1175 1468 Nunc
1203 1415 1338 1467 enim
1367 1411 1714 1466 mansionibus
1761 1411 2016 1481 perpetuis

398 1513 702 1566 distinctum
718 1518 791 1564 est
821 1509 938 1570 iter,
965 1516 1014 1559 et
1036 1504 1241 1559 urbibus
1261 1521 1321 1558 ac
1337 1504 1472 1558 villis
1499 1504 1843 1575 frequentibus
1864 1518 2016 1555 orna.

398 1613 545 1669 tum,
583 1604 904 1667 viatoresque
937 1597 1186 1670 plurimos
1208 1595 1475 1664 offendunt
1496 1635 1512 1662 ,
1545 1595 1634 1666 qui
1680 1595 1804 1648 illuc
1852 1595 2015 1664 proﬁ-

395 1697 688 1760 ciscuntur,
742 1692 879 1763 quod
919 1709 1022 1745 non
1089 1691 1257 1743 minus
1300 1688 1368 1742 ad
1415 1687 1700 1742 securitatis
1767 1688 2015 1740 rationem

398 1790 538 1843 valet
562 1829 578 1853 ,
610 1803 766 1858 quam
823 1784 1148 1849 mansiones,
1182 1783 1329 1836 urbes
1369 1791 1520 1853 atque
1573 1779 1727 1834 rillar.
1758 1778 2016 1833 Prwterea

397 1903 464 1940 ea:
490 1882 760 1956 provincia
781 1881 1044 1934 civitatum
1069 1877 1324 1948 principes
1366 1875 1596 1946 deligunt
1637 1875 1800 1940 viros,
1833 1889 2019 1940 corpe-

397 1978 473 2032 ris
505 1974 862 2046 magnitudine
889 1980 936 2025 et
967 1969 1147 2024 robore
1171 1968 1366 2022 cunctis
1410 1967 1775 2037 prtecellentes,
1800 1965 2014 2037 jaculo-

397 2085 499 2137 que
527 2081 575 2121 et
604 2066 771 2139 [unda
805 2074 1007 2118 tentant
1054 2061 1309 2127 valentes,
1340 2068 1587 2131 quantum
1639 2058 1717 2112 vel
1765 2055 2017 2127 sagittarii

398 2160 636 2233 sagittis,
664 2175 750 2213 rer
779 2156 968 2210 armati
1004 2155 1126 2227 pilis
1155 2169 1174 2208 :
1208 2153 1507 2222 statutisque
1546 2150 1790 2216 ducibus,
1835 2150 2015 2219 quibus

399 2255 478 2307 illi
524 2252 906 2321 obtemperent,
955 2247 1052 2301 hoc
1098 2247 1172 2301 eis
1218 2246 1426 2299 unicum
1472 2243 1746 2313 injungunt
1795 2255 2011 2305 manus,

400 2347 667 2415 solamque
707 2342 904 2396 itineris
958 2339 1132 2394 tuendi
1163 2354 1340 2392 curam
1369 2338 1754 2406 custodiamque
1807 2333 2014 2406 permit-

402 2450 534 2494 tunt.
563 2437 646 2492 Ad
673 2439 782 2491 hac
803 2436 961 2489 aliam
984 2434 1132 2505 longe
1155 2433 1235 2487 Itis
1263 2433 1494 2486 omnibus
1525 2431 1894 2502 diligentiore»:
1923 2445 2012 2482 cu-

402 2550 514 2587 ram
565 2531 948 2599 excogitarunt.
979 2525 1295 2580 Ilabitacula
1334 2524 1468 2577 enim
1504 2523 1644 2577 mille
1673 2522 1906 2595 passibus
1949 2520 2012 2574 ab

398 2626 618 2680 invicem
651 2621 901 2676 distantia
922 2621 976 2673 in
996 2621 1179 2673 itinere
1223 2627 1327 2672 toto
1359 2617 1695 2690 fabricantes,
1742 2623 2014 2670 nocturnos

398 2718 507 2770 illic
536 2727 761 2770 statuere
807 2712 1077 2779 custodes,
1109 2727 1199 2782 per
1223 2710 1434 2764 illorum
1481 2707 1680 2762 labores
1729 2717 1774 2761 et
1814 2708 2014 2779 vigilias

397 2812 682 2866 snaximum
709 2818 892 2864 contra
919 2809 1180 2862 latronum
1208 2807 1426 2878 impetus
1453 2805 1712 2859 munimen
1739 2805 2015 2859 viatoribus

396 2904 762 2959 constituentes
785 2899 972 2974 (Tento
992 2899 1204 2972 primo).

1038 3058 1388 3114 Miscellanea.

467 3223 766 3288 Kalendae,
809 3236 904 3277 seu
950 3219 1161 3276 initium
1207 3219 1370 3286 anni,
1426 3218 1506 3276 sic
1559 3220 1818 3275 celebrari
1868 3219 2012 3275 sole.

395 3319 525 3374 baut
548 3316 598 3391 (l
607 3317 838 3386 bidem):
866 3315 1321 3385 pernoctationes,
1349 3313 1738 3381 cavillationes,
1767 3313 2010 3368 convicia

399 3422 455 3467 et
509 3410 836 3466 saltationes
898 3417 1213 3472 nocturnae,
1262 3406 1437 3460 forum
1488 3406 1869 3472 coronabatur,
1900 3413 2006 3460 etc.

466 3500 798 3558 Autiocbeui
857 3508 1148 3571 postquam
1198 3497 1565 3554 Theodosium
1623 3497 2007 3568 Imperatorem

393 3593 868 3666 placaverant,in
897 3592 1100 3647 latitia:
1143 3593 1355 3662 signum
1411 3589 1588 3645 forum
1641 3599 2006 3658 coronarunt,

389 3691 646 3745 lucernas
675 3686 1047 3742 accenderunt
1078 3726 1092 3750 ,
1119 3695 1172 3740 et
1198 3685 1369 3739 lectos
1397 3699 1490 3739 seu
1524 3683 1857 3739 lectisternia
1885 3692 2010 3738 ante

389 3781 644 3841 ofﬁcinas
679 3788 977 3852 posuerunt
1015 3778 1198 3851 (Temo
1222 3778 1490 3851 secundo).

461 3875 699 3944 Quidam
744 3883 1096 3930 externorum
1135 3881 1417 3928 oratorum
1465 3887 1532 3928 ex
1576 3870 1808 3941 quadam
1847 3870 2007 3926 stulta

387 3966 791 4023 consuetudine
845 3964 1132 4020 dexterum
1197 3963 1378 4018 eundo
1437 3963 1721 4018 humerum
1793 3962 2010 4019 assidue

386 4060 649 4117 movebat
676 4057 973 4131 (Ibidem);
1008 4055 1106 4112 sed
1133 4055 1576 4112 consuetudinem
1615 4058 1777 4126 vicit,
1811 4068 1865 4112 et
1892 4058 2010 4128 gla-

385 4153 511 4210 dios
531 4161 725 4208 acutos
754 4152 1026 4221 utrimque
1085 4148 1324 4206 humeris
1373 4149 1629 4220 imposuit
1648 4192 1664 4217 ,
1690 4159 1748 4204 ut
1772 4151 2010 4207 vulneris

387 4248 593 4304 timore
641 4245 949 4301 membrum
995 4246 1180 4316 inepte
1229 4259 1290 4298 se
1334 4258 1558 4300 movens
1587 4245 1902 4315 corrigeret.

461 4342 683 4400 Leoues
702 4341 890 4397 ovibus
913 4339 1312 4396 mansuetiores
1333 4353 1430 4410 per
1445 4337 1620 4395 forum
1651 4339 2004 4410 ducebantur,

2125 503 2179 548 et
2225 495 2375 549 multi
2414 496 2464 552 in
2493 495 2724 552 ofﬁcinis
2749 496 3028 568 pecuniam
3059 513 3244 554 eorum
3275 500 3480 556 custodi
3527 519 3713 559 nume-

2124 586 2334 654 rabant,
2367 589 2455 657 qui
2487 589 2740 644 custodes
2766 589 2992 644 multum
3017 588 3143 644 hinc
3170 591 3514 648 lucrabantur
3535 593 3717 657 (Temo

2122 691 2304 752 quarto
2332 690 2377 733 et
2402 679 2561 735 Temo
2587 679 2766 754 neno).

2196 771 2251 828 lu
2279 773 2420 843 agris
2449 774 2660 827 termini
2695 773 3065 846 columnasque
3091 789 3200 830 non
3235 774 3415 830 sinunt
3439 791 3570 830 arva
3593 793 3723 832 con-

2125 867 2270 920 fundi
2303 866 2486 938 (Tento
2511 866 2698 938 sexto).

2194 959 2310 1016 Ursi
2337 961 2494 1014 etiam
2524 970 2576 1015 et
2612 976 2750 1016 nrsm
2780 961 2847 1016 ab
2876 962 3225 1016 Antiochenis
3261 963 3405 1018 domt
3434 966 3722 1020 servaban-

2124 1059 2211 1107 tur
2245 1051 2436 1122 (Temo
2461 1053 2728 1125 srp'imo).
2764 1053 2824 1109 Si
2863 1070 2983 1108 ursa
3036 1055 3170 1109 clam
3214 1058 3498 1127 aufugerit,
3545 1058 3724 1112 domos

2123 1145 2427 1212 claudimus,
2471 1161 2559 1214 per
2580 1146 2712 1200 vices
2753 1146 3022 1212 currimus,
3061 1163 3122 1200 ne
3162 1148 3212 1200 in
3257 1164 3367 1200 eam
3416 1148 3724 1204 incidamus.

2194 1237 2373 1292 Studia
2401 1239 2713 1308 quindecim
2738 1248 2863 1292 sunt
2887 1239 3130 1294 milliaria
3163 1239 3469 1312 dno(Tome
3499 1244 3721 1312 octavo).

2195 1331 2467 1400 Pauperes
2493 1333 2707 1403 quidam
2736 1333 2873 1388 ﬁlios
2899 1347 3024 1388 suos
3055 1334 3420 1399 exca'cabant,
3445 1343 3500 1388 ut
3524 1336 3724 1406 largio-

2123 1438 2237 1478 rem
2267 1425 2459 1494 stipem
2508 1433 2785 1495 cogerent.
2835 1425 2939 1479 Alii
2979 1441 3101 1479 cum
3135 1426 3266 1480 nihil
3297 1427 3528 1497 petendo
3551 1428 3722 1497 impe-

2125 1524 2368 1586 trarent,
2411 1517 2590 1572 missis
2637 1517 3135 1588 supplicationibus,
3167 1518 3484 1573 detritornm
3514 1521 3726 1576 calceo-

2123 1625 2242 1664 rum
2273 1611 2416 1664 coria
2455 1610 2820 1676 mandebaut;
2853 1610 2943 1664 alii
2983 1619 3167 1666 acutos
3203 1609 3382 1664 clavos
3408 1612 3568 1682 capiti
3599 1613 3725 1666 inti-

2122 1703 2352 1773 gebant;
2404 1703 2494 1757 alii
2541 1704 2592 1758 in
2644 1703 2796 1773 aquis
2851 1703 2971 1772 gelu
3029 1703 3297 1758 concretis
3345 1703 3488 1758 nudo
3539 1715 3725 1760 ventre

2126 1796 2572 1861 immorabantur,
2612 1805 2668 1852 et
2697 1796 2800 1851 illis
2826 1795 3149 1866 spectaculis
3175 1795 3436 1866 majorem
3465 1797 3728 1868 cogebant

2123 1891 2313 1960 stipem
2344 1889 2536 1953 (Temo
2571 1889 2764 1944 decimo
2781 1891 2822 1960 ).

2193 1981 2331 2050 Quid
2366 1982 2582 2052 gravius
2610 1991 2665 2036 et
2693 1981 2963 2037 difﬁcilius
2994 1997 3153 2053 quam
3196 1983 3248 2038 in
3277 1983 3496 2038 ensibus
3531 1983 3726 2055 Sphera

2122 2066 2313 2132 ludere
2333 2075 2526 2148 (Temo
2555 2077 2899 2146 duodecimo).

2193 2170 2467 2238 Meretrix,
2487 2179 2672 2225 πέταλα
2699 2176 2911 2242 ῥάψασα,
2937 2167 2992 2224 id
3016 2177 3098 2224 est
3119 2184 3236 2238 quae
3259 2168 3471 2223 laminis
3496 2178 3549 2224 et
3569 2185 3721 2225 amu-

2123 2261 2248 2318 letis
2277 2262 2512 2316 virorum
2543 2263 2769 2316 salutem
2791 2259 3138 2332 prosequitur
3165 2258 3347 2328 (Temo
3370 2261 3558 2331 tertio).

2193 2353 2341 2409 Libri
2383 2357 2559 2410 aureis
2601 2354 2771 2408 literis
2815 2361 3182 2407 memorantur
3220 2368 3249 2405 a
3290 2352 3677 2424 Cbrysostomo
3705 2395 3721 2420 ,

2120 2449 2310 2522 quales
2347 2447 2499 2502 multi
2529 2455 2681 2502 erant
2730 2446 2874 2501 illius
2915 2462 3060 2512 aevo,
3109 2454 3166 2500 ut
3194 2445 3323 2502 dicit
3365 2446 3726 2518 Hieronymus

2121 2545 2141 2616 (
2165 2543 2327 2600 Temo
2347 2543 2568 2614 octavo).

2194 2638 2260 2694 1η
2296 2639 2543 2711 pugillari
2588 2636 2770 2699 deleto,
2796 2635 2848 2688 in
2875 2633 3225 2703 palimpsesto
3252 2631 3437 2701 (Temo
3457 2629 3724 2703 septimo).

2123 2734 2199 2789 De
2221 2733 2572 2805 palimpsesto
2602 2739 2723 2801 post
2757 2729 3072 2785 Ciceroneni
3127 2726 3287 2781 locuti
3316 2742 3502 2780 sumus
3530 2726 3583 2780 in
3624 2726 3726 2782 Pa-

2121 2827 2445 2900 laeographia
2476 2825 2686 2881 Graeca.

2194 2921 2642 2993 Philosophorum
2661 2932 2834 2985 coma,
2855 2917 3096 2973 baculus.
3116 2913 3289 2970 abolla
3312 2912 3494 2984 (Temo
3513 2910 3725 2981 primo).

2121 3015 2430 3086 PbiIOSOphi
2464 3012 2723 3085 profunda
2755 3009 2997 3064 instructi
3033 3006 3217 3071 barba,
3243 3005 3400 3074 pallia
3432 3012 3722 3075 gestantes,

2119 3123 2174 3170 et
2219 3112 2461 3177 baculus,
2493 3108 2678 3180 rynica
2707 3103 2913 3176 piacula
2945 3100 3129 3174 (Temo
3152 3098 3420 3167 secundo).

2191 3209 2428 3264 Duorum
2467 3199 2910 3273 philosotiborum
2954 3194 3150 3264 scripta
3178 3200 3364 3246 contra
3391 3187 3725 3242 Christianos

2119 3313 2362 3372 tempore
2386 3292 2753 3369 Cbrysostomi
2781 3290 2964 3361 (Temo
2990 3281 3210 3355 octavo).

2193 3397 2373 3450 Persze
2410 3404 2531 3446 cum
2585 3384 2847 3441 matribus
2877 3379 2989 3434 suis
3017 3377 3334 3438 miscentur,
3385 3384 3560 3440 neque
3585 3385 3724 3424 unus

2116 3497 2210 3544 aut
2237 3489 2365 3552 dno,
2396 3483 2492 3540 sed
2524 3493 2656 3552 gens
2683 3476 2935 3531 universa
2961 3469 3145 3541 (Temo
3169 3465 3411 3535 decimo).

2189 3585 2387 3641 Persas
2418 3577 2508 3648 qui
2533 3583 2735 3630 matres
2755 3583 2883 3626 suas
2912 3577 3106 3620 uxores
3131 3576 3240 3616 non
3271 3559 3470 3613 ducunt
3493 3554 3726 3610 admira-

2116 3695 2240 3735 mur
2269 3675 2450 3751 (Tomo
2480 3669 2690 3744 primo).

2191 3774 2229 3826 A
2241 3736 2344 3842 pud
2373 3736 2564 3824 Persas
2585 3736 2722 3833 ignis
2742 3759 2884 3814 Deus
2913 3767 3034 3808 esse
3051 3757 3267 3822 putatur
3284 3743 3467 3820 (Temo
3483 3736 3726 3808 secunde)

2117 3876 2307 3926 contra
2331 3877 2427 3919 eos
2453 3860 2540 3932 qui
2574 3861 2752 3928 ignem
2779 3852 3026 3907 adorant.

2190 3962 2304 4018 Rex
2331 3931 2614 4015 Persarum
2632 3950 2850 4008 barbam
2868 3946 3028 4000 habet
3053 3953 3294 4002 auream,
3325 3935 3390 3990 iis
3418 3933 3506 4005 qui
3537 3931 3726 3985 barum

2117 4074 2300 4117 rerum
2332 4063 2456 4111 sunt
2483 4049 2639 4122 periti
2674 4044 2839 4102 veluti
2865 4040 2964 4095 sub
3004 4035 3238 4106 tegmine
3267 4031 3409 4085 illius
3436 4025 3560 4097 pilis
3586 4023 3727 4079 intra

2117 4153 2232 4208 auri
2261 4121 2495 4206 laminas
2513 4138 2905 4199 iuvelventibus
2931 4131 3112 4205 (Temo
3138 4121 3450 4192 undecimo).

2193 4237 2531 4300 llamaxobii,
2563 4231 2780 4304 Scythas
2825 4235 2880 4283 et
2903 4220 3174 4281 Nomades
3220 4215 3424 4273 nullum
3454 4208 3731 4266 struebant

2118 4332 2403 4396 aediﬁcium
2429 4325 2628 4401 (Temo
2650 4317 2930 4394 septimo).
