4194 6518
528 358 589 414 {ll
976 408 987 417 .
1782 352 2191 408 TESTIMONIA
2237 349 2565 409 VETERUM
3168 386 3169 389 η
3735 349 3807 406 92

530 492 697 537 totum
725 476 908 533 orbem
935 482 1107 529 sonat.
1136 471 1283 527 Illam
1317 470 1471 525 nobis
1498 469 1847 525 immortalem
1874 468 2107 540 linguam

531 550 766 607 concede
798 563 811 600 :
842 546 955 601 sola
995 544 1136 599 enim
1165 544 1341 611 lingua
1369 552 1455 596 tua
1491 557 1587 611 par
1615 550 1698 595 est
1723 540 1787 611 ad
1816 541 2112 595 enarranda

531 621 782 690 pratclara
814 627 957 690 gesta
1002 625 1123 690 ιιιι.Δ
1148 610 1431 690 Propterea
1474 610 1706 667 Joannes
1744 610 2001 690 Joannem
2031 625 2117 665 re—

529 681 1636 763 liquit;ordiorintrepidus,itemiilatorem
1666 699 1679 763 ;
1707 681 1794 751 qui
1823 692 2114 763 pnstnmnr-

532 751 638 817 tein
686 757 1047 829 reprehendit,
1079 751 1215 829 eum,
1242 754 1356 829 qui
1378 764 1508 829 post
1543 762 1766 829 mortem
1814 751 2068 829 pra-dicat
2096 767 2111 816 ;

529 822 980 891 deserti'incola,
1015 822 1269 892 cujusvis
1311 824 1541 878 civitatis
1598 823 1891 876 doctorem.
1941 822 2114 876 Habes

530 905 691 959 aliam
733 916 852 955 cum
898 896 1157 962 apostolis
1184 895 1574 964 cognationem.
1609 895 1819 964 Primus
1842 892 1981 961 apud
2015 894 2117 964 Ila-

531 972 808 1028 maxobios
843 967 1069 1037 Scythas
1100 982 1220 1021 aras
1256 962 1476 1037 erexiin
1510 982 1521 1017 :
1552 974 1605 1018 et
1631 963 1811 1037 vixiab
1840 964 1994 1037 cquis
2021 962 2115 1015 de-

535 1046 719 1098 siliens
748 1033 1000 1095 barbarus
1023 1036 1204 1091 didicit
1232 1051 1367 1106 genu
1396 1033 1629 1106 ﬂeclere,
1652 1043 1704 1088 et
1729 1035 2113 1106 iuApavitAncnlo

534 1113 749 1168 extendi
774 1128 791 1166 -:
814 1119 869 1165 et
893 1109 978 1179 qui
1010 1103 1339 1175 captivorum
1362 1105 1620 1179 lacrymis
1641 1120 1745 1158 non
1779 1103 2113 1179 ﬂectehainr,

534 1185 719 1239 didicit
764 1196 861 1250 pro
902 1174 1131 1250 peccatis
1189 1174 1488 1250 laerymarii
1524 1176 1659 1250 Quin
1704 1185 1764 1250 e_t_
1787 1174 2114 1250 sagittarium

538 1245 1165 1319 Persam'prmdieatione
1203 1245 1311 1301 ccu‘
1348 1245 2117 1319 sagittaiimpetiistiftferro

534 1325 721 1379 armati
752 1315 1060 1375 cruciﬁxum
1087 1318 1329 1370 adurant.
1361 1315 1500 1371 Vicit
1522 1316 1696 1385 lingua
1729 1326 1814 1369 tua
1842 1315 2117 1369 Chaldzco-

531 1410 647 1449 rum
679 1400 735 1447 et
761 1403 1038 1461 magorum
1066 1386 1320 1461 veneficia
1345 1428 1358 1449 ,
1385 1395 1442 1461 et
1472 1386 1618 1461 arida
1651 1386 1828 1461 Persis
1858 1386 2116 1461 orationis

531 1466 719 1519 domos
749 1456 1069 1531 germinavit
1094 1476 1109 1514 :
1133 1474 1160 1510 a
1205 1458 1305 1531 pio
1333 1457 1484 1531 cultu
1508 1456 1745 1527 Babylon
1778 1459 1893 1531 la!!!
1940 1456 2114 1531 aliena

534 1550 639 1589 non
680 1526 780 1588 est'.
825 1531 949 1586 Ilzec
991 1539 1044 1583 te
1084 1526 1339 1597 apostolis
1365 1526 1712 1596 conjunxe’re.
1760 1528 1948 1597 Adhuc
1975 1526 2115 1595 apud

534 1621 633 1660 nos
675 1604 868 1672 lingua:
910 1610 1012 1655 tua:
1054 1596 1256 1672 semina
1294 1596 1523 1662 ﬂorent;
1550 1606 1612 1672 ei
1642 1598 1829 1672 siquis
1854 1596 2115 1672 Joannem

534 1667 795 1733 nominel,
829 1685 1050 1740 magnus
1075 1671 1333 1723 excitatur
1354 1682 1539 1740 sonus.
1573 1667 1944 1740 EccleSiastiea
1973 1667 2115 1740 enim

536 1747 647 1818 lyra
675 1737 949 1818 antiquum
978 1740 1236 1818 plecti-uin
1265 1739 1559 1818 cognoscit,
1599 1746 1776 1818 ει)ηό
1800 1737 1979 1818 digitis
2002 1737 2117 1791 suf-

536 1808 721 1869 ficiunt
750 1808 1228 1884 syllahze'nominis
1252 1810 1354 1884 tui:
1384 1808 1526 1884 Vidit
1563 1808 1744 1884 regina
1777 1808 1901 1862 urbs
1927 1808 2115 1884 Serum

535 1886 672 1949 vela,
715 1877 1151 1950 et’contempsit;
1181 1879 1309 1950 vidit
1339 1877 1546 1950 Indicos
1583 1877 1896 1950 l_apides,iet
1919 1877 2117 1950 despe-

536 1957 648 2019 xit;
675 1970 773 2008 nec
789 1953 964 2023 Tyriae
986 1948 1234 2023 purpura:
1254 1949 1354 2003 ﬂos
1380 1949 1546 2023 ipsam
1575 1948 1854 2023 deiectayit
1878 1965 1892 2001 :
1917 1949 2115 2003 luteam

537 2018 1118 2093 con'cnpivit'linguam,
1150 2018 1745 2093 immortaliadoctrinm
1771 2019 1965 2093 ﬂuc_nta
1995 2033 2119 2087 pro-

536 2063 1809 2158 arising;.'"ea?1.;'.';;.;'a;,;:.;'"irpi:.;;.si“si
1858 2063 2117 2143 Joannem

535 2180 730 2220 novum
758 2162 1085 2233 appellavit:
1118 2159 1368 2233 vidit,_et
1395 2158 1686 2233 evangelici
1732 2158 2009 2214 recordata
2036 2171 2118 2233 est

534 2236 749 2292 tonitrui
778 2228 968 2305 (Marc:
990 2229 1083 2305 Ill,
1119 2231 1229 2305 η).
1255 2230 1410 2305 _|linc,
1430 2228 1631 2305 dilecti,
1653 2228 1828 2284 ﬂuxus
1854 2230 2120 2284 sermonis

535 2300 1041 2376 exasperatur._Sed
1073 2316 1139 2356 ne
1164 2300 1430 2376 fugiamus
1441 2300 1813 2376 asperitatem,
1847 2314 1974 2369 pace
2004 2309 2119 2354 tan-

531 2369 847 2430 dem'ﬂnxui
878 2374 1017 2427 viam
1060 2369 1355 2426 sternente.
1397 2369 1456 2425 Si
1497 2370 1622 2439 quid
1653 2371 1795 2423 enim
1821 2411 1836 2436 ,
1868 2384 1902 2425 ο
1929 2381 2078 2439 pater
2099 2411 2113 2437 ,

532 2455 718 2500 contra
750 2454 938 2500 nautas
964 2452 1083 2497 tuos
1110 2441 1399 2512 indignaris
1420 2481 1436 2507 ,
1468 2440 1512 2512 si
1543 2439 1667 2512 quid
1698 2451 1885 2494 contra
1914 2454 2118 2494 conua-

534 2518 772 2585 vigantcs
803 2515 1028 2570 moleste
1058 2512 1164 2567 fers
1190 2553 1204 2585 ,
1228 2510 1410 2585 'cogiia
1438 2510 1628 2585 hiemis
1674 2520 2040 2585 tempestatem
2066 2521 2121 2585 et

536 2580 853 2641 lliictuosnm
884 2599 1032 2639 mare
1059 2584 1298 2651 coegisse
1314 2580 1466 2644 illos,
1494 2580 1577 2635 vel
1605 2582 1818 2647 invitos,
1845 2581 2034 2635 Jonam
2066 2582 2117 2636 in

533 2659 728 2712 fluetus
755 2656 1015 2726 projicere
1044 2650 1190 2723 (Jon’.
1219 2652 1261 2718 Ι,
1290 2652 1402 2726 15).
1431 2650 1547 2726 Ifion
1578 2665 1763 2726 eorum
1794 2651 1996 2717 odium,
2024 2653 2118 2726 sed

536 2738 622 2780 tua
651 2721 996 2782 exercitatio:
1020 2721 1123 2776 non
1150 2737 1334 2776 eorum
1362 2721 1579 2784 bellum,
1603 2721 1694 2775 sed
1720 2731 1805 2774 tua
1826 2724 2116 2776 certamina

535 2806 660 2851 sunt
708 2813 769 2851 ea
813 2811 931 2866 qua:
979 2792 1114 2866 facta
1164 2792 1351 2866 fuere:
1383 2807 1486 2845 non
1509 2792 1609 2866 _illi
1642 2791 1878 2846 fraterno
1907 2792 2118 2847 calculo

537 2867 746 2936 expulsi
775 2861 919 2932 su'ut,
949 2863 1041 2919 sed
1071 2863 1305 2936 oportuit
1331 2861 1636 2936 testadium
1667 2870 1959 2936 martyrum
1992 2878 2118 2917 eur-

537 2933 680 2993 rere.
710 2938 915 2992 Arcana
943 2933 1185 3004 quaedam
1218 2933 1552 3004 providentia
1582 2933 1752 3004 stadia
1785 2934 1874 2987 tibi
1906 2942 1959 2987 et
1978 2948 2116 3004 cer-

537 3008 751 3062 taminis
796 3009 907 3061 loca
955 3002 1271 3074 prasparavit
1300 3022 1312 3055 :
1342 3003 1564 3074 omnino
1604 3002 1803 3074 dictum
1848 3013 1928 3057 est
1957 3003 2025 3057 de
2069 3014 2120 3059 te

538 3089 724 3133 contra
758 3071 1028 3132 hominum
1056 3071 1397 3130 communem
1430 3073 1640 3127 hostem
1674 3090 1686 3127 :
1718 3071 1966 3143 Nunquid
1999 3090 2121 3127 con-

534 3149 771 3203 siderasti
820 3162 1015 3202 servum
1064 3161 1227 3199 meum
1274 3143 1687 3216 rJoannem,_etc.
1726 3142 1873 3216 (Job_
1929 3142 1980 3205 I,
2012 3143 2118 3216 8)?

534 3220 706 3274 Clara:
743 3219 863 3272 vit:e
910 3232 1054 3271 mors
1099 3216 1258 3270 etiam
1304 3217 1442 3268 clara
1489 3213 1800 3268 debebatur.
1847 3213 2121 3282 Pugnabat

534 3298 719 3343 contra
769 3288 962 3343 Jobum
992 3285 1290 3353 diabolus,
1339 3284 1494 3338 amici
1544 3298 1757 3353 quoque
1803 3285 2120 3339 videbantur

533 3360 803 3414 adversari
835 3377 849 3413 :
879 3359 1000 3413 ideo
1044 3355 1257 3410 tandem
1308 3355 1448 3409 Deus
1475 3356 1677 3408 amicos
1719 3354 1835 3424 ejus
1863 3367 2035 3421 sanat,
2065 3365 2121 3410 et

533 3431 721 3485 amicis
745 3429 975 3485 amicum
1018 3427 1210 3482 .Iohum
1254 3425 1446 3480 reddit.
1482 3424 1592 3479 lloe
1618 3440 1761 3495 nunc
1799 3440 2009 3495 quoque
2036 3426 2117 3481 fa-

533 3511 678 3555 ctum
717 3502 907 3569 opinor
928 3541 943 3563 ,
974 3513 1008 3569 ο
1036 3507 1191 3567 pater
1212 3537 1226 3560 ,
1256 3506 1310 3550 et
1350 3505 1561 3569 patrum
1599 3494 1849 3569 dexteras
1894 3494 2116 3569 invicem

534 3564 808 3640 capulatas
837 3584 921 3623 me
964 3564 1146 3640 videre
1177 3578 1322 3640 puto.
1367 3564 1590 3635 Accepit
1615 3564 1718 3640 Job
1744 3566 2119 3640 multiplicatas

536 3635 904 3710 possessiones
933 3656 946 3693 :
972 3638 1220 3710 recepimi
1255 3648 1307 3691 tu
1335 3651 1548 3706 quoque
1576 3635 1830 3705 majorem
1850 3638 2116 3710 abomni-

535 3708 635 3765 bus
682 3710 960 3765 honorem.
1000 3727 1019 3760 ι
1054 3708 1204 3762 Ilunc
1235 3718 1560 3776 postremum
1593 3720 1895 3761 sermonem
1930 3708 2118 3762 inseri-

536 3782 648 3850 ptio
693 3782 744 3834 in
783 3780 1152 3850 apostolorum,
1197 3778 1395 3850 templo
1420 3776 1620 3850 dictum
1667 3777 1831 3831 fuisse
1876 3778 2114 3834 inchat:

537 3848 853 3919 promminm
888 3865 1013 3907 vero
1038 3848 1336 3903 subinilicat
1362 3849 1699 3918 scriptorem,
1722 3856 2001 3917 postquam
2030 3850 2119 3903 alii

536 3922 696 3975 locuti
751 3919 998 3984 fuerant,
1048 3920 1418 3974 concinnatum
1467 3932 1587 3971 esse
1630 3935 1643 3971 :
1682 3919 1760 3970 sic
1810 3920 1952 3971 enim
1996 3921 2117 3973 ait:

540 4010 559 4041 ι
597 3992 858 4058 Quoniam
880 4005 967 4045 me
987 4004 1198 4060 quoque
1218 3998 1388 4043 emtus
1410 3987 1474 4042 ad
1501 3988 1820 4060 loquendum
1849 3991 2079 4060 concitat
2101 4028 2117 4053 ,

535 4057 785 4131 quopiam
808 4062 961 4131 signo
985 4057 1199 4115 dato’ad
1220 4074 1556 4113 communem
1581 4057 1835 4131 chuream
1865 4058 2117 4131 advocor,

535 4127 657 4201 quia
686 4127 900 4202 oportet
928 4145 1015 4186 me
1044 4145 1253 4202 quoque
1280 4131 1345 4202 ad
1378 4140 1623 4202 paternas
1643 4127 1839 4202 laudes
1881 4129 2121 4202 modula-

538 4198 740 4257 tionem
763 4203 1005 4269 pulsare;
1034 4198 1087 4256 e_t
1108 4198 1256 4255 multi
1280 4198 1605 4254 inexorabile
1624 4198 1859 4254 debitum
1879 4201 2118 4269 exigunt,

535 4288 656 4326 cum
678 4268 809 4326 nihil
832 4271 971 4342 apud
996 4285 1092 4326 nos
1119 4273 1185 4325 sit
1206 4268 1641 4342 paternaeyirtuti
1661 4280 1764 4342 tua;
1789 4270 2120 4337 aequiparan-

536 4343 695 4409 dum;
725 4339 1003 4397 commoda
1028 4339 1251 4408 nobis,’o
1271 4350 1418 4409 pater
1436 4339 1690 4404 Joannes,
1718 4339 1885 4409 lyram
1916 4349 2114 4391 tuam.)

608 4415 732 4484 Legi
760 4414 979 4469 Joannis
995 4412 1361 4482 Chrysostomi
1381 4409 1587 4465 laudem
1614 4409 1963 4484 quadraginta
1986 4423 2122 4484 mar-

537 4478 711 4558 tyrum
735 4485 861 4554 (a).c
889 4478 1243 4558 celebrantur
1267 4491 1550 4558 martyres,
1575 4493 1680 4533 non
1699 4487 1756 4532 ut
1784 4478 1882 4546 ipsi
1910 4478 2120 4558 laudem

538 4550 819 4630 accipiant,
853 4554 947 4609 sed
993 4564 1176 4630 ιιι-επις
1215 4566 1311 4630 per
1340 4550 1548 4630 laudem
1589 4563 1796 4630 eorum.
1823 4550 2120 4630 excitemur

536 4618 1010 4699 adimitatmnem.
1048 4618 1318 4699 _M_olesii:_is
1367 4618 1510 4699 passi
1539 4626 1664 4699 sunt
1701 4628 1753 4672 et
1777 4619 1908 4699 iusti
1931 4628 1988 4699 et
2011 4619 2116 4699 ini:

534 4696 664 4765 qui;
709 4695 804 4749 sed
850 4695 924 4749 illi
973 4694 1187 4763 quidem
1214 4691 1281 4765 ad
1305 4689 1741 4765 exercitationem
1782 4689 2026 4758 iustitiae,
2060 4689 2116 4744 hi

535 4757 662 4818 vero
690 4766 754 4819 ad
786 4757 1436 4834 peccati"castigationem.
1460 4757 1586 4813 Ideo
1611 4757 1878 4827 justor’um
1904 4766 2118 4814 crucia-

535 4845 621 4890 tus
663 4830 1032 4890 tribulationes
1078 4830 1232 4887 vocat
1256 4830 1567 4898 Scriptura;
1599 4838 1936 4897 peccatorum
1967 4844 2116 4896 vero,

534 4906 764 4971 ﬂagella.
799 4905 939 4959 Beati
982 4904 1117 4958 oculi
1146 4902 1297 4957 vestri
1316 4940 1330 4963 ,
1357 4900 1477 4969 quia
1502 4898 1670 4971 vident
1698 4898 1717 4970 (
1740 4899 1925 4971 Matth.
1958 4900 2115 4968 XIII,

536 4968 649 5041 ili),
681 4977 733 5031 id
755 4987 837 5031 est
865 4977 988 5045 quia
1013 4970 1329 5045 discunt._Si
1352 4968 1492 5023 enim
1515 4985 1582 5023 ex
1604 4968 1874 5045 νὶςιιῌεοιο⁸
1896 4971 2119 5045 felicitas

535 5040 715 5113 esset,
747 5047 843 5115 ipsi
871 5040 1038 5100 Judasi
1059 5084 1074 5106 ,
1095 5042 1219 5115 _qlll‘
1242 5042 1591 5115 Servatoreln
1616 5041 1784 5094 oculis
1826 5040 2071 5115 videbant
2098 5082 2113 5105 ,

536 5110 971 5172 lieati'fuissent.
1004 5113 1108 5169 Sed
1125 5110 1336 5178 'videre,
1382 5112 1433 5163 in
1481 5110 1775 5179 Scriptura,
1818 5121 1900 5165 est
1948 5112 2119 5168 oculis

535 5188 731 5240 mentis
762 5183 1253 5254 comprehendere,
1285 5195 1339 5254 ct
1371 5179 1627 5254 profunda
1660 5183 1898 5236 veritatis
1925 5183 2119 5238 intelli-

533 5270 703 5325 gere:
736 5258 853 5311 ideo
888 5252 1098 5322 antiqui
1146 5253 1432 5321 prophetas
1488 5252 1716 5325 pidentes
1760 5254 2020 5308 vocabant
2056 5254 2116 5325 (Ι

538 5321 668 5396 Reg.
703 5327 796 5394 lx,
834 5327 912 5394 9).
958 5321 1115 5378 Beata
1163 5326 1320 5392 igitur
1358 5321 1900 5396 prrcdicatAServator
1920 5321 2117 5396 organa

535 5392 1010 5461 vir'tutis,'etiamsi
1042 5396 1093 5448 in
1119 5408 1346 5463 corpore
1390 5393 1498 5447 sint
1522 5392 1661 5447 oculi
1691 5394 1826 5448 bene
1855 5392 2116 5459 videntes,

536 5476 590 5520 et
618 5481 777 5521 aures
799 5480 920 5520 cum
948 5464 1267 5520 discretione
1291 5465 1586 5518 audientes.
1609 5463 1830 5533 Oportet
1856 5466 1998 5519 enim
2025 5481 2117 5518 au-

536 5536 772 5589 dientem
831 5536 1155 5606 intelligere,
1206 5544 1260 5606 et
1312 5534 1693 5606 intelligentem
1723 5534 2008 5606 obsequi,
2062 5544 2120 5589 ut

537 5608 793 5675 scriptum
838 5617 915 5661 est
947 5623 960 5658 :
994 5605 1126 5659 Audi
1149 5646 1165 5673 ,
1195 5605 1303 5674 ﬁlia
1327 5646 1341 5670 ,
1373 5614 1418 5659 et
1447 5605 1592 5669 vide,
1637 5614 1684 5659 et
1712 5605 1903 5659 inclina
1946 5622 2121 5659 aurem

537 5684 676 5729 tuam
701 5676 873 5733 (Paul.
909 5676 1064 5731 XLIV
1091 5719 1105 5742 ,
1138 5678 1228 5748 II)
1254 5693 1269 5742 ;
1300 5677 1351 5732 id
1377 5684 1481 5743 est,
1513 5676 1827 5746 obsequere,
1860 5676 2113 5747 intellige.

598 5833 663 5894 (al
706 5834 830 5886 Edit.
858 5833 1066 5884 Bekkeri
1087 5834 1201 5886 Cod.
1228 5833 1338 5896 ττι,
1364 5847 1412 5896 p.
1437 5830 1547 5892 509,
1572 5829 1622 5878 Ι).

2225 468 2371 541 Sicut
2402 482 2494 541 vas
2515 467 2685 541 canali
2710 467 2891 524 ﬂuenti
2918 468 3228 532 acclinatur,
3256 469 3332 541 sie
3357 472 3569 526 auditus
3587 471 3716 541 justi
3747 480 3811 533 ad

2224 539 2420 593 divinae
2468 540 2597 608 legis
2637 539 2830 593 ﬂuenta
2880 555 2940 593 se
2984 541 3202 595 inclinat
3230 555 3246 596 :
3276 539 3549 595 Inuiiimbo
3589 539 3731 599 enim
3761 566 3812 603 m

2224 609 2519 675 parubolam
2543 626 2715 662 aurem
2743 626 2906 663 meam
2938 609 3110 680 (Psal.
3143 610 3375 676 XLVIII,
3403 611 3478 678 5).
3515 615 3691 679 Quare
3715 616 3813 670 In-

2223 680 2470 734 clinabo?
2506 680 2637 747 Quia
2662 684 2838 733 omnis
2865 696 2996 734 urna
3026 696 3217 749 aquam
3245 683 3481 750 capiens,
3514 684 3814 742 inclinantis

2223 765 2284 805 se
2314 750 2535 805 formam
2580 751 2808 819 accipit;
2843 751 2962 804 ideo
2991 754 3165 805 omnis
3204 754 3418 807 auditus
3446 755 3610 809 divini
3663 759 3810 812 verbi

2224 820 2424 875 ﬂuenta
2449 820 2716 889 accipiens
2741 862 2755 883 ,
2786 821 2849 873 ad
2885 822 2973 875 illa
3003 837 3061 876 se
3089 822 3348 877 inclinare
3376 824 3591 879 dicitur.
3621 826 3811 883 Beatas

2224 891 2459 960 praedico
2483 900 2774 961 martyrum
2804 901 2983 946 costas
3006 933 3021 957 ,
3052 908 3169 961 qua:
3201 893 3412 960 pietatis
3436 904 3640 950 costam
3667 897 3813 951 insu-

2223 962 2537 1035 perabilem,
2571 960 2695 1014 dum
2723 960 3126 1035 _lacerarentur,
3154 962 3528 1035 exhibuerunt,
3559 967 3811 1035 pietatem

2224 1047 2328 1104 non
2356 1032 2689 1104 _abjicientes.
2723 1031 2933 1086 Etenim
2966 1033 3017 1086 in
3047 1034 3231 1097 costis,
3265 1043 3320 1087 ut
3349 1031 3657 1104 plurimum,
3688 1053 3811 1091 ver-

2223 1101 2547 1156 berabantur
2570 1141 2585 1167 ,
2613 1104 2735 1172 quia
2760 1112 2999 1173 excasta
3031 1114 3306 1173 peccatum
3348 1101 3521 1159 ortum
3549 1101 3651 1161 est.
3680 1108 3808 1163 Pec-

2221 1181 2396 1225 catum
2420 1186 2547 1245 vero
2571 1181 2809 1245 nouerat
2831 1172 3060 1238 femina;
3094 1189 3214 1228 nam
3244 1184 3297 1229 et
3322 1175 3436 1245 ipsa
3460 1176 3550 1231 Dei
3568 1186 3810 1233 creatura

2223 1251 2307 1297 est
2338 1259 2352 1297 :
2381 1243 2475 1297 sed
2505 1242 2626 1312 quia
2658 1243 2799 1297 illam
2847 1245 3212 1312 prmvaricatio
3254 1242 3394 1300 viain
3424 1247 3642 1301 invenit.
3671 1247 3813 1303 Mar-

2227 1322 2371 1383 tyres
2395 1327 2524 1382 ergo
2554 1313 2903 1368 verberantur
2925 1313 2977 1368 in
3008 1317 3193 1381 costis,
3226 1316 3367 1370 unde
3395 1331 3671 1383 peceatum
3696 1333 3815 1373 sca-

2224 1384 2425 1454 turivit.
2457 1386 2707 1438 Servator
2733 1398 2943 1454 quoque
2972 1383 3092 1439 ideo
3120 1386 3169 1438 in
3193 1388 3355 1440 costis
3385 1386 3619 1442 lanceam
3649 1404 3813 1444 exce-

2226 1455 2321 1522 pit,
2351 1453 2429 1530 Et
2449 1454 2597 1508 exivit
2625 1453 2909 1530 sanguisei
2933 1471 3069 1530 aqua
3095 1454 3273 1530 (Joan.
3308 1456 3449 1521 XIX,
3487 1457 3596 1530 54),
3626 1462 3813 1530 mundi

2226 1527 2490 1597 purgatio,
2520 1536 2574 1579 et
2616 1525 2811 1597 veteris
2839 1524 2987 1580 illius
3023 1524 3190 1596 plagm
3218 1524 3577 1597 pliarmacum.
3608 1529 3814 1597 Quem-

2224 1595 2511 1648 admodum
2542 1596 2682 1649 enim
2705 1594 2969 1664 justorum
3001 1594 3241 1650 membra
3269 1599 3535 1666 sigillatim
3567 1594 3813 1655 laudibus

2225 1666 2954 1737 celebrantur,sieruembra
2986 1668 3268 1736 impiorum
3299 1668 3565 1737 sigillatim
3593 1670 3811 1725 infamia

2226 1743 2476 1789 notantur
2502 1746 2557 1806 et
2586 1735 2815 1790 infelicia
2868 1735 3224 1806 prmdicantur
3254 1756 3268 1791 :
3304 1735 3424 1793 Non
3480 1741 3647 1792 veniat
3686 1742 3816 1794 milii

2226 1822 2319 1884 lies
2328 1823 2399 1884 ’ξιξ
2404 1805 2625 1884 ρεγζιξιεζ
2629 1816 2675 1860 et
2703 1805 2887 1884 atauus
2906 1809 3179 1884 peccatoris
3200 1825 3299 1861 non
3320 1820 3513 1884 moveat
3539 1827 3615 1863 me
3636 1810 3792 1884 (Psal
3812 1860 3815 1865 λ

2225 1875 2556 1948 ΧΧΧῩΛΞ).
2590 1877 2690 1931 Pes
2712 1875 3159 1948 superbiasestvia
3177 1880 3461 1947 superbiat,
3483 1875 3670 1935 manus
3684 1898 3819 1937 vero

2225 1956 2307 2001 est
2321 1947 2462 2002 actio
2495 1946 2595 2019 :iid
2624 1957 2728 2019 est,
2763 1946 2943 2019 Neque
2971 1950 3172 2019 peccati
3199 1946 3361 2013 actio,
3385 1965 3556 2019 neque
3576 1954 3768 2005 semita
3800 1993 3815 2016 ,

2227 2031 2400 2086 neque
2416 2017 2673 2090 profectio
2685 2017 2889 2072 accidat
2908 2020 3060 2072 mihi.
3074 2018 3199 2073 Ideo
3215 2019 3423 2090 Moyses
3434 2017 3617 2075 aurem
3637 2021 3823 2077 ἀεχιε-

2225 2103 2338 2140 ram
2383 2089 2676 2143 sacerdotis
2702 2090 2821 2157 agni
2850 2090 3105 2158 sanguine
3134 2089 3318 2158 ungit,
3351 2100 3407 2144 et
3448 2093 3818 2155 summitatem

2226 2158 2463 2231 dextera:
2479 2174 2663 2213 manus
2675 2158 3148 2231 dexteriquepedis
3162 2159 3347 2230 (Leuit.
3361 2161 3609 2231 VIII,‘25):
3626 2177 3823 2217 aurem

2224 2228 2462 2298 quidem,
2480 2230 2599 2298 quia
2625 2241 2679 2283 ut
2704 2230 3095 2299 receptaculum
3112 2228 3274 2284 divini
3297 2231 3448 2286 verbi
3476 2228 3650 2286 futura
3672 2243 3821 2297 erat;

2227 2313 2466 2374 manum,
2491 2310 2559 2374 ιιιΔ
2575 2314 2736 2374 opera
2764 2299 3150 2374 significantem
3171 2317 3185 2365 ;
3210 2302 3403 2374 pedem
3424 2318 3570 2374 vero,
3590 2314 3827 2374 utsym-

2226 2367 2405 2439 bolum
2436 2367 2705 2438 profectus
2724 2370 2776 2423 in
2804 2367 2997 2425 virtute
3025 2381 3077 2424 et
3104 2367 3449 2439 perfectione.
3482 2372 3623 2427 Fons
3643 2367 3830 2428 Evan-

2224 2438 2347 2513 gelii
2404 2440 2510 2513 duo
2562 2439 2770 2494 efficit:
2804 2439 3024 2494 mundat
3069 2438 3356 2513 e_t_potum
3414 2444 3637 2512 prtebct,
3687 2456 3828 2513 potu

2221 2510 2373 2578 juvat
2402 2511 2646 2564 sitientes
2670 2520 2722 2563 et
2751 2520 2938 2579 purgat
2974 2510 3216 2565 sordidas
3242 2510 3467 2567 animas.
3511 2510 3704 2567 Hercei
3732 2531 3831 2569 ve-

2226 2588 2330 2633 stra
2357 2581 2563 2654 cppiosa
2590 2590 2663 2634 est
2689 2580 2742 2633 in
2777 2581 2917 2654 uelis
2950 2580 3161 2654 (iiatth.
3191 2581 3259 2640 ν,
3288 2582 3396 2654 Ii),
3419 2584 3478 2654 in
3508 2583 3832 2654 Evangeliis

2225 2651 2391 2722 semel
2423 2651 2624 2722 dictum
2668 2661 2776 2722 est.
2821 2651 2940 2722 Vox_
2963 2651 3067 2705 illa
3094 2693 3108 2717 ,
3141 2651 3384 2721 copiosa,
3415 2653 3468 2707 in
3500 2655 3616 2722 lege
3647 2651 3832 2709 veteri

2225 2721 2391 2793 semel
2419 2721 2723 2793 Abrahamo
2747 2721 2888 2776 dicta
2918 2719 3019 2793 fuit
3036 2719 3326 2793 postquam
3354 2738 3507 2793 reges
3536 2719 3737 2780 vicerat
3776 2735 3835 2780 et

2225 2792 2465 2864 captivos
2492 2791 2756 2864 solverat,
2788 2806 2908 2845 cum
2939 2792 3103 2864 noliet
3132 2791 3437 2848 mercedem
3464 2796 3705 2864 recipere
3732 2797 3833 2849 La-

2224 2859 2441 2933 borum,
2472 2862 2814 2933 vietorizeqne
2837 2876 2995 2933 quam
3021 2862 3089 2917 de
3112 2864 3338 2933 captivis
3364 2859 3637 2919 retulerat.
3661 2864 3835 2921 'I'umc

2224 2931 2368 2985 enim
2398 2932 2531 2986 dixit
2562 2933 2633 2986 illi
2680 2933 2817 2987 Deus
2851 2931 2868 2986 ἐ
2896 2932 3020 2986 Noli
3059 2931 3263 3000 timere,
3303 2934 3559 2989 Abi-aliam
3584 2952 3603 3000 ;
3628 2952 3837 2992 merces

2227 3010 2315 3056 tua
2338 3003 2659 3078 copiosaerit
2687 3003 2831 3078 valde
2850 3001 3002 3078 (Gen.
3027 3003 3147 3071 XV,
3174 3004 3251 3078 I).
3286 3006 3367 3059 Ad
3394 3008 3616 3078 verbum
3645 3011 3829 3063 semel

2226 3080 2280 3125 et
2307 3073 2475 3147 semel
2507 3074 2633 3128 illud
2663 3073 2868 3142 copiosa
2896 3073 3112 3147 _dictum
3139 3073 3226 3147 esi
3245 3118 3259 3138 ,
3288 3076 3580 3147 secundum
3608 3078 3829 3147 signifi-

2225 3142 2490 3214 cationem
2531 3159 2659 3197 vero
2686 3158 2847 3214 turpe.
2895 3144 3104 3214 Etenim
3135 3145 3296 3200 David
3325 3146 3459 3200 dixit
3484 3187 3498 3214 ,
3528 3142 3827 3203 Retributio

2225 3214 2384 3286 ouilia
2409 3211 2428 3284 (
2451 3212 2593 3267 Psal.
2621 3211 2786 3270 XVIII
2808 3253 2823 3282 ,
2860 3213 2968 3286 12)
2993 3255 3008 3279 ,
3041 3216 3093 3269 id
3121 3225 3236 3286 est,
3278 3211 3492 3272 merces
3530 3219 3737 3284 multa;
3771 3230 3829 3275 et

2225 3282 2394 3356 alibi;
2421 3282 2544 3356 cum
2572 3295 2767 3356 autem
2813 3282 2958 3340 dicit'
2971 3287 3113 3342 Deus
3134 3327 3149 3352 ,
3179 3285 3395 3356 Copiosa
3435 3304 3621 3342 merces
3644 3330 3659 3354 ,
3690 3282 3825 3343 eum

2225 3353 2493 3427 inteiligas
2532 3354 2585 3409 id
2632 3356 2772 3424 quod
2815 3358 3183 3427 promittitur,
3215 3353 3451 3427 intellige
3495 3353 3655 3414 etiam
3685 3361 3828 3415 illud

2225 3423 2492 3480 ineil‘abile
2540 3423 2782 3493 verbum,
2816 3423 3058 3496 'copiosa.
3108 3427 3266 3482 Aliud
3313 3423 3455 3482 enim
3509 3439 3590 3484 cst
3635 3431 3829 3487 dicere

2224 3496 2472 3569 agricola;
2526 3498 2825 3569 copiosum,
2877 3498 3020 3552 aliud
3068 3498 3118 3552 id
3171 3497 3350 3553 dicere
3393 3500 3539 3563 civi;
3588 3508 3830 3569 utroque

2226 3565 2401 3635 majus
2443 3575 2526 3622 est
2568 3568 2749 3639 dicere
2785 3569 2925 3639 duci
2978 3569 3249 3624 exercitus
3288 3570 3548 3637 copiosum
3595 3565 3827 3639 :quodr

2225 3651 2329 3709 que
2377 3652 2405 3690 a
2445 3652 2572 3706 rege
2614 3637 2968 3707 proficiscitur
3013 3640 3303 3708 copiosum,
3346 3642 3525 3694 multis
3574 3637 3826 3709 partibus

2226 3706 2399 3779 i_najus
2424 3720 2505 3762 est
2528 3748 2544 3773 ,
2571 3706 2730 3775 quam
2757 3708 2897 3777 quod
2924 3709 2992 3779 ab
3018 3706 3137 3761 aliis
3175 3710 3332 3763 datur
3364 3727 3377 3762 :
3406 3711 3548 3779 quod
3576 3706 3761 3765 autem
3794 3729 3827 3766 a

2227 3775 2339 3830 Deo
2364 3780 2537 3849 datur,
2565 3775 2814 3849 omnibus
2835 3788 2917 3831 est
2938 3777 3094 3848 longe
3115 3780 3403 3847 copiosius,
3424 3775 3532 3835 'nee
3557 3782 3826 3849 explicari

2228 3854 2421 3914 potest.
2448 3846 2677 3915 Copiosa
2708 3856 2786 3901 est
2814 3862 2942 3921 ergo
2979 3846 3272 3919 martyrum
3302 3865 3528 3917 merces,
3556 3846 3644 3920 qui
3670 3852 3831 3921 injuo

2224 3924 2658 3990 steaccusantur
2684 3925 2742 3969 et
2768 3919 3073 3990 cruciantur
3100 3930 3314 3987 propter
3343 3921 3533 3984 Deum,
3560 3919 3648 3990 qui
3673 3919 3828 3976 mala

2227 3987 2519 4058 patiuntur,
2541 3995 2594 4039 et
2621 3988 2900 4058 humanam
2920 3989 3165 4058 gloriam,
3191 4000 3245 4042 ut
3263 3990 3553 4057 Abraham,
3577 3987 3826 4048 caleant.

2225 4054 2357 4108 Nam
2402 4056 2490 4110 ille
2532 4054 3088 4132 regibiisﬂuomorrha}
3134 4070 3185 4113 et
3217 4054 3574 4132 Sodomorum
3603 4065 3832 4132 equita-

2227 4133 2338 4178 tum
2365 4127 2858 4202 ouinen_i__dantibus
2878 4138 2932 4182 et
2958 4128 3214 4202 honorem
3245 4127 3832 4202 exhibentibus,'quod

2226 4210 2421 4272 uxores
2451 4205 2528 4272 et_
2546 4195 2686 4250 filios
2713 4212 2839 4253 suos
2867 4213 2896 4272 a
2926 4200 3230 4272 captivitate
3259 4201 3578 4269 liberasset,
3605 4195 3834 4272 respuit

2226 4266 2485 4321 honorem
2515 4267 2773 4336 ipsorum,
2799 4266 3249 4325 nolenslaborum
3281 4266 3585 4327 mercedem
3611 4274 3679 4327 ab
3700 4266 3835 4330 Ito-

2228 4337 2767 4412 miiiibus_aecip_ere.
2819 4339 2945 4394 ldeo
2994 4340 3187 4410 dignus
3218 4340 3463 4412 “habitus
3503 4354 3586 4397 est
3642 4346 3738 4412 qui
3798 4362 3836 4400 a

2228 4405 2339 4461 Deo
2364 4407 2593 4473 audiret,
2622 4405 2822 4485 M_erces_
2849 4420 2935 4485 tua
2963 4405 3169 4485 e_opiosa
3200 4410 3357 4485 (Gen.
3389 4412 3527 4485 XIV,
3558 4405 3675 4485 2|):
3717 4433 3742 4466 ι

2303 4495 2322 4528 ε
2359 4486 2653 4553 spargat-ep,
2680 4480 2850 4548 inquit
2892 4481 2945 4535 in
2962 4481 3168 4546 Graeco,
3198 4480 3248 4536 id
3277 4494 3360 4536 est
3387 4484 3528 4553 quod
3559 4498 3587 4536 a
3631 4480 3839 4543 inultis

2228 4554 2410 4618 λώριον,
2437 4552 2593 4619 ligula
2635 4562 2895 4623 vocatur;
2932 4569 3238 4622 σφαιρωτῆρα
3289 4552 3469 4608 autem
3521 4557 3835 4623 nominari,

2225 4623 2346 4687 quia
2389 4633 2531 4688 saepe
2570 4620 2760 4674 artifex
2789 4620 2992 4676 corium
3040 4620 3325 4677 rotundum
3361 4626 3593 4679 secando
3622 4620 3836 4681 efficit.

2226 4688 2473 4765 Plotiuulli
2503 4691 2690 4745 dicunt
2718 4706 2913 4747 nomen
2934 4693 2981 4746 ei
3004 4692 3224 4747 inditum
3248 4708 3368 4749 esse
3393 4697 3533 4765 quod
3560 4696 3712 4764 pedis
3742 4708 3839 4752 ta-

2225 4760 2307 4814 los
2326 4772 2557 4815 servent.
2573 4779 2592 4813 ι

2301 4848 2320 4881 ι
2356 4831 2644 4886 Duodecim
2690 4832 2766 4886 illi
2807 4829 3124 4887 Judicabunt
3163 4834 3425 4889 duodecim
3455 4835 3615 4889 triviis
3644 4834 3841 4892 Israel

2227 4900 2439 4974 (Matth.
2471 4900 2629 4974 XIX,
2660 4902 2730 4958 28
2754 4901 2794 4973 ).
2838 4902 3047 4956 Judicat
3074 4914 3129 4958 et
3160 4905 3355 4959 Paulus
3401 4906 3588 4961 orbem
3616 4945 3629 4969 ,
3660 4908 3842 4963 orbis

2226 4973 2402 5054 praeco
2422 4990 2434 5024 :
2456 4988 2554 5054 nec
2581 4973 2779 5054 Paulus
2788 4974 2974 5054 modo,
2996 4974 3089 5054 sed
3110 4976 3270 5054 etiam
3299 4976 3332 5029 ii
3360 4978 3448 5047 qui
3471 4978 3659 5054 eadem
3687 4991 3840 5054 cum

2226 5042 2341 5112 ipso
2370 5042 2605 5097 sentiunt
2632 5062 2645 5096 :
2677 5043 2798 5098 audi
2825 5045 2965 5098 enim
2997 5045 3143 5099 illum
3174 5042 3438 5101 dicentem
3466 5063 3477 5099 :
3501 5046 3582 5100 An
3608 5050 3843 5103 nescitis

2223 5113 2358 5195 quod
2394 5114 2553 5195 sancti
2582 5114 2647 5168 de
2676 5114 2771 5195 hoc
2797 5115 2983 5195 mundo
3017 5116 3366 5195 judicabant?
3404 5117 3474 5195 Ei
3504 5118 3548 5195 si
3590 5119 3644 5195 _iit
3671 5119 3842 5195 uolgi:

2216 5184 2535 5257 judicaoiiur
2558 5184 2775 5257 uinaria;
2793 5224 2809 5250 ,
2830 5184 3027 5256 indigni
3069 5187 3185 5240 estis
3209 5189 3295 5256 qui
3324 5188 3387 5241 de
3408 5184 3626 5241 minimis
3653 5187 3841 5257 μιαί-

2224 5255 2344 5307 ceti:
2369 5252 2680 5337 (INCorer,
2825 5273 2845 5307 ι

2301 5341 2322 5375 ‹
2358 5325 2477 5397 Alia
2502 5325 2844 5397 estigentium
2872 5326 3004 5380 ultio
3024 5369 3037 5391 ,
3066 5335 3121 5382 ει
3145 5326 3245 5381 alia
3273 5328 3451 5397 populi
3479 5326 3840 5395 redargutio.

2224 5394 2358 5450 Nam
2386 5395 2518 5469 ultio
2542 5394 2625 5469 ad
2649 5396 2890 5451 infideles
2933 5400 3152 5452 omnino
3185 5394 3416 5466 pertinet
3445 5415 3461 5465 ;
3489 5401 3553 5452 ad
3583 5394 3848 5469 populos

2225 5480 2356 5539 vero
2381 5466 2473 5536 qui
2502 5466 2689 5521 nolunt
2715 5469 2766 5520 in
2788 5469 3143 5537 cognitionem
3172 5469 3375 5536 venire,
3405 5466 3847 5539 redarg'utiones

2228 5538 2514 5609 pertinent,
2543 5552 2649 5592 non
2667 5539 2807 5609 ultio
2831 5554 2846 5603 ;
2877 5551 2998 5592 nam
3026 5539 3155 5593 ultio
3184 5539 3248 5592 ad
3290 5541 3534 5594 inimicos
3560 5538 3791 5609 Spectat
3822 5557 3844 5606 ;

2226 5608 2320 5663 sed
2350 5608 2618 5681 redarguit
2646 5607 2735 5661 ille
2773 5620 2829 5663 ut
2859 5610 3116 5681 Dominus
3138 5650 3153 5675 ,
3180 5624 3396 5681 peccata
3427 5607 3763 5680 dijudican's.
3815 5629 3841 5663 θ

2305 5695 2324 5729 t
2362 5677 2549 5730 Anima
2571 5680 2719 5747 justi,
2747 5693 2866 5750 cum
2896 5678 3019 5734 hinc
3044 5677 3274 5746 excedit,
3301 5677 3606 5750 angelorum
3634 5681 3847 5734 maui-

2228 5749 2330 5822 bus
2359 5755 2615 5822 portatur;
2646 5752 2733 5817 qui
2764 5749 2907 5805 illam
2936 5751 2987 5806 in
3012 5754 3144 5807 urbe
3174 5754 3317 5822 regia
3343 5749 3556 5818 sistunt,
3584 5763 3704 5820 quae
3740 5761 3853 5807 est

2230 5819 2465 5874 emlestis
2493 5818 2805 5875 Jerusalem.
2839 5840 2861 5872 ›
