4194 6478
289 5555 298 5576 \

339 395 407 447 95

525 507 594 561 In
622 506 1014 561 decoltationem
1056 504 1117 560 S.
1147 503 1367 558 Joannis
1397 503 1639 572 Baptista:
1667 503 1768 575 (a).

411 620 741 675 lnscribitur
757 620 814 673 S.
841 619 1061 674 Joannis
1081 617 1473 689 Chrysostomi,
1494 632 1608 689 nec,
1622 617 1758 689 mihi
1772 625 1948 689 tamen

330 694 455 762 ejus
482 707 609 746 esse
657 692 879 762 videtur
895 710 915 762 7:
947 687 1227 762 sententia:
1257 688 1400 762 enim
1426 695 1482 742 et
1510 687 1783 762 scribendi
1811 687 1950 741 ratio

334 756 558 818 caeteris
588 762 711 829 ejus
734 761 988 829 oneribus
1017 759 1175 827 loage
1197 757 1480 829 inferiores
1505 767 1651 829 sunt.
1681 756 1948 812 Caeterum

340 851 410 888 ex
439 835 558 902 ipso
585 828 840 900 quaedam
887 828 1396 902 compositafnere.
1430 828 1599 882 Dictio
1627 842 1841 898 quoque
1867 835 1950 882 est

267 960 284 986 ἐ
344 899 624 986 inelegans
651 911 720 983 et_
735 903 806 956 ab
845 901 962 986 ejus
992 901 1132 986 stylp
1162 899 1356 954 aliena.

430 995 448 1026 ι
483 973 526 1028 0
550 989 667 1028 rem
709 965 1002 1026 inauditam
1029 965 1060 1024 ι’
1084 970 1320 1024 Joannes
1365 968 1506 1024 illius
1535 965 1809 1036 (Herodis)
1835 969 1951 1022 ani-

350 1061 486 1099 mam
533 1043 742 1112 peccati
793 1042 1005 1096 vinculo
1049 1041 1261 1110 ligatam
1284 1081 1309 1112 ,ί
1331 1039 1698 1112 redarguendo
1738 1039 1949 1094 solvere

348 1116 509 1170 voluit
537 1110 553 1178 ζ
581 1114 674 1168 ille
704 1127 838 1167 vero
865 1111 1164 1166 solventem
1190 1125 1249 1166 se
1281 1110 1492 1181 ligabat.
1538 1129 1556 1162 i

343 1228 593 1299 Ejusdem
628 1226 926 1299 inscribitur
956 1240 1118 1299 sermo
1144 1224 1196 1299 in
1224 1223 1358 1299 idem
1387 1230 1738 1299 argumentum
1762 1263 1775 1288 ,
1801 1229 1848 1276 et
1873 1230 1947 1275 est

785 1296 992 1349 omnino
1021 1295 1180 1364 priori
1203 1294 1383 1347 similis
1415 1291 1514 1363 (ὑ).

417 1431 437 1464 ι
467 1411 670 1467 Judzeis
711 1408 1044 1479 permissum
1065 1403 1619 1479 luit_u_xorem_fratris
1644 1403 1761 1479 sine
1797 1403 1944 1474 prole

338 1483 585 1539 defuncti
626 1475 827 1536 dueere
851 1521 866 1544 ,
897 1493 1018 1531 cum
1064 1477 1370 1547 prohiberet
1415 1475 1558 1530 Deus
1584 1475 1942 1547 nuptia_s_cum

335 1554 655 1620 gentilibus,
675 1567 796 1620 quae
816 1545 1156 1620 solebantjad
1184 1547 1326 1601 idola
1346 1560 1411 1620 se
1424 1553 1738 1620 convertere
1748 1545 1940 1620 _(De_itt.

337 1615 512 1687 XXV,
543 1623 625 1691 5).
643 1615 771 1676 illoc
796 1635 927 1690 ergo
950 1617 1254 1691 conjugium
1273 1626 1338 1691 ut
1362 1615 1662 1691 idololatria
1691 1615 1942 1691 tolerabi-

335 1696 442 1748 lius
469 1685 675 1748 Jitdmis
704 1685 1022 1745 concessum
1050 1685 1153 1743 est.
1193 1686 1526 1756 Tripudiavit
1559 1686 1662 1740 lilia
1693 1685 1947 1740 Ilerodia—

333 1766 440 1820 dis.
475 1765 678 1834 Dignus
703 1763 840 1817 festo
871 1761 1075 1834 honor,
1105 1769 1156 1814 et
1183 1757 1468 1834 delectatio
1491 1757 1582 1810 tali
1602 1756 1938 1834 celebritate.

335 1836 475 1889 Cum
502 1825 816 1903 jtiramento
839 1831 1090 1903 promisit
1110 1844 1167 1882 se
1192 1827 1332 1897 quod
1359 1836 1561 1903 peteret
1585 1825 1851 1903 daturum.
1877 1825 1944 1880 Et

336 1906 441 1960 hoc
471 1897 568 1958 fuit
601 1902 950 1969 turpitudinis
971 1899 1390 1954 additamentum
1411 1897 1646 1969 gravius,
1668 1899 1942 1969 juramen-

333 1986 449 2030 tum
481 1966 845 2037 indefinitum,
869 1982 922 2024 et
947 1973 1048 2024 hoc
1077 1979 1294 2040 propter
1315 1966 1672 2040 saltationem.
1692 1966 1939 2040 Regalem

331 2045 716 2100 auctoritatem
765 2043 991 2113 pedibus
1039 2037 1238 2113 puellae
1275 2053 1504 2113 vesanus
1533 2038 1623 2091 ille
1665 2037 1891 2113 subjecit
1924 2054 1938 2090 :

332 2118 541 2184 regiam
571 2108 890 2184 dignitatem
913 2108 1536 2184 conculcandamdedit,
1569 2122 1773 2184 suoque
1796 2108 1942 2174 jura-

331 2179 522 2240 méuto
551 2179 768 2238 vinctus
808 2183 1042 2246 mansit,
1069 2183 1158 2252 qui
1205 2179 1494 2249 cupiditate
1537 2179 1774 2252 captivus
1802 2185 1939 2231 erat.

331 2256 538 2310 Invitus
571 2256 768 2310 deinde
798 2253 988 2323 puellae
1019 2249 1168 2305 uului
1189 2265 1377 2323 servus
1408 2251 1600 2323 mansit
1627 2265 1646 2323 ;_
1678 2249 1784 2323 imo
1813 2261 1941 2323 vero

335 2344 525 2381 rursus
559 2327 724 2379 homo
751 2319 877 2379 Eva:
909 2323 1176 2378 illecebris
1205 2321 1504 2390 subjicitur.
1534 2319 1766 2390 Audaci‘a
1786 2319 1940 2390 peti-

336 2399 502 2452 tionis
530 2411 742 2464 magna,
766 2403 926 2464 caput
951 2394 1078 2462 justi
1105 2394 1155 2446 in
1179 2387 1326 2446 disco
1347 2389 1608 2464 accipere,
1634 2397 1690 2445 et
1714 2387 1942 2464 delecta-

335 2470 537 2521 tionem
572 2458 857 2520 in'luctum
888 2458 1119 2527 mutare,
1139 2477 1378 2516 mensam
1407 2460 1711 2528 sepulcrum
1741 2458 1937 2513 facere.

336 2539 668 2599 Decebatne,
696 2538 878 2597 miser,
909 2534 1112 2588 eaedem
1137 2537 1188 2586 in
1212 2530 1511 2585 mercedem
1540 2529 1756 2598 tripudii
1785 2528 1937 2593 dare,

330 2620 389 2664 et
416 2619 650 2662 mortem
680 2609 731 2660 in
759 2606 1038 2674 ebrietatis
1080 2604 1497 2674 delectationem
1522 2600 1756 2674 afferre?
1787 2599 1939 2674 Jura-

331 2689 581 2734 mentum
607 2688 658 2732 te
686 2669 1098 2744 obstringit‘lat
1122 2675 1297 2727 czedes
1329 2671 1591 2741 prohibet.
1628 2669 1941 2744 Promissiof

331 2765 455 2804 netu
491 2749 769 2819 reposcit?
823 2740 923 2819 sed
970 2747 1044 2799 rei
1096 2740 1362 2799 saltationi
1403 2757 1675 2819 congnuzn,
1714 2757 1818 2793 non
1865 2740 1939 2794 rei

329 2821 418 2872 cui
443 2835 513 2890 ne
532 2812 769 2872 mundus
784 2817 999 2890 quidem
1018 2826 1100 2870 est
1120 2830 1236 2890 coni
1247 2812 1538 2890 parandus._
1551 2812 1837 2890 Barbarum
1858 2821 1940 2890 est

331 2889 570 2944 Herodis
603 2880 837 2943 tribunal
869 2905 882 2940 :
920 2901 1128 2952 mensa,
1152 2880 1385 2938 ebrietas
1409 2882 1766 2952 ettripudium
1796 2880 1939 2948 judi-

327 2963 475 3014 cium
510 2961 774 3014 tulerunt.
807 2961 852 3014 0
869 2958 1130 3027 justitiam
1160 2955 1336 3024 iniqua
1359 2953 1646 3027 audentem
1668 2953 1681 3005 !
1715 2967 1774 3027 se
1797 2959 1941 3027 recte

327 3031 515 3101 jurare
562 3030 822 3094 simulat,
865 3021 920 3081 et
963 3027 1211 3101 occidere
1253 3021 1360 3079 non
1403 3023 1693 3101 erubescit.
1726 3021 1938 3101 Untinam

329 3092 477 3155 recte
502 3092 830 3170 pejcrassesi,
858 3109 915 3154 et
942 3115 1046 3150 non
1076 3098 1255 3165 inique
1284 3106 1429 3170 recte
1453 3095 1715 3170 jurasses.
1748 3092 1792 3146 Ο
1807 3106 1942 3170 eon-

331 3163 534 3225 viviutii
567 3163 708 3240 justi
739 3171 1044 3223 admiscens
1075 3163 1300 3240 mortem
1327 3166 1340 3218 l
1385 3181 1417 3218 ο
1446 3163 1777 3240 convivium,
1807 3163 1940 3231 legis

329 3234 708 3296 observaioris
738 3241 998 3310 sanguine
1030 3247 1087 3292 ut
1111 3238 1241 3291 vino
1261 3234 1576 3305 aspersum!
1614 3251 1633 3284 ι

632 3350 878 3424 Ejusdem
925 3351 980 3404 in
1023 3349 1156 3405 ident
1196 3345 1656 3419 argumentum(c).

409 3465 637 3520 Videtur
666 3465 753 3518 hic
774 3478 956 3518 sermo
980 3471 1236 3532 cognatus
1265 3477 1386 3516 esse
1410 3461 1781 3531 Chrysostomi
1809 3477 1935 3517 ora-

333 3537 600 3600 tionibus,
650 3549 824 3603 neqne
857 3547 1033 3588 tamen
1079 3543 1182 3595 est,
1216 3548 1314 3586 nec
1359 3534 1774 3603 convenientem,
1812 3534 1940 3602 ipsis

327 3623 555 3661 sensum
587 3622 698 3674 pra:
725 3602 784 3660 se
805 3605 926 3667 fert,
950 3604 1398 3674 quemadmodum
1425 3604 1546 3674 duae
1567 3602 1940 3672 prmcedentes

329 3679 475 3732 inter
504 3692 568 3742 se
591 3673 956 3739 consentiunt,
988 3689 1089 3729 nec
1112 3673 1401 3738 differunt;
1432 3673 1524 3729 sed
1554 3674 1825 3743 proprium
1847 3688 1938 3728 ex-

325 3749 546 3802 ordium
577 3747 761 3799 habet.

409 3836 428 3869 ι
479 3818 751 3872 Joannem
804 3813 1124 3884 praedicabo,
1157 3823 1211 3870 et
1262 3814 1401 3868 illius
1444 3813 1755 3882 sapientiam
1787 3813 1940 3868 vobis

329 3889 594 3942 omnibus
624 3895 805 3941 notam
830 3885 1054 3944 faciant;
1087 3885 1345 3940 Joannem
1369 3885 1458 3954 qui
1489 3885 1666 3938 divisit
1691 3899 1808 3937 cum
1842 3886 1940 3938 Pa-

329 3969 416 4012 tre
455 3956 904 4028 praedicationem
948 3953 1514 4028 Ui_iigeniti.__Ete_i_iim_
1555 3954 1662 4018 ille,
1717 3953 1817 4007 Hie
1866 3967 1938 4028 est

329 4023 506 4082 Filius
539 4043 682 4081 meus
712 4028 925 4081 dilectus
967 4023 1181 4096 (Matth.
1225 4024 1310 4089 Ill,
1341 4023 1712 4096 l7),_desuper
1742 4041 1772 4078 c
1801 4027 1938 4096 cado

329 4109 568 4154 teStatus
600 4107 720 4162 est;
749 4097 840 4167 qui
872 4093 1001 4151 vero
1032 4095 1090 4167 iii
1116 4105 1252 4167 terra
1283 4093 1584 4167 era_t,_Eece
1615 4097 1786 4167 Agnus
1821 4094 1936 4163 Dei,

325 4171 420 4238 qui
471 4168 608 4222 tollit
631 4163 893 4238 peccatum
923 4166 1102 4219 mundi
1146 4163 1400 4238 (Joan._l,
1429 4164 1548 4238 29):
1581 4175 1636 4218 et
1663 4166 1818 4219 Pater
1846 4181 1939 4234 per

326 4235 650 4294 columbam
681 4238 936 4293 dilectum
965 4250 1119 4290 suum
1158 4235 1426 4297 ostendit;
1458 4235 1546 4288 ille
1575 4246 1750 4289 autem
1779 4251 1937 4289 manu

329 4310 762 4378 Redemptorem
791 4307 973 4361 mundi
1004 4306 1437 4378 indieavit.(_)pus
1463 4305 1558 4378 fuit
1587 4320 1716 4378 voce
1742 4307 1934 4374 genita,

325 4396 455 4450 qua:
485 4375 715 4450 verbum
736 4378 937 4450 _Patris
975 4378 1241 4450 solveret.
1289 4376 1422 4442 Quia
1467 4375 1609 4450 enim
1657 4375 1939 4450 Zacharias

326 4446 442 4504 rion
470 4449 706 4504 credidit
732 4446 1055 4502 Elisabethte
1082 4447 1417 4502 sterilitatem
1446 4447 1673 4500 solutam
1697 4448 1781 4510 iri,
1811 4448 1940 4515 liga-

330 4531 450 4575 tum
501 4528 588 4574 est
635 4533 898 4588 organum
947 4519 1164 4587 linguae,
1210 4531 1277 4588 ne
1319 4517 1540 4570 verll’um
1571 4531 1638 4588 ex
1666 4517 1940 4571 incredulo

326 4604 431 4646 ore
463 4586 729 4658 prodiret}
780 4587 913 4643 Cum
941 4586 1119 4642 autem
1147 4586 1318 4658 soluta
1350 4595 1432 4658 est
1455 4587 1727 4658 sterilitas,
1759 4596 1816 4640 et
1838 4601 1940 4640 vox

326 4656 560 4731 prodiit,
602 4659 782 4731 soluta
831 4667 916 4713 est
963 4658 1126 4714 etiam
1166 4656 1439 4711 Zachariae
1480 4657 1679 4726 lingua,
1731 4667 1784 4713 et
1831 4672 1938 4731 vos

330 4727 560 4800 prodiit.
590 4728 637 4784 Ο
659 4743 847 4783 vocem
879 4742 1194 4798 perennem,
1216 4743 1336 4798 quae
1376 4735 1496 4797 post
1526 4737 1752 4782 mortem
1779 4727 1938 4782 etiam

326 4802 524 4856 orbein
557 4810 827 4854 terrarum
855 4800 1056 4868 replet!
1099 4817 1118 4850 ›

560 4913 812 4987 Ejusdem
831 4913 984 4966 Hom.
1010 4914 1029 4968 1
1053 4912 1116 4967 de
1132 4911 1329 4982 Spiritu
1346 4911 1537 4968 Sancto
1555 4910 1656 4983 (ά).

404 5029 577 5085 Lecta
631 5035 718 5082 est
743 5025 1134 5096 Chrysostomi‘
1166 5024 1334 5096 prima
1384 5023 1600 5096 homilia
1620 5023 1708 5096 de
1735 5024 1937 5092 Spiritu

323 5114 546 5160 sancto,
575 5098 728 5166 cujus
755 5094 986 5150 initium:
1015 5094 1138 5149 lleri
1168 5095 1342 5156 nobis,
1373 5110 1406 5148 ο
1433 5094 1628 5148 Christi
1653 5104 1940 5160 amatores,

323 5171 451 5225 falsi
481 5169 688 5224 Christi
720 5183 750 5220 a
781 5166 1084 5234 semetipsis
1129 5166 1502 5234 loquebantur,
1551 5181 1655 5218 non
1697 5181 1762 5220 ex
1808 5166 1941 5232 lege,

325 5260 440 5294 non
472 5256 540 5293 ex
577 5239 875 5308 prophetis.
899 5238 996 5290 sed
1023 5252 1086 5290 ex
1118 5237 1327 5308 propria
1361 5237 1619 5290 sententia
1636 5247 1696 5308 et
1723 5237 1942 5304 impetu.

321 5306 595 5367 Servatur
622 5306 804 5363 antem
834 5324 942 5363 non
972 5309 1193 5361 recessit
1215 5323 1242 5358 a
1275 5306 1411 5375 lege,
1447 5321 1545 5361 nec
1571 5307 1783 5376 reliquit
1812 5321 1937 5374 pro-

325 5380 694 5461 ιειιεξιιιετ-ξεᾷ
744 5379 998 5461 dicebat,
1053 5377 1214 5461 modo
1267 5377 1522 5461 quidem,
1557 5375 1695 5430 Bene
1751 5376 1945 5461 dicebat

331 5445 510 5509 3505a:
532 5449 715 5523 (Matt.
744 5449 866 5516 XV,
897 5450 975 5519 7)‘,
1036 5449 1198 5503 modo
1236 5445 1438 5512 autem,
1469 5445 1655 5501 Nonne
1701 5449 1946 5516 scriptum

417 5605 472 5672 ᾳ)
511 5601 814 5672 ξαρ-ΒΑΚ,
845 5615 895 5664 p.
919 5600 1031 5659 510,
1061 5601 1110 5649 b.

508 5667 664 5804 ἷὲἶέξς
691 5740 742 5804 [1ο
769 5726 825 5804 ἕι
843 5726 884 5804 ες
910 5739 956 5804 =1-

327 5781 664 5904 wi'dglll’hot;
691 5781 815 5839 Bck.
848 5787 964 5836 Cod.
999 5785 1108 5844 277,
1135 5799 1181 5843 τι,
1217 5800 1263 5848 ρ.
1284 5781 1404 5846 316;
1430 5783 1574 5853 Oper.
1602 5782 1766 5847 Chrys.
1810 5787 1847 5831 t.
1871 5789 1942 5842 tlt,

1563 391 1649 446 DE
1687 390 1744 446 S.
1787 377 2044 446 JOANNE
2083 386 2454 444 CIIRYSOS'I‘.

3576 391 3643 446 9|

2066 513 2140 556 est
2263 502 2605 579 ‘lege_vesti_'a_
2643 503 2840 579 (Joan.
2875 503 3047 579 VIIIB
3076 515 3130 579 et
3159 505 3430 562 innumera
3463 508 3644 579 hujus-

2062 572 2226 644 modi.
2252 572 2512 640 Quoniam
2539 572 2696 644 igitur
2722 575 2810 643 qui
2839 585 2961 629 ante
2990 575 3255 632 Christum
3287 572 3561 644 venerani,
3588 591 3642 634 ιιι

2058 642 2253 697 Christi
2271 657 2476 715 nomen
2505 641 2604 715 sibi
2630 641 2993 700 fraudulenter
3024 646 3406 715 imposuerant,
3440 641 3634 703 nonex

2059 717 2226 768 sacris
2264 712 2574 784 scripturis,
2623 717 2714 768 sed
2753 730 2818 769 ex
2869 712 3385 784 propria’veeordia
3427 734 3640 772 et'rort-s

2057 781 2440 904 proponebant,
2478 783 2607 836 dicit
2643 781 2914 866 Servator‘,
2956 781 3078 867 .Ego
3120 804 3152 840 a
3199 789 3487 868 meinatipso
3539 806 3638 842 non

2078 868 2237 904 oauor
2261 853 2438 904 ann.
2484 852 2624 904 XIV.
2651 855 2758 904 I0)-
2793 865 2849 904 ιιι
2894 856 2989 904 IIII.
3024 855 3154 904 Nam
3185 873 3212 904 τι
3256 871 3432 904 solum
3473 858 3635 904 lonni_

2078 853 2438 922 oquor(.loan.
2484 852 2624 928 XIV,
2651 855 2759 923 IO),
2793 865 2849 928 ut
2894 852 3154 928 illia'Natn
3185 873 3212 909 a
3256 852 3432 926 seipso
3473 858 3637 928 loqui.

2056 932 2311 996 estextra
2339 938 2516 996 sacras
2542 924 2768 980 Litteras
2796 926 2957 996 loqui.
2989 927 3140 994 Quod
3165 924 3351 981 autem
3381 943 3410 981 a
3459 924 3639 994 seipso

2058 991 2237 1066 loqui,
2258 994 2781 1066 pseudochristorum
2813 991 3480 1066 et'pseiidOprOphetarum
3529 991 3600 1052 sit
3621 1040 3634 1061 ,

2054 1061 2184 1117 dicit
2212 1063 2350 1134 Deus
2378 1079 2472 1133 per
2493 1065 2805 1134 prophetam
2827 1061 3333 1121 Ezict-hiclemz'Non
3362 1069 3474 1120 misi
3499 1069 3640 1121 illos:

2053 1148 2098 1207 ε
2111 1133 2663 1207 βέρρὶεᾼίοᾳηιὶίδαὶιι,
2714 1153 2776 1190 ex
2802 1139 2950 1192 corde
2974 1154 3065 1190 suo
3094 1139 3240 1191 verba
3270 1139 3391 1191 dant
3424 1137 3634 1207 (Ezeclt.

2054 1200 2499 1283 glll,5,6)._Quia
2527 1207 2689 1283 igitur
2712 1207 3189 1283 pseudoprophetie
3207 1224 3271 1262 ex
3297 1200 3486 1276 seipsis
3508 1224 3639 1283 pra:-

2051 1272 2323 1353 dicabant,
2354 1275 2490 1353 hanc
2533 1272 2738 1353 amoliri
2771 1272 2955 1353 volens
2998 1272 3394 1353 suspicionem;
3436 1272 3632 1353 ctenim

2053 1345 2256 1412 ingrata
2273 1345 2576 1400 Judteorum
2602 1349 2746 1401 natio
2769 1348 2996 1417 maligne
3017 1345 3226 1402 dicebat
3251 1351 3420 1416 ipsum
3445 1349 3637 1402 sedne-

2052 1420 2220 1468 torem
2251 1429 2388 1478 esse,
2431 1426 2485 1469 et
2511 1417 2763 1471 mundum
2805 1418 2855 1470 in
2899 1433 3134 1472 errorem
3175 1418 3465 1478 inducere;
3514 1419 3634 1472 ideo

2050 1482 2260 1558 dicebat
2304 1485 2424 1558 ille:
2453 1485 2565 1558 Ego
2587 1503 2616 1538 a
2653 1489 2940 1558 memetipso
2966 1504 3071 1558 non,
3094 1487 3286 1558 loquor,
3319 1487 3411 1542 sed
3439 1488 3630 1558 ailegc,

2049 1567 2079 1605 a
2106 1554 2408 1626 prophetis:
2442 1554 2776 1622 Qutecttmque
2795 1554 2964 1610 audivi
2986 1573 3017 1609 a
3040 1555 3191 1610 Patre
3217 1557 3392 1626 (Joan.
3419 1554 3634 1624 ΧΥ,Ἱό

2051 1634 2097 1696 et
2129 1623 2253 1696 VIII,
2281 1624 2394 1695 44),
2428 1626 2480 1680 in
2508 1626 2646 1695 lege,
2692 1629 2744 1682 in
2773 1627 3041 1696 prophetis
3071 1627 3158 1694 (ex
3197 1623 3423 1696 persona
3453 1631 3631 1682 carnis

2050 1693 2168 1749 haec
2186 1693 2420 1762 dicit,'et
2440 1693 2738 1766 utimpiatn
2771 1693 3127 1765 suspicionem
3152 1693 3354 1766 tollat);
3383 1713 3477 1751 vos
3504 1713 3631 1753 vero

2049 1779 2395 1834 quaecumque
2421 1765 2645 1821 audistis
2665 1781 2693 1819 a
2716 1777 2865 1834 patre
2886 1777 3063 1821 vestro
3079 1765 3308 1821 diabolo;
3339 1767 3466 1834 Qum
3489 1769 3629 1822 enim

2049 1835 2214 1903 patris
2240 1847 2384 1901 sunt,
2411 1850 2529 1891 sors
2554 1847 2677 1890 sunt
2707 1838 2969 1900 liliorum;
2998 1849 3046 1891 et
3078 1839 3196 1892 ideo
3218 1854 3334 1904 qua:
3364 1838 3429 1891 ad
3460 1839 3628 1906 ipsum

2050 1906 2318 1973 pertinent
2350 1906 2653 1961 hieredibus
2683 1907 3010 1961 obveniant:
3041 1908 3108 1960 ita
3137 1916 3192 1961 ut
3224 1908 3308 1961 hic
3351 1907 3488 1962 idem
3511 1923 3631 1963 esse

2047 1973 2289 2030 videatur
2315 1985 2383 2048 et
2400 1977 2588 2048 eodem
2618 1977 2878 2048 recidere,
2908 1993 2972 2031 ex
2999 1993 3057 2029 se
3083 1977 3199 2046 ipso
3220 1979 3384 2046 loqui,
3409 1988 3463 2032 et
3485 1979 3628 2048 loqui

2048 2059 2114 2114 ex
2161 2055 2312 2114 patre
2357 2047 2587 2101 diabolo.
2630 2047 3086 2114 Quemadmodum
3132 2048 3376 2102 Christus
3409 2047 3628 2101 veniens

2048 2113 2220 2186 [actus
2267 2130 2348 2170 est
2391 2113 2666 2186 plenitudo
2717 2117 2848 2186 legis
2886 2126 2940 2171 et
2991 2117 3390 2186 prophetarum,
3448 2118 3526 2172 sic
3572 2129 3625 2172 et

2047 2184 2277 2253 Spiritus
2325 2184 2596 2255 plenitudo
2649 2196 2730 2240 est
2771 2184 3058 2254 Evangelii.
3091 2184 3349 2241 Christus
3405 2189 3627 2242 veniens

2046 2257 2382 2310 confirmavit
2407 2272 2470 2311 ea
2501 2272 2617 2326 qua:
2638 2273 2667 2311 a
2712 2257 2868 2311 Patre
2895 2258 3031 2311 dicta
3082 2258 3291 2312 fuerant
3321 2259 3372 2310 in
3430 2259 3543 2325 lege
3569 2267 3628 2312 et

2049 2326 2322 2398 prOphetis
2338 2344 2356 2398 ς
2385 2327 2864 2398 ᾳυαρῖοριϐιχόίοἰι
2905 2327 3138 2381 Paulus:
3195 2326 3473 2380 Plenitudo
3502 2327 3626 2398 legis

2046 2395 2273 2467 Christus
2302 2395 2477 2467 (Rom.
2501 2396 2567 2458 Χ,
2589 2397 2668 2466 4);
2701 2395 2928 2464 Spiritus
2955 2409 3169 2452 sanctus
3193 2398 3410 2451 veniens
3441 2395 3623 2465 imple-

2046 2466 2207 2538 vit‘ea
2236 2466 2354 2533 qua:
2378 2476 2500 2538 sunt
2529 2467 2818 2538 Evangelii.
2845 2469 3203 2536 Qu:ecumque
3225 2479 3345 2522 sunt
3366 2469 3416 2520 in
3443 2467 3626 2524 Chris-

2047 2536 2084 2588 ti
2110 2535 2371 2603 doctrina,
2400 2537 2582 2606 implet
2611 2535 2837 2607 Spiritus
2863 2535 3129 2601 sanctus;
3154 2553 3500 2606 qua-cumque
3530 2555 3625 2592 au-

2047 2613 2154 2659 tem
2181 2607 2232 2660 in
2261 2607 2392 2677 lege,
2424 2607 2666 2662 Christus
2693 2625 2703 2659 :
2732 2622 2834 2661 non
2880 2608 3019 2677 quod
3064 2608 3220 2662 Pater
3247 2610 3313 2662 sit
3345 2608 3623 2676 imperfec-

2047 2684 2153 2746 tus,
2185 2677 2278 2732 sed
2321 2690 2380 2732 ut
2423 2679 2683 2746 interpres
2708 2689 2761 2732 et
2811 2679 3072 2746 perfector
3124 2694 3307 2730 eorum
3355 2694 3470 2746 quae
3500 2690 3625 2734 sunt

2047 2745 2238 2801 Patris.
2267 2747 2353 2802 Sic
2379 2745 3058 2817 autem'Spiritus’explicat
3079 2757 3132 2802 et
3156 2745 3392 2802 declarat
3423 2763 3483 2801 ea
3505 2764 3622 2817 quae

2046 2825 2170 2871 sunt
2199 2817 2348 2872 Filii:
2401 2834 2521 2871 nam
2571 2819 2737 2873 dicit:
2773 2817 2940 2871 Multa
2970 2817 3126 2870 habeo
3157 2819 3292 2871 vobis
3318 2818 3500 2880 dicere,
3535 2822 3622 2871 sed

2045 2902 2146 2939 non
2185 2888 2389 2956 potestis
2429 2899 2630 2957 portare
2666 2891 2814 2942 modo
2853 2904 3009 2941 :cum
3050 2897 3214 2940 autem
3243 2891 3426 2941 venerit
3451 2888 3618 2957 Spiri-

2046 2965 2126 3029 tus
2151 2967 2374 3029 sanctus,
2407 2956 2554 3012 ducet
2599 2973 2683 3012 vos
2705 2960 2756 3012 in
2782 2975 2980 3013 omnem
3005 2959 3258 3029 veritatem
3283 2956 3457 3029 (Joan.
3485 2956 3622 3024 XV‘l,

2048 3027 2116 3081 12
2137 3068 2151 3093 ,
2182 3028 2290 3098 15),
2313 3038 2418 3084 etc.
2456 3029 2608 3096 Quod
2639 3045 2667 3082 a
2693 3031 2869 3098 seipso
2915 3043 3018 3082 non
3064 3027 3327 3096 loquitur;
3357 3045 3459 3081 nou
3481 3029 3624 3082 enim

2045 3101 2360 3154 contradicit
2405 3100 2562 3160 Filio.
2607 3099 2701 3154 sed
2738 3099 2995 3169 adimplet
3035 3113 3110 3169 ea;
3140 3115 3260 3168 qum
3297 3109 3421 3169 sunt
3466 3098 3580 3151 Filii
3607 3141 3622 3159 .

2047 3179 2104 3221 ut
2140 3177 2194 3223 et
2233 3170 2398 3225 Filius
2423 3185 2484 3225 ea
2515 3185 2632 3238 quae
2673 3179 2798 3224 sunt
2821 3167 3013 3224 Patris.
3042 3187 3060 3220 ι
3092 3167 3294 3223 Ιιιίῦηθ
3323 3168 3478 3238 hujus
3504 3183 3622 3222 ser-

2045 3241 2219 3294 monis
2244 3242 2503 3312 _invenies
2529 3239 2967 3312 Chrysostomum
2997 3240 3284 3312 dicentem,
3313 3240 3622 3312 missionem

2045 3324 2218 3380 neque
2242 3310 2452 3374 Filium,
2482 3309 2656 3380 neque
2695 3310 2948 3379 Spiritum
2969 3311 3224 3364 minorem
3248 3310 3423 3380 facere
3445 3309 3620 3380 Patre.

2045 3378 2196 3452 Quod
2227 3393 2279 3436 et
2307 3385 2419 3452 ipse
2446 3378 2595 3452 pater
2614 3378 2850 3452 mittatur
2875 3396 2903 3432 a
2939 3380 3138 3452 Spiritu
3161 3387 3216 3433 et
3257 3395 3286 3434 a
3317 3379 3453 3452 Filio
3495 3378 3624 3432 dicit

2045 3448 2129 3504 bis
2166 3448 2372 3506 verbis:
2410 3448 2513 3505 «Si
2544 3451 2634 3504 tibi
2660 3449 2944 3504 ostendero
2965 3451 3217 3504 faetorem
3241 3450 3358 3504 cceli
3387 3458 3438 3502 et
3466 3455 3623 3502 terra:

2047 3521 2266 3574 missum
2310 3521 2474 3577 fuisse
2520 3534 2549 3573 a
2609 3520 2807 3588 Spiritu
2862 3529 2916 3573 et
2970 3535 2998 3572 a
3058 3518 3209 3582 Filio,
3257 3520 3383 3589 quid
3426 3519 3624 3572 facies?

2046 3589 2144 3644 Vel
2194 3606 2325 3660 nega
2380 3590 2650 3646 Christum
2708 3600 2762 3645 et
2808 3589 2928 3644 dele
2988 3589 3324 3657 Seripturas;
3371 3591 3455 3644 vel
3500 3603 3620 3660 cum

2046 3674 2230 3715 servus
2259 3658 2332 3716 sis
2373 3661 2682 3730 Scriptura),
2728 3660 3019 3730 Scripturis
3048 3661 3364 3730 te,subjice.
3415 3660 3480 3714 Et
3510 3658 3625 3712 ubi-

2046 3745 2190 3796 nam,
2220 3732 2449 3802 inquies,
2489 3729 2589 3785 hoc
2617 3730 2816 3785 dictum
2848 3729 2967 3802 est?
2993 3729 3127 3784 Audi
3153 3729 3322 3802 Deum
3360 3744 3454 3798 per
3500 3744 3625 3798 pro-

2045 3802 2257 3870 phetam
2292 3798 2482 3856 Isaiam
2526 3802 2811 3866 dicentem,
2855 3799 2990 3855 Audi
3013 3817 3111 3865 me,
3141 3798 3328 3867 Israel,
3359 3815 3505 3871 quem
3533 3815 3624 3869 ego

2044 3869 2163 3954 voco
2263 3872 2388 3926 lsai.
2438 3871 2832 3954 XL\’III_,_12).
2873 3891 2891 3922 ι
2943 3872 3010 3954 _Et
3063 3886 3182 3954 enm
3227 3869 3621 3954 totumnloeuin

2043 3939 2352 4010 protulisset
2399 3943 2654 4011 usquead
2691 3939 2802 3996 hinc
2844 3943 3026 4007 verba,
3072 3940 3140 3995 Et
3189 3957 3331 3996 nunc
3376 3939 3624 4011 Dominus

2001 4031 2008 4040 ο
2044 4013 2176 4065 misit
2205 4030 2280 4066 me
2305 4023 2350 4066 et
2377 4010 2604 4078 Spiritus
2633 4014 2774 4081 ejus:
2804 4013 3084 4066 Conﬁrmat
3128 4012 3339 4066 Patrem
3391 4012 3505 4064 hinc
3537 4010 3621 4063 di-

2043 4097 2182 4144 cere,
2231 4100 2291 4138 ex
2349 4083 2769 4152 pra-cedentibus
2816 4083 2953 4137 dicta
3009 4083 3242 4150 probans
3287 4090 3341 4136 et
3385 4088 3627 4152 statuens

2046 4151 2379 4206 manifestum
2419 4169 2538 4206 esse
2582 4153 2720 4218 quod
2773 4153 2926 4208 Pater
2956 4152 3040 4207 hic
3068 4152 3315 4222 loquatur
3361 4160 3414 4206 et
3441 4151 3622 4204 mitta-

2045 4232 2128 4275 tur
2154 4238 2183 4274 a
2221 4223 2419 4290 Splt'llll
2460 4232 2512 4275 et
2539 4222 2693 4276 Filio.

2045 4350 2289 4437 Ejusdem
2309 4352 2361 4437 in
2393 4351 2545 4437 illud,
2588 4350 2830 4437 (Illi'ristus
2852 4351 3132 4437 oﬂenshet.
3158 4351 3210 4404 in
3232 4349 3395 4437 illud,
3409 4351 3620 4437 Inscen-

2115 4424 2192 4476 dit
2218 4434 2269 4475 et
2298 4423 2573 4476 descendit
2602 4420 2621 4493 (
2647 4420 2772 4474 Luc.
2802 4419 2844 4484 I,
2873 4421 2976 4485 78;
3026 4420 3221 4488 Epltes.
3252 4420 3340 4485 IV,
3375 4421 3444 4476 10
3465 4419 3520 4492 );
3577 4430 3624 4472 et

2115 4493 2249 4554 quod
2282 4493 2504 4562 Spiritus
2533 4501 2734 4545 sanctus
2763 4493 2824 4545 sit
2851 4492 3168 4561 omnipotens
3198 4489 3297 4562 (a).

2120 4624 2257 4679 Deus
2290 4623 2544 4688 Verbum,
2576 4624 2744 4694 inquit
2772 4623 3026 4690 Joannes,
3081 4623 3356 4682 brachium
3405 4625 3474 4680 de
3513 4625 3621 4680 dis.

2047 4696 2358 4764 pensatione
2377 4697 2674 4750 Servatoris
2692 4705 2745 4750 et
2768 4695 3008 4762 ejusdem
3030 4694 3226 4750 deitate
3251 4697 3628 4764 interpretans.

2054 4784 2072 4816 ι
2120 4765 2276 4818 Multa
2299 4765 2470 4832 signa,
2502 4765 2690 4834 inquit,
2725 4765 2952 4821 faciente
2969 4764 3118 4828 Jesu,
3149 4782 3253 4819 non
3281 4764 3629 4821 crediderunt

2049 4837 2102 4889 in
2131 4834 2464 4904 euthudtei,
2516 4845 2576 4888 ut
2620 4835 2934 4904 impleretur
2983 4835 3126 4904 quod
3179 4837 3375 4891 dictum
3429 4845 3513 4891 est
3562 4839 3630 4890 al)

2048 4905 2210 4960 Isaia:
2236 4903 2472 4968 Domine,
2496 4906 2608 4974 quis
2633 4903 2846 4958 credidit
2869 4903 3070 4958 auditui
3103 4916 3274 4960 nostro
3299 4918 3346 4960 et
3371 4906 3632 4959 brachium

2053 4975 2254 5047 Domini
2283 4977 2364 5047 cui
2390 4979 2662 5047 revelatum
2701 4985 2774 5030 est
2814 4974 2966 5047 (Isai.
2996 4974 3128 5042 LIII,
3170 4975 3258 5047 l)?
3303 4976 3422 5046 Ipse
3473 4977 3634 5047 igitur

2049 5056 2133 5101 est
2157 5045 2396 5116 justitia;
2441 5045 2834 5116 appropinquat
2878 5046 3023 5102 enim
3067 5045 3271 5116 justitia
3321 5045 3476 5101 mea:
3519 5046 3635 5115 ipso

2050 5119 2323 5182 Servator,
2347 5114 2460 5184 ipse
2491 5114 2783 5170 brachium.
2817 5117 2937 5171 Ideo
2969 5114 3161 5171 Paulus
3181 5117 3358 5171 omnia
3387 5114 3633 5184 compre-

2053 5186 2292 5241 hendcns
2319 5188 2384 5239 ad
2401 5202 2578 5258 unum
2609 5187 2791 5251 refert,
2825 5189 3040 5242 dicens:
3069 5188 3167 5254 Qui
3195 5191 3464 5258 factus_es_t
3491 5189 3634 5258 nobis

2051 5259 2298 5326 sapientia
2329 5274 2358 5308 a
2389 5255 2494 5310 Deo
2516 5267 2560 5309 et
2586 5259 2920 5326 sanctiﬁcatio
2951 5268 2996 5311 et
3025 5255 3302 5326 redemptio
3333 5255 3389 5327 (I
3420 5256 3538 5310 Cor.
3592 5257 3630 5318 l,

2055 5329 2169 5396 50).
2205 5327 2295 5381 Ille
2324 5327 2475 5381 nobis
2501 5329 2717 5395 protulit
2745 5331 3002 5382 orientem
3021 5330 3256 5397 justum:
3287 5327 3426 5381 Ecce
3465 5328 3631 5397 enini,

2054 5395 2243 5468 inquit,
2269 5399 2530 5468 proferam
2561 5398 2742 5452 domui
2787 5399 2946 5452 David
2972 5395 3230 5453 orientem
3257 5397 3481 5466 justum.
3513 5395 3632 5465 Ipse

2053 5481 2136 5524 est
2189 5484 2281 5523 rex
2330 5469 2525 5537 justus.
2572 5468 2718 5523 Unus
2759 5483 2886 5538 ergo
2934 5478 3017 5522 est
3047 5471 3248 5536 oriens,
3316 5468 3464 5521 multi
3509 5483 3636 5521 vero

2052 5540 2169 5609 ejus
2197 5539 2351 5602 radii,
2395 5539 2756 5604 humanitatis,
2791 5539 3031 5601 medela),
3069 5539 3236 5608 pacis,
3262 5539 3520 5608 justitiic;
3551 5554 3635 5590 ra-

2053 5612 2126 5664 dii
2155 5611 2314 5665 etiam
2342 5610 2568 5663 aliorum
2610 5610 3094 5663 innumerabilium.
3124 5609 3249 5665 Ideo
3303 5611 3462 5663 David
3507 5623 3634 5676 prie-

2055 5682 2303 5734 nuntians
2330 5681 2592 5734 canebat:
2649 5679 2852 5733 Orietur
2896 5681 2952 5734 in
2993 5681 3166 5736 diebus
3191 5682 3300 5752 ejus
3341 5680 3544 5751 justitia
3588 5688 3636 5731 et

2117 5837 2188 5901 (tt)
2222 5835 2386 5898 Pliot.,
2411 5849 2457 5899 ι).
2485 5837 2592 5896 517,
2620 5849 2664 5885 a.
2692 5835 2819 5887 Edil.
2842 5831 3005 5888 Bekk.
