4194 6488
576 376 642 434 99
1833 367 2235 426 TESTIMONIA
2282 368 2604 427 \‘ETERUM

580 488 821 559 Regnavit
837 500 981 542 eutm
997 502 1132 559 mers
1145 485 1208 559 ab
1226 484 1387 538 Adam
1404 483 1638 559 usquead
1657 482 1881 559 ονεριῃ
1893 482 2140 554 (Rom.V,

578 552 673 628 I4).
691 600 705 623 ,
734 567 788 613 et
815 567 1016 625 postea.
1047 555 1113 628 Et
1143 556 1401 628 _Servator
1425 552 1493 608 de
1516 552 1729 628 diabolo
1748 552 1779 628 ξ
1811 553 1873 628 ξε
1904 552 2143 628 catenam

578 622 782 682 satanas
816 622 1019 696 ejiciat,
1052 625 1267 696 divisum
1290 634 1361 678 est
1385 640 1598 696 regnum
1627 626 1736 696 eius
1760 623 1779 696 ί
1803 623 1992 696 Matth.
2025 622 2140 687 XII,

578 692 895 769 26).]taque
923 695 1160 769 regnavit
1181 702 1316 769 ante
1334 692 1618 749 adventum
1645 692 1842 747 Christi
1866 707 2027 769 super
2056 708 2148 769 ge-

578 763 680 822 nus
703 763 1281 825 buuianom‘diabolus,
1305 764 1411 818 imo
1432 772 1487 817 et
1507 772 1777 832 peccaturo
1808 781 1820 815 :
1847 763 1975 817 dicit
2002 764 2143 817 enim

579 839 769 892 iterum
811 835 1004 889 Paulus
1033 852 1045 886 :
1082 833 1519 901 Quemadmodum
1542 833 1764 902 regnavit
1789 843 2046 901 peccatum
2091 834 2173 887 in.

582 906 784 961 mortali
813 913 982 958 nostro
1015 904 1344 973 corporetric
1369 912 1414 956 et
1442 904 1608 973 gratia
1632 903 1860 973 regnabit
1886 919 1975 973 per
1997 902 2147 956 Chri-

581 989 716 1031 stum
759 974 935 1042 (Rom.
980 973 1047 1039 V,
1088 973 1200 1043 21).
1233 971 1487 1043 Domith
1520 971 1781 1041 regnauit;
1812 971 2016 1026 linitum
2063 982 2148 1027 est

581 1047 858 1115 imperium
905 1042 1169 1115 peccati,
1193 1044 1380 1115 mortis
1402 1082 1417 1106 ,
1457 1042 1654 1096 diaboli
1687 1058 1703 1106 ;
1740 1043 1935 1095 exultet
1986 1043 2145 1115 igitur

585 1112 743 1179 terra,
776 1112 961 1167 natura
994 1113 1282 1182 terrigena,
1312 1112 1439 1165 olim
1464 1127 1670 1182 errans,
1700 1126 1840 1165 nunc
1864 1127 1991 1166 vero
2025 1114 2143 1182 glo—

581 1186 720 1239 riosa
746 1201 759 1244 ;
788 1184 914 1237 olim
943 1183 992 1235 in
1020 1181 1299 1251 sepulcris,
1328 1196 1469 1235 nunc
1494 1182 1546 1235 in
1577 1181 1799 1235 thronis.
1836 1200 1855 1233 ι

655 1272 674 1305 ι
706 1250 1123 1314 (Economiagi
1167 1252 1354 1318 inquit,
1407 1269 1427 1303 ι
1450 1260 1601 1308 erant
1627 1252 1851 1318 plurima
1897 1250 1948 1304 in
1980 1253 2142 1305 veteri

581 1325 942 1387 Testamento,
990 1321 1083 1375 sed
1127 1336 1235 1375 non
1278 1322 1496 1376 omnino
1536 1330 1685 1390 grata
1723 1331 1777 1375 et
1818 1322 2143 1389 beneplacita

584 1395 691 1447 Deo
714 1402 861 1447 erant
907 1409 920 1446 :
955 1407 1130 1446 rerum
1163 1390 1458 1445 futurarum
1489 1393 1668 1459 ﬁgura:
1693 1401 1746 1445 et
1777 1391 1979 1445 umbrae
2002 1432 2016 1456 ,
2048 1391 2142 1445 sed

579 1478 684 1517 non
713 1476 798 1516 res
823 1462 949 1530 ipsae
973 1478 986 1513 :
1016 1468 1071 1515 et
1098 1461 1279 1515 videre
1303 1461 1461 1530 estin
1489 1461 1592 1523 illis
1616 1460 1747 1515 alias
1771 1460 1981 1530 quidem
2015 1461 2146 1529 ﬁgu-

579 1546 666 1586 ras
692 1573 705 1595 ,
732 1529 863 1584 alias
898 1546 1026 1586 vero
1062 1532 1327 1586 notiones.
1357 1529 1515 1585 Verbi
1541 1531 1708 1600 gratia
1733 1572 1748 1593 ,
1792 1529 1897 1584 non
1926 1533 2146 1585 omnino

579 1602 789 1670 placent
832 1601 940 1655 Deo
970 1600 1304 1670 hyacinthus,
1336 1615 1588 1669 purpura,
1619 1614 1809 1671 coccus
1834 1610 1889 1655 et
1917 1601 2105 1671 hyssus
2130 1620 2144 1667 ;

583 1669 721 1725 Deos
736 1671 890 1743 enim
916 1669 1209 1743 animarum
1239 1671 1531 1743 puritatem
1547 1669 1789 1739 requirit,
1817 1685 1932 1743 non
1950 1669 2145 1739 corpo—

580 1757 697 1793 rum
729 1740 888 1794 ﬂores
924 1749 978 1811 et
1003 1739 1315 1811 splendores
1339 1739 1495 1811 ,A'sed
1521 1740 1572 1793 in
1601 1754 1856 1808 corporea
1887 1740 2145 1811 elegantia

580 1811 861 1878 imaginem
889 1809 1138 1863 virtutum
1165 1809 1420 1879 depingit.
1447 1809 1502 1864 Si
1527 1812 1668 1864 enim
1700 1824 1822 1863 vere
1847 1809 1998 1864 stolis
2039 1810 2148 1865 illis

577 1879 968 1950 acquiescebat,
995 1879 1261 1950 quomodo
1298 1879 1531 1950 Moysem
1572 1881 1893 1950 anteAaron
1933 1895 2037 1933 non
2068 1881 2146 1933 in-

579 1950 729 2014 duit;
763 1949 855 2002 sed
884 1964 986 2017 qua
1014 1948 1106 2003 ille
1134 1963 1236 2002 non
1269 1948 1610 2010 vestiebatur,
1657 1948 1746 2002 illa
1774 1949 1945 2003 induit
1971 1964 2145 2004 sacer-

578 2020 731 2074 dotes
751 2020 774 2069 ?
797 2018 862 2089 Et
887 2020 1092 2089 Moyses
1111 2019 1323 2088 quidem
1344 2034 1478 2088 aqua
1506 2034 1607 2089 non
1634 2019 1772 2072 lotus
1792 2028 1895 2084 est,
1916 2029 1971 2074 et
1997 2019 2142 2073 lavit:

578 2089 781 2157 quare?
804 2087 869 2143 Ut
893 2087 1068 2143 discas
1089 2087 1194 2142 nun
1212 2090 1326 2142 hazc
1353 2087 1462 2143 Deo
1485 2088 1687 2158 potiora
1713 2102 1834 2143 esse
1856 2105 1871 2154 ;
1894 2090 2143 2158 quoniam

580 2162 816 2227 perfecto
847 2160 959 2213 viro
986 2158 1051 2211 ad
1092 2158 1173 2229 sui
1200 2167 1444 2212 ornatum
1482 2157 1679 2212 sufﬁcit
1709 2158 1876 2213 virtus
1893 2157 1922 2224 ,⁷
1940 2168 1995 2215 et
2021 2164 2144 2229 quia

582 2229 696 2283 haec
725 2237 880 2297 typus
903 2237 1051 2283 erant
1080 2228 1308 2293 virtutis,
1340 2244 1444 2283 non
1475 2229 1586 2298 ipsa
1614 2230 1801 2282 virtus.
1837 2246 1857 2279 ο

656 2317 675 2350 ι
730 2298 785 2351 In
814 2300 1029 2367 capite,
1074 2316 1094 2350 ι
1125 2299 1329 2367 inquit,
1376 2316 1395 2349 ι
1440 2298 1641 2352 ferebat
1678 2298 1911 2367 pontifex
1954 2299 2143 2354 tiaram

585 2368 779 2437 (Exod.
808 2366 1045 2433 XXVIII,
1078 2368 1167 2439 '59)
1192 2366 1208 2433 ξ
1237 2369 1357 2437 quia
1402 2366 1685 2440 Oportebat
1714 2383 1835 2423 eum
1857 2370 1945 2439 qui
1987 2378 2147 2440 caput

581 2442 815 2493 omnium
836 2438 1153 2493 constitutus
1172 2447 1306 2502 erat,
1328 2440 1376 2491 in
1399 2438 1571 2507 capite
1588 2438 1783 2493 habere
1804 2438 2141 2507 potestatem,

580 2520 634 2563 et
678 2508 816 2563 scire
845 2522 902 2561 se
925 2547 941 2571 ,
967 2524 1086 2562 cum
1112 2517 1272 2577 caput
1294 2508 1518 2561 aliorum
1547 2509 1653 2574 sit,
1688 2510 1926 2563 omnium
1968 2518 2144 2564 tamen

584 2579 807 2633 Domino
830 2578 1051 2648 principi
1077 2594 1197 2634 esse
1216 2579 1534 2647 subjectum.
1563 2578 1816 2632 Absoluta
1845 2580 1989 2634 enim
2015 2595 2143 2635 aue-

584 2650 792 2712 toritas,
814 2663 923 2719 nec
946 2649 1256 2719 cujusquam
1290 2648 1513 2717 imperio
1537 2648 1953 2719 subjecta,_dura
1978 2661 2062 2705 est
2092 2659 2147 2704 et

583 2717 948 2788 intoletgtbilis.
967 2717 1109 2783 Ideo,
1123 2717 1175 2772 in
1190 2719 1305 2787 lege
1319 2718 1521 2788 gratiae,
1535 2720 1622 2786 qui
1642 2717 1918 2786 pontiﬁces
1930 2721 2145 2774 maximi

587 2799 733 2855 sunt,
762 2786 1105 2857 Evangelium
1135 2789 1187 2842 in
1214 2786 1386 2858 capite
1416 2790 1676 2857 recipiunt
1699 2829 1714 2854 ,
1743 2798 1799 2842 ut
1821 2791 1954 2844 sciat
1983 2790 2028 2845 is
2057 2791 2145 2858 qui

586 2860 832 2928 cligitur,
884 2874 943 2913 se
986 2874 1165 2912 veram
1205 2857 1477 2926 Evangelii
1531 2860 1717 2912 tiaram
1765 2860 2005 2927 accipere
2031 2900 2045 2925 ,
2075 2857 2148 2913 iet

588 2930 796 2983 etiamsi
828 2930 1050 2982 aliorum
1082 2942 1290 2982 sacrum
1335 2937 1493 2997 caput
1534 2929 1888 2982 constituatur
1911 2970 1927 2994 ,
1958 2930 2144 2985 iisdem

592 3007 767 3080 tamen
793 3000 993 3080 legibus
1018 3012 1136 3079 esse
1160 2998 1455 3080 subjectum
1482 3014 1496 3062 ;
1529 3006 1583 3052 et
1610 2998 1731 3052 licet
1758 2999 1873 3080 aliis
1900 3001 2144 3080 imperet,

585 3069 682 3123 sub
709 3069 837 3139 legis
856 3067 1085 3138 imperio
1105 3082 1242 3123 esse.
1270 3067 1425 3122 Tiara
1457 3084 1683 3137 namque
1706 3078 2019 3137 potestatem
2045 3070 2145 3123 de-

585 3139 863 3210 signabat,
894 3149 1129 3210 etquatu
1160 3140 1272 3210 ipse
1310 3139 1360 3191 in
1391 3139 1639 3208 pepulum
1669 3140 1930 3205 habebat,
1964 3152 2017 3194 et
2043 3154 2146 3210 qua

583 3206 673 3262 ille
704 3210 811 3265 Deo
833 3206 1074 3265 subdiius
1104 3206 1401 3263 ferebatur.
1429 3226 1448 3259 ι

660 3297 679 3330 ι
713 3283 891 3336 Aurea
920 3293 1046 3333 vero
1087 3277 1280 3331 lamina
1301 3318 1316 3342 ,
1360 3279 1413 3333 in
1442 3293 1544 3347 qua
1590 3278 1680 3333 Dei
1711 3293 1904 3334 nomen
1948 3279 2147 3334 inscul-

625 3360 732 3403 tom
759 3362 869 3405 erat
896 3348 1440 3421 (Exod.XXXII,56),
1473 3349 1525 3403 in
1558 3360 1772 3419 pectore
1796 3357 1932 3421 erat,
1965 3359 2148 3419 typum

603 3420 758 3474 'ercns
778 3420 1031 3475 custodia:
1050 3421 1226 3474 cordis
1252 3430 1511 3484 motuum,
1539 3429 1591 3474 et
1617 3420 1881 3487 quomodo
1906 3430 2150 3488 oporteat

582 3504 675 3544 eos
704 3490 817 3545 lucc
841 3491 909 3545 ad
938 3490 1026 3544 Dei
1056 3499 1242 3558 nutum
1279 3500 1460 3558 aptare
1487 3504 1550 3543 ac
1576 3488 1797 3544 referre.
1831 3491 1885 3542 In
1913 3489 2150 3545 humeris

582 3569 732 3628 erant
752 3559 1014 3628 smaragdi
1034 3557 1161 3627 duo,
1186 3557 1408 3628 quorum
1434 3560 1569 3613 alter
1593 3575 1684 3613 sex
1714 3560 1899 3622 tribus,
1930 3560 2148 3615 totidem

582 3627 716 3699 alter
737 3627 1018 3683 exhibebat
1048 3627 1434 3699 zieraiitautem
1460 3630 1757 3699 symbolum
1793 3631 1986 3683 summi
2019 3645 2149 3699 pon-

582 3697 739 3768 tilicis
753 3699 1045 3768 praesentis.
1065 3698 1236 3753 Habet
1258 3700 1397 3752 enim
1420 3698 1731 3768 smaragdos
1755 3708 1808 3753 et
1826 3697 2149 3754 viriditatem

581 3767 860 3823 decentem
887 3779 939 3823 et
970 3770 1248 3837 puritatem
1279 3767 1669 3837 splendentem,
1698 3769 1899 3838 speculi
1927 3769 2033 3822 vim
2061 3785 2149 3824 rc-

582 3838 777 3892 ferens.
808 3839 1028 3907 Oportet
1050 3841 1194 3894 enim
1233 3838 1563 3907 sacerdotem
1593 3846 1643 3892 et
1688 3838 1742 3891 in
1770 3839 2150 3893 exercitatione

581 3907 789 3976 vigilem
808 3906 1153 3978 sebriumque
1180 3922 1320 3971 esse,
1355 3917 1407 3961 ct
1429 3906 1589 3961 vitam
1620 3907 1845 3978 subditis
1865 3910 1975 3962 suis
1998 3909 2148 3976 quasi

581 3979 856 4045 speculum
889 3977 1102 4033 oﬁerre.
1143 3978 1271 4031 Erat
1312 3992 1439 4032 vero
1464 3977 1775 4047 smaragdos
1803 3979 1857 4031 in
1889 3978 2147 4042 humeris,

580 4047 702 4119 quia
732 4064 952 4117 operum
992 4050 1205 4119 signum
1233 4058 1321 4119 est
1351 4065 1369 4119 ς
1396 4047 1594 4119 agendi!
1624 4049 1767 4119 enim
1802 4048 2037 4119 potentia
2068 4049 2151 4119 ab

581 4116 816 4187 humeris
857 4116 1139 4187 dependet.
1192 4117 1314 4172 Ideo
1355 4118 1492 4173 Deus
1532 4117 1599 4171 ad
1637 4116 1934 4173 Jerusalem
1974 4118 2144 4173 dicit:

581 4186 723 4259 lfane
743 4204 830 4241 cor
854 4186 994 4241 tuam
1020 4204 1169 4257 super
1188 4189 1420 4241 humeros
1450 4197 1587 4259 tuos,
1604 4189 1724 4259 ﬁlia
1751 4189 2007 4259 despecta,
2029 4189 2149 4259 quia

580 4256 829 4313 Dominus
851 4269 984 4311 creat
1010 4269 1056 4312 te
1081 4256 1148 4311 ad
1174 4259 1385 4312 salutem
1417 4258 1548 4327 (Jer.
1576 4258 1764 4323 XXXI,
1795 4256 1907 4329 2t).
1937 4256 2147 4313 Efeiﬁm

580 4342 767 4382 manus
806 4339 859 4383 et
887 4330 1135 4383 humeros
1163 4345 1257 4397 pro
1292 4329 1590 4397 actionibus
1618 4331 1887 4397 Scriptura
1930 4329 2144 4395 accipit,

579 4406 634 4449 ut
658 4411 778 4452 cum
805 4399 872 4452 de
904 4400 1097 4453 Davide
1122 4396 1268 4465 dicit,
1300 4396 1367 4451 Et
1395 4400 1445 4450 in
1476 4399 1727 4453 intellectu
1742 4396 1995 4451 manuum
2023 4412 2145 4451 sua-

584 4483 697 4538 rum
723 4469 930 4538 deduxit
960 4470 1074 4522 illos
1094 4467 1261 4538 (Ρεαι.
1289 4467 1547 4530 LXXVII,
1575 4469 1672 4534 7%;
1707 4468 1873 4521 Exod.
1904 4465 2139 4538 XXVIII,

580 4536 693 4603 17).
721 4536 934 4592 Inerant
958 4536 1117 4592 etiam
1141 4539 1192 4590 in
1219 4537 1480 4591 Rationali
1508 4540 1557 4590 in
1583 4548 1796 4605 pectore
1817 4538 1991 4605 posito
2014 4536 2145 4591 doo-

577 4605 748 4678 decim
761 4607 963 4676 lapides
975 4609 1160 4678 aptati,
1176 4608 1264 4673 qui
1280 4605 1557 4678 duodecim
1573 4608 1742 4678 tribus
1754 4606 2137 4675 signiﬁcabant.

577 4674 642 4747 Et
664 4676 781 4747 vide
811 4674 830 4732 ἔ
851 4674 1249 4747 ευριιειήυἰὰθιη
1266 4687 1320 4747 et.
1345 4677 1396 4729 iu
1429 4675 1666 4747 humeris
1696 4674 1933 4731 miaerat
1953 4689 2142 4732 natura

576 4746 830 4813 lapidum,
852 4745 1196 4816 smaragdos;
1222 4745 1357 4801 infra
1384 4760 1510 4816 vero
1527 4754 1582 4800 et
1601 4746 1652 4799 in
1682 4757 1915 4815 pectore,
1941 4748 2145 4803 duode-

574 4808 716 4871 cim:
750 4808 857 4887 quo
883 4808 1216 4887 :enigmatice
1239 4808 1650 4886 signiﬁcabatur,
1678 4808 1774 4870 uos
1804 4808 2049 4885 primitus
2074 4819 2143 4873 ab

575 4901 677 4939 una
697 4886 886 4943 omnes
912 4886 1177 4957 prodiisse
1193 4897 1401 4957 natura,
1423 4900 1705 4957 progresso
1732 4901 1860 4943 vero
1887 4890 2141 4957 temporis

575 4957 800 5026 diversis
819 4956 1156 5026 opiuionibos
1178 4957 1344 5012 fuisse
1369 4956 1567 5012 divisos
1586 4978 1599 5009 :
1618 4966 1672 5011 et
1692 4958 1792 5012 hoc
1811 4956 2021 5026 quidem
2047 4960 2140 5013 tri-

572 5025 685 5097 buit
712 5025 947 5097 opinioni
966 5065 989 5097 7,
1022 5026 1148 5082 illud
1172 5041 1302 5083 vero
1329 5036 1551 5081 natum.
1584 5027 1694 5083 Sub
1725 5025 1929 5081 Iimbria
1955 5043 2137 5085 sacer-

573 5096 759 5163 dotis,
802 5113 918 5166 quzr
944 5096 1139 5151 dicitur
1164 5111 1288 5165 ora,
1324 5096 1519 5162 ﬂores,
1557 5112 1720 5152 aurea
1746 5098 1881 5151 mala
1924 5101 2134 5167 punica,

569 5168 806 5236 corymbi
828 5177 882 5221 et
906 5167 1233 5237 campanula:
1261 5167 1576 5234 pendebant.
1605 5168 1672 5222 Et
1697 5169 1961 5237 quomodo
1999 5169 2133 5235 hmc,

572 5244 627 5287 ut
656 5237 801 5307 prius
829 5236 1092 5300 diximus,
1134 5236 1357 5307 Domino
1386 5236 1831 5307 placebant?’Sed
1860 5240 1910 5291 iu
1944 5243 2133 5294 vestitu

571 5305 863 5360 sacerdotis
901 5308 1124 5361 virtutes
1147 5306 1326 5377 efﬁngi
1350 5305 1538 5377 jussit;
1566 5308 1703 5363 infra
1729 5309 1888 5363 ﬁeres
1913 5318 1967 5364 et
1996 5311 2134 5364 fruc-

569 5382 676 5450 tus,
721 5376 972 5450 virtutum
1001 5390 1161 5450 opera
1190 5394 1203 5429 :
1231 5376 1508 5450 quaesout
1533 5381 1904 5450 eleemosyna,
1930 5379 2131 5447 justitia

566 5453 621 5495 et
650 5445 971 5519 hugmauitas,
1008 5445 1062 5519 et
1087 5445 1282 5503 chorus
1306 5449 1625 5519 reliquorum
1655 5445 1784 5519 ipsis
1811 5445 2064 5504 afﬁnium.
2106 5470 2125 5504 ι

642 5532 662 5588 r_
696 5508 776 5568 Ne
802 5508 991 5588 mittes,
1021 5518 1228 5588 inquit,
1269 5508 1544 5572 verba-Dei
1576 5508 1689 5574 vivi:
1735 5519 1790 5572 In
1828 5519 2036 5573 Patrem
2077 5533 2132 5576 et

566 5581 756 5658 Filium
782 5581 1109 5658 etSpirituni
1136 5581 1377 5644 sanctum
1401 5588 1699 5658 baptizatus
1726 5605 1786 5644 cs
1818 5607 1831 5642 :
1863 5604 1958 5643 cur
1990 5591 2129 5647 tollis

562 5656 933 5729 nominaviva,
959 5668 1011 5712 et
1035 5658 1240 5714 inducis
1263 5656 1871 5729 nomina'cogitationum
1895 5669 2124 5729 tuarum,

560 5724 741 5779 dicens
778 5728 1091 5797 ingenitum,
1114 5729 1349 5799 genitum
1372 5746 1386 5787 :
1419 5724 1629 5799 sempér
1653 5731 1910 5797 existens,
1938 5739 1993 5785 et
2020 5724 2124 5786 non

560 5810 768 5866 semper
798 5799 1066 5858 cxiSteus?
1093 5800 1302 5857 Deusne
1332 5799 1445 5858 hmo
1474 5800 1651 5857 inania
1680 5802 1841 5858 verba
1884 5800 2073 5858 tolerat
2099 5805 2121 5857 ?

3745 380 3846 436 100

2258 483 2433 564 linum
2465 485 2681 564 verbum
2704 495 2761 564 ut
2784 497 3013 564 mutaret
3036 487 3315 564 propheta,
3334 491 3462 564 olim
3482 491 3550 547 de
3574 493 3681 548 vita
3704 496 3847 564 peri-

2254 556 2469 628 clitatus
2488 565 2593 628 est.
2625 555 2690 609 Et
2713 556 2835 610 vide
2866 555 3226 628 unius—exigui
3249 560 3398 616 verbi
3422 555 3842 621 accuratiouem.

2256 623 2425 679 Verba
2426 624 2822 701 prophetarum
2843 637 3098 701 vocarunt
3109 623 3449 701 qiﬁda_m,per
3468 632 3842 701 ignorantiam,

2255 711 2383 748 onus
2413 695 2642 768 Domini.
2675 695 2811 768 Dicit
2841 697 3098 753 Dominus
3126 695 3229 768 per
3248 695 3535 756 Jerémiaui
3564 720 3580 757 :
3607 703 3670 758 Si
3689 695 3844 758 inter;

2256 767 2504 841 rogaverit
2527 775 2574 841 te
2586 767 2822 834 populus,
2841 769 2918 841 uel
2928 767 3289 841 Amcerdoyvel
3309 772 3576 841 propheta,
3594 783 3641 826 et
3657 774 3844 829 dixerit

2255 835 2344 888 tibi
2371 850 2390 888 :
2420 835 2572 901 Quod
2594 846 2666 889 est
2709 837 2877 891 onus?
2901 838 2984 892 dic
3009 838 3113 893 illis
3134 881 3149 903 ,
3182 835 3323 893 Unus
3353 835 3571 895 Domini
3589 859 3674 896 vos
3699 847 3843 898 estis:

2254 906 3199 997 fi“ﬁ’.’i‘3'.’.‘.""i’1'_-'.’°‘:.fi-£‘?'f'?it"i’tt
3222 925 3310 997 υοε
3337 911 3471 997 (λαῖ-
3504 912 3698 997 nl".
3723 913 3840 997 ⁵⁵).

2256 990 2323 1028 ne
2348 975 2532 1028 dicatis
2554 1017 2568 1037 ,
2595 992 2742 1030 eum.
2783 976 2959 1033 Unum
2991 975 3210 1034 verbum
3255 996 3323 1035 ne
3346 975 3587 1037 'mutetur
3610 975 3838 1039 coturni;

2255 1054 2409 1098 natur
2458 1047 2635 1112 Deus,
2683 1056 2736 1100 et
2782 1057 2836 1101 tu
2879 1057 3041 1103 totam
3087 1050 3393 1119 dogmatum
3437 1053 3840 1109 accumtionem

2253 1126 2607 1182 commotam,
2638 1128 2793 1186 potas
2819 1127 2871 1173 te
2901 1132 3089 1174 manus
3118 1119 3212 1175 Dei
3240 1120 3476 1192 effugere
3502 1124 3693 1192 posse?
3726 1143 3747 1177 ι

2257 1244 2507 1334 Ejusdem!
2540 1249 2592 1334 in
2610 1248 2746 1334 illud
2775 1248 2849 1316 (II
2874 1247 2994 1332 Cor.
3024 1250 3157 1334 XII",
3184 1251 3265 1334 9},
3284 1268 3297 1306 :
3319 1251 3526 1334 Sufﬁcit
3548 1244 3641 1332 tibi
3664 1257 3835 1334 gratia

2288 1333 2441 1383 mea;
2463 1322 2629 1372 virtus
2650 1322 2793 1373 enim
2823 1336 2939 1375 mea
2972 1322 3023 1375 in
3050 1322 3361 1378 inﬁrmitate
3389 1322 3791 1397 perﬁcitur-(tt).

2331 1476 2349 1508 ι
2388 1455 2577 1522 Venit,
2608 1476 2627 1509 ι
2657 1458 2859 1528 inquit,
2912 1478 2931 1510 ο
2961 1474 2989 1513 a
3031 1460 3188 1516 Patre
3211 1459 3458 1516 Christus
3487 1461 3552 1515 ad
3585 1461 3836 1518 homines

2255 1526 2499 1600 legatus;
2545 1526 2751 1600 occisos
2786 1528 2887 1583 fuit
2916 1530 3120 1600 legatos
3140 1572 3156 1597 ,
3189 1540 3244 1585 et
3285 1540 3411 1585 tunc
3437 1548 3536 1599 pax
3580 1531 3696 1586 fuit.
3727 1533 3837 1588 Sed

2255 1597 2411 1670 legati
2443 1598 2747 1670 venientes,
2775 1608 2830 1654 et
2855 1597 2994 1655 dona
3025 1600 3234 1664 ferunt,
3264 1610 3320 1655 et
3358 1597 3497 1655 dona
3525 1603 3791 1670 accipiunt
3820 1622 3837 1658 :

2254 1667 2396 1742 quod
2443 1668 2599 1737 igitur
2639 1668 2841 1742 donum
2885 1671 3034 1734 tulit,
3073 1679 3129 1725 et
3153 1671 3313 1742 quod
3355 1671 3557 1726 donum
3592 1667 3837 1742 accepit?

2256 1737 2676 1813 lnexspectatom
2707 1749 2787 1793 est
2811 1739 3120 1813 donum,_ut
3149 1737 3546 1809 inexspectatus
3573 1752 3658 1797 est
3694 1737 3837 1813 lega-

2255 1815 2338 1881 t_us
2368 1824 2381 1859 :
2411 1808 2722 1881 sanguinem
2749 1824 2903 1864 suum
2941 1813 2992 1863 in
3021 1810 3219 1865 donum
3237 1850 3255 1877 ,
3280 1808 3334 1866 et
3358 1826 3557 1881 corpus
3581 1808 3833 1868 suum'in

2253 1875 2454 1951 donum
2483 1875 2660 1951 ferens
2681 1881 2863 1951 venit.
2894 1881 2957 1933 Et
2987 1880 3129 1949 quod
3168 1897 3196 1951 a
3237 1875 3323 1935 me
3347 1875 3547 1936 donum
3588 1883 3837 1951 accepit?

2254 1945 2462 2001 Fidem.
2511 1947 2577 2001 Et
2604 1948 2729 2018 quid
2758 1965 2853 2017 pro
2878 1951 2964 2005 illa
2999 1945 3129 2005 mihi
3168 1950 3301 2005 dat?
3329 1951 3586 2007 Gratiam.
3620 1945 3836 2008 Credidi

2255 2031 2373 2085 ego,
2407 2018 2631 2086 gratiam
2661 2018 2809 2073 dedit
2848 2021 2939 2075 ille
2971 2037 2985 2073 :
3031 2021 3203 2075 soluta
3244 2031 3328 2076 est
3373 2022 3668 2076 inimicitia.
3698 2022 3835 2077 Cum

2256 2088 2401 2161 venit
2430 2089 2724 2161 legatustad
2753 2090 2984 2161 aliquam
3013 2101 3229 2160 gentem
3253 2132 3267 2155 ,
3301 2106 3406 2145 non
3437 2092 3686 2161 dignatur
3710 2108 3831 2147 cum

2254 2156 2655 2242 aliquofurensi
2685 2159 2767 2213 vel
2794 2156 3040 2242 paupere
3057 2161 3221 2242 loqui,
3239 2161 3336 2216 sed
3362 2156 3538 2242 statim
3565 2162 3630 2216 ad
3652 2178 3833 2233 regem

2253 2227 2493 2299 accedit:
2526 2227 2612 2282 hic
2642 2244 2767 2283 vero
2793 2227 2994 2299 legatus
3024 2227 3191 2297 venit,
3220 2242 3278 2286 et
3306 2232 3486 2285 statim
3505 2247 3625 2285 cum
3656 2227 3836 2288 incre-

2255 2297 2406 2369 triee,
2429 2297 2655 2362 latrone,
2682 2297 2964 2366 publicano
2988 2311 3042 2355 et
3066 2302 3233 2369 magis
3259 2302 3467 2356 locutus
3508 2311 3611 2356 est.
3651 2301 3838 2357 Viden’

2253 2365 2410 2438 legati
2442 2365 2859 2438 benignitatem?
2888 2384 2990 2425 non
3018 2365 3180 2425 enim'
3197 2370 3265 2425 ad
3292 2387 3457 2426 unum
3486 2381 3577 2426 aut
3605 2372 3836 2427 alterum

2252 2437 2418 2501 venit,
2449 2438 2543 2492 sed
2575 2437 2655 2492 ad
2693 2453 3031 2495 communem
3071 2450 3315 2496 naturam
3355 2458 3369 2498 :
3419 2451 3474 2496 et
3521 2444 3667 2496 venit
3718 2459 3837 2497 mea

2254 2515 2402 2561 veste
2433 2507 2673 2572 indutus,
2712 2525 2779 2565 ne
2811 2510 2951 2565 nuda
2996 2510 3271 2566 divinitate
3294 2512 3558 2567 accedens
3597 2513 3838 2584 praedam

2253 2584 2497 2635 terreret.
2537 2596 2555 2630 ι

2253 2712 2497 2800 Ejusdem
2535 2716 2588 2768 in
2613 2716 2802 2771 dictum
2827 2718 3057 2787 Apostoli
3083 2720 3125 2791 (I
3147 2723 3264 2775 Cor.
3299 2720 3362 2786 V,
3394 2722 3483 2800 I7)
3516 2738 3531 2775 '.
3558 2722 3614 2777 Si
3644 2738 3747 2792 qua
3782 2727 3836 2779 in

2321 2785 2569 2850 Christo,
2604 2802 2737 2841 nova
2767 2785 3008 2843 creatura
3040 2810 3052 2843 :
3090 2785 3276 2847 vetera
3309 2785 3675 2860 transierunt,
3709 2810 3840 2850 ecce

2325 2869 2458 2909 nova
2490 2854 2627 2910 facta
2657 2867 2782 2912 sunt
2812 2860 2989 2914 omnia
3026 2860 3119 2931 (ὁ).

2330 3006 2349 3038 ι
2383 2988 2581 3071 Gentes
2601 3005 2663 3044 ac
2687 2991 2852 3047 Judzci
2874 2993 3059 3071 dicunt
3080 3036 3095 3061 ,
3129 2995 3267 3061 Quid
3296 2994 3560 3071 gloriatur
3585 2996 3788 3052 Paulos
3812 3000 3840 3053 ἲ

2253 3056 2440 3137 dicens
2455 3076 2481 3137 ,ε
2521 3057 2700 3137 Vetera
2714 3064 3053 3137 transierunt,
3082 3056 3208 3119 ecce
3237 3056 3366 3119 ποῖα
3404 3056 3545 3137 [acia
3585 3078 3701 3120 sunt
3726 3084 3845 3121 om-

2255 3129 2369 3207 nia.
2402 3129 2592 3207 Signa
2621 3133 2671 3184 in
2704 3130 2937 3207 Christo,
2966 3150 3098 3207 noua
3122 3144 3377 3207 creatura.
3404 3129 3520 3207 Ego
3549 3138 3715 3201 enim,
3757 3139 3845 3192 in-

2254 3199 2368 3275 quit
2391 3240 2403 3261 ,
2438 3199 2569 3275 nihil
2615 3218 2809 3257 novom
2842 3204 3015 3260 video.
3046 3203 3231 3275 Neque
3265 3206 3408 3261 enim
3443 3199 3608 3261 babes
3653 3199 3847 3264 oculos

2257 3268 2455 3345 orbare
2485 3269 2665 3345 videas
2698 3289 2725 3345 ε-
2756 3275 2951 3345 accede
2971 3315 2987 3340 ,
3016 3284 3071 3329 et
3102 3268 3291 3330 faciam
3320 3275 3411 3330 tibi
3455 3276 3657 3331 oculos.
3699 3280 3842 3345 Quid

2257 3339 2441 3394 vides?
2469 3349 2523 3394 et
2548 3350 2599 3394 tu
2630 3339 2757 3397 facis
2786 3339 3013 3399 oculos?
3044 3345 3239 3399 Etiam.
3262 3346 3330 3401 Et
3350 3355 3562 3400 creator
3587 3347 3686 3402 es?
3711 3339 3843 3402 ῧιιι-

2257 3409 2403 3464 uino.
2448 3410 2528 3485 ᾼη
2548 3410 2781 3485 demens
2806 3415 2906 3468 es?
2936 3414 3300 3485 Nequaquam.
3332 3415 3497 3485 Igitur
3523 3416 3610 3472 fac
3649 3420 3843 3473 oculos

2256 3480 2533 3555 corporis;
2546 3481 2921 3555 Nequaquam;
2953 3480 3070 3549 sed,
3101 3480 3245 3555 quod
3288 3480 3461 3555 majus
3501 3496 3616 3552 est,
3649 3488 3844 3543 oculos

2258 3550 2467 3603 mentis.
2495 3551 2559 3605 Et
2583 3550 2903 3608 facics'mihi
2934 3550 3162 3609 oculos?
3193 3556 3286 3610 Ita.
3320 3550 3435 3610 Nun
3463 3550 3796 3613 enim-habeo
3816 3560 3843 3613 ?

2255 3618 2749 3692 Nequaquama'l‘u
2795 3639 2921 3678 vero
2970 3624 3183 3679 habes?
3230 3625 3326 3681 Ita.
3378 3627 3697 3692 Quomodo?
3750 3628 3844 3684 dic

2258 3690 2411 3743 tuihi.
2441 3692 2571 3764 cum
2600 3691 2807 3764 abieris
2836 3694 2898 3764 in
2945 3696 3222 3764 templum,
3265 3690 3442 3764 ibique
3486 3697 3679 3750 nudam
3718 3709 3838 3751 sta-

2259 3768 2402 3833 tuam
2446 3760 2663 3822 videris,
2706 3760 3327 3833 lapidemque'mutom,
3356 3760 3424 3821 et
3450 3768 3652 3821 dixeris
3676 3806 3692 3833 ,
3740 3768 3841 3823 llic
3878 3801 3890 3809 -

2256 3828 2391 3881 deus
2437 3838 2520 3908 cst
2563 3846 2577 3893 ;
2628 3828 2997 3908 nom—“oculos
3041 3834 3263 3908 babes?
3312 3828 3381 3908 an
3442 3836 3644 3906 aliquid
3677 3828 3841 3895 vutile

2257 3900 2835 3971 provenit‘excoculis
2883 3905 3278 3971 exterioribus,
3325 3907 3371 3961 si
3420 3900 3548 3961 ειερί
3597 3908 3703 3961 sint
3749 3909 3837 3962 iu-

2257 3967 2531 4047 teriorcs?
2561 3967 2758 4047 _Vi(_len'
2802 3985 2937 4040 Oplls
2961 3989 3097 4047 esse
3125 3984 3186 4047 ot
3230 3967 3323 4031 tibi
3372 3976 3565 4030 faciam
3612 3979 3833 4044 oculos,

2257 4045 2312 4090 ut
2338 4036 2519 4115 videas
2559 4038 2790 4115 lapidem
2830 4036 2961 4115 esse
3004 4044 3250 4113 lapidem,
3278 4055 3331 4100 et
3376 4047 3573 4115 lignum
3608 4061 3729 4102 esse
3767 4036 3838 4103 li;

2256 4107 2454 4185 gnum?
2471 4108 2745 4185 .chlosne
2762 4110 2947 4185 habes,
2974 4107 3092 4167 cum
3119 4107 3264 4170 vides
3296 4107 3493 4185 lignum
3517 4126 3574 4171 et
3598 4117 3791 4171 adoras
3810 4121 3838 4173 ἲ

2256 4176 2313 4231 Si
2329 4190 2441 4258 ego
2471 4177 2599 4258 illud
2628 4180 2891 4258 accipiens
2919 4176 3251 4258 eomburam,
3280 4176 3406 4240 num
3434 4188 3618 4258 oculos
3645 4188 3832 4255 habes,

2252 4248 2342 4327 qui
2374 4247 2426 4300 id
2454 4247 2971 4327 quod-combustum
3005 4264 3106 4319 est,
3133 4247 3295 4327 deum
3323 4271 3483 4311 vocas
3503 4255 3682 4327 ?7Cum
3713 4247 3838 4325 pas;

2252 4319 2429 4388 siones
2450 4329 2503 4373 et
2531 4319 2656 4373 vitia
2677 4320 2807 4375 deos
2828 4320 2973 4388 facis,
2990 4339 3056 4377 an
3082 4327 3265 4381 oculos
3286 4326 3491 4381 habes?
3530 4319 3725 4382 Ebrius
3750 4340 3838 4384 est

2253 4385 2435 4469 homo,
2465 4397 2518 4469 et
2542 4389 2935 4469 circumagitur,
2954 4385 3300 4469 etirridetor,
3327 4406 3381 4451 et
3407 4412 3501 4469 pro
3524 4396 3743 4469 homine
3775 4401 3837 4454 ﬁt

2252 4458 2625 4529 irrationabilis
2654 4478 2667 4513 :
2701 4470 2756 4514 tu
2785 4458 2926 4516 'vero
2975 4463 3134 4529 dicis,
3167 4458 3563 4521 Ebrietas-deus
3590 4466 3834 4525 Bacchus

2249 4536 2333 4581 est
2357 4544 2371 4593 ;
2386 4525 2614 4608 furtum,
2646 4532 2777 4608 deus
2808 4525 3330 4608 Mercurios-Videt?
3376 4536 3478 4608 tibi
3501 4537 3669 4592 oculis
3694 4553 3832 4608 epos

2248 4597 2410 4674 esse?
2452 4598 2561 4653 Lex
2613 4602 2978 4674 passioneset
3007 4605 3129 4658 vitia
3175 4606 3356 4674 ponit;
3384 4614 3440 4661 et
3465 4605 3581 4661 haec
3621 4617 3673 4661 te
3698 4597 3835 4666 deos

2251 4663 2556 4748 facerenon
2583 4663 2851 4748 advenis?
2878 4673 2931 4727 Si
2962 4674 3039 4748 vis
3065 4663 3263 4748 autem,
3302 4663 3520 4748 aitende
3559 4663 3833 4748 quomodo

2248 4735 2381 4790 facta
2408 4738 2515 4815 sint
2543 4740 2742 4815 omnia
2765 4757 2920 4815 nova.
2972 4747 3165 4815 Creare
3209 4735 3394 4801 dicitur
3451 4747 3505 4801 iu
3554 4735 3828 4815 Scriptura

2248 4809 2551 4885 nonrsolom
2578 4825 2643 4885 ex
2671 4811 2839 4885 nihilo
2867 4813 3159 4885 producere
3184 4831 3303 4885 qua:
3329 4825 3453 4873 ante
3477 4832 3585 4873 non
3633 4809 3829 4873 eiistc.

2244 4877 2392 4942 haut,
2432 4878 2524 4934 sed
2569 4882 2729 4936 etiam
2772 4882 2826 4936 in
2861 4877 3051 4938 melius
3092 4877 3394 4942 immutare.
3446 4886 3658 4942 Creavit
3689 4888 3831 4942 Deus

2244 4946 2433 5026 ca-lum
2466 4964 2485 5026 :_
2511 4948 2613 5026 hoc
2636 4960 2734 5016 est,
2759 4950 2975 5026 enihilo
2998 4968 3186 5026 creare
3213 4972 3226 5009 :
3260 4965 3407 5011 creat
3426 4957 3586 5011 etiam
3613 4962 3829 5026 quando

2242 5020 2440 5071 malum
2472 5018 2740 5076 hominem
2788 5022 2980 5077 bonum
3027 5023 3154 5079 facit
3184 5039 3199 5079 :
3230 5026 3316 5080 hie
3360 5041 3492 5081 vero
3520 5018 3718 5082 creatio
3742 5040 3828 5083 est

2243 5100 2421 5141 rerum
2450 5088 2501 5142 in
2528 5091 2720 5145 melius
2750 5093 2990 5147 mutatio.
3024 5093 3088 5148 Et
3108 5096 3231 5149 audi
3265 5095 3512 5150 Davidem
3535 5098 3822 5153 dicentem.

2240 5157 2372 5210 Cum
2399 5159 2539 5213 enim
2573 5171 2627 5214 et
2653 5162 2768 5230 ipse
2800 5171 2854 5217 et
2867 5178 2961 5217 cor
2984 5163 3102 5233 ejus
3124 5173 3361 5220 creatum
3385 5178 3546 5232 esset,
3560 5167 3827 5223 adulterio

2238 5236 2414 5307 autem
2442 5238 2496 5283 et
2523 5233 2669 5307 caede
2694 5233 3010 5287 maculatum
3032 5233 3238 5307 fuisset,
3257 5246 3313 5307 et
3336 5236 3401 5290 ad
3427 5239 3824 5307 corruptionem

2240 5294 2489 5377 ferretur,
2528 5300 2692 5377 Deum
2727 5313 3049 5377 precaturet
3074 5304 3204 5360 dicit
3224 5294 3245 5357 ἐ
3277 5305 3377 5361 Cor
3413 5294 3660 5361 rotundum
3708 5325 3828 5362 creo

2238 5368 2290 5448 in
2311 5382 2418 5448 _me,
2610 5368 2779 5448 (Prol.
2824 5372 2886 5448 I_.,
2916 5374 3001 5441 II)
3019 5390 3036 5448 _:
3067 5391 3169 5429 non
3196 5377 3349 5448 quod
3382 5378 3530 5448 prius
3575 5393 3669 5432 cor
3715 5395 3823 5433 non

2238 5435 2500 5520 habuerit,
2525 5435 2626 5520 nec
2665 5441 2734 5495 de
2771 5435 3062 5520 substantia
3114 5435 3291 5501 cordis
3341 5435 3600 5520 quuitor,
3627 5448 3726 5504 sed
3754 5451 3826 5504 de

2237 5507 2442 5590 meliori
2490 5510 2612 5590 vita:
2654 5512 2959 5590 conditione
3006 5515 3175 5583 ipsum
3205 5507 3450 5590 ornante.
3486 5507 3623 5590 Ecce
3664 5520 3826 5590 igitur

2234 5578 2436 5631 creatio
2483 5578 2677 5635 όιεὶιυι·
2718 5597 2823 5637 non
2854 5578 3040 5639 solom'
3069 5601 3137 5642 ex
3180 5588 3346 5643 nihilo
3395 5578 3710 5659 prodocﬁo:
3726 5593 3821 5646 sed

2401 5754 2560 5866 II‘ltotq
2589 5772 2635 5820 ρ.
2661 5759 2771 5821 522,
2798 5776 2842 5809 ει.

2433 5818 2608 5869 ludent.

2433 5818 2608 5869 bidem.
