4166 6466
310 391 422 448 109

1504 401 1591 457 DE
1631 403 1687 458 S.
1729 401 1994 459 JOANNE
2033 402 2403 462 CllRYSOST.

3522 429 3625 482 H0

407 543 3600 590 mw

328 662 529 709 unus
579 664 930 711 nonanus
972 669 1058 711 an
1105 669 1436 713 ABCADIUM
1471 671 1963 728 IMI'ERATOREM,
2012 673 2314 718 EPISTOLA
2361 658 2505 732 279,
2543 679 2664 720 un.
2717 681 2810 731 tu,
2862 681 2918 722 P.
2967 663 3110 739 535,
3161 686 3335 730 corr.
3384 688 3600 745 unum,

1701 773 1874 830 sou,
1901 775 2067 819 anno
2095 759 2277 820 1668.

387 913 1012 993 JoannemLmaximun
1046 920 1194 976 orbis
1223 921 1427 986 lumen,
1461 922 1699 993 Byzantii
1723 937 1929 993 praesu-

314 986 441 1066 lem,
498 989 556 1043 in
587 991 813 1066 exilium
866 991 1066 1063 injuste
1095 993 1310 1066 misisti,
1342 986 1691 1066 suadentibus
1721 986 1934 1064 cpisco-

317 1062 410 1136 pis_
433 1073 668 1136 summa:
691 1062 941 1136 levitatis
969 1064 1192 1136 etmale
1236 1065 1617 1121 sentientibus.
1651 1062 1781 1121 Cum
1805 1081 1934 1136 ergo

310 1127 644 1218 Catholicam
690 1134 993 1218 Ecclesiam
1019 1135 1303 1218 inculpata
1332 1136 1650 1218 sinceraque
1689 1127 1932 1192 doctrina

309 1204 639 1271 privaveris,
676 1220 748 1262 ne
773 1206 980 1278 absque
1001 1205 1188 1264 dolore
1220 1205 1384 1262 vitam
1417 1204 1716 1277 transigite.

548 1319 804 1391 Ejusdem
842 1319 961 1374 Lib.
1003 1319 1065 1387 ll,
1107 1319 1255 1390 epist.
1295 1321 1422 1386 265,
1462 1337 1514 1390 p.
1555 1321 1682 1377 9.51.

824 1435 1048 1491 Arcadio
1096 1435 1410 1505 imperatori.

377 1565 502 1637 Quo
521 1577 683 1636 pacto
709 1581 736 1620 a
771 1564 1221 1637 frequentissimis
1249 1577 1407 1623 terra:
1434 1568 1666 1624 motibus
1687 1569 1933 1623 aetherei-

300 1654 410 1709 qne
423 1639 566 1709 ignis
582 1637 924 1697 conflictibus
937 1638 1162 1694 liberam
1176 1639 1696 1708 Constantinopolim
1711 1654 1933 1695 cernere

301 1710 482 1778 cupis,
514 1725 639 1764 cum
669 1710 958 1764 innumera
1000 1710 1070 1764 ibi
1094 1710 1294 1764 scelera
1320 1721 1718 1780 perpetrantur,
1749 1721 1802 1764 et
1829 1712 1932 1764 ini-

301 1784 490 1851 quitas
513 1795 614 1850 pro
641 1780 759 1851 lege
788 1795 912 1836 cum
935 1780 1154 1837 audacia
1180 1783 1345 1836 multa
1375 1782 1776 1852 praescribatur,
1807 1797 1930 1837 cum

300 1854 413 1921 jam
472 1852 526 1904 in
579 1852 1005 1922 exiliumfpulsa
1058 1852 1128 1906 sit
1172 1853 1426 1908 Ecclesiae
1483 1854 1768 1917 columna,
1834 1853 1928 1908 lux

303 1923 577 2028 verit’atis,
621 1923 751 1980 tuba
781 1921 1007 1992 Christi,
1060 1922 1298 1980 Joannes
1329 1924 1669 1980 beatissimus
1717 1925 1929 1994 episco-

303 2010 407 2066 pus
438 2010 451 2046 ε

2048 926 2296 996 Ejusdem
2345 929 2414 982 ad
2470 929 3108 1012 δευρί-ιι.ιῇρπεοηὶςζιέεηι.
3183 935 3296 990 Lib.
3352 937 3430 1004 ll,
3493 943 3644 1012 epist.

2650 1002 2772 1058 199.
2816 1023 2867 1075 p.
2912 1005 3036 1059 592.

2082 1135 2312 1228 2invidia
2329 1141 2602 1228 compulsi
2627 1142 2840 1228 quidam
2859 1145 3095 1228 episcopi
3115 1146 3463 1228 obsummam
3477 1150 3647 1228 Joan-

2042 1214 2149 1292 nis,
2203 1214 2454 1292 episcopi
2491 1214 3082 1292 constantinopolitani,
3140 1219 3412 1284 virtutem,
3458 1222 3648 1278 divino

2042 1287 2188 1354 metu
2232 1283 2413 1354 valere
2433 1283 2610 1350 jusso,
2658 1283 2902 1342 sanctum
2935 1287 3378 1354 hominem,vere
3402 1283 3644 1349 universi

2043 1349 2245 1435 lumen,
2285 1349 2491 1435 insidiis
2511 1349 2914 1435 aggressisunt,
2956 1349 3305 1435 feceruntque
3333 1371 3385 1417 ut
3409 1364 3639 1432 impera-

2042 1429 2126 1476 tor
2151 1428 2423 1492 piissimus
2452 1435 2508 1481 et
2531 1428 2984 1495 simplicissimus,
3020 1428 3293 1488 fraudibus
3315 1428 3500 1491 eorum
3546 1435 3643 1491 dc—

2041 1503 2250 1561 ceptus,
2284 1496 2560 1552 caelestem
2597 1500 2766 1554 virum
2817 1501 2870 1554 in
2921 1502 3138 1558 exilium
3187 1505 3446 1562 mitteret.
3507 1507 3641 1562 Cum

2042 1577 2173 1646 ergo
2216 1567 2484 1636 pestiferis
2534 1577 2590 1624 et
2642 1571 2834 1646 invidis
2888 1572 3195 1646 pastoribus
3238 1577 3643 1633 circumventus

2043 1641 2339 1713 imperator
2366 1653 2528 1695 aures
2553 1641 2863 1711 prtcbuerit,
2891 1642 3013 1711 jure
3042 1645 3300 1713 pr0pheta
3328 1647 3592 1702 clamabat
3624 1667 3638 1701 :

2043 1707 2288 1790 Extendit
2341 1707 2717 1790 manumjsuqm
2755 1707 3180 1790 cunt'illusorel
3213 1715 3341 1772 Osee
3389 1717 3503 1784 VH,
3537 1719 3640 1790 5).

2041 1778 2309 1857 Caeterum
2363 1791 2483 1857 post
2530 1784 2675 1857 ju_sti_
2717 1784 2934 1839 exilium
2995 1778 3226 1841 maxima
3276 1802 3401 1857 pars
3431 1778 3640 1854 eorum,

2040 1853 2130 1922 qui
2159 1851 2274 1927 hanc
2304 1851 2596 1927 machinati
2651 1853 2864 1927 fuerant
2913 1871 3102 1927 poenas
3149 1851 3546 1926 persolverunt,
3579 1851 3643 1916 ac

2040 1937 2162 1978 cum
2192 1923 2320 1980 fletu
2342 1935 2396 1979 et
2421 1925 2658 1981 clamore
2685 1923 3090 1995 confessi—sunt,
3120 1923 3179 1985 se
3204 1923 3556 1987 vehementer
3586 1931 3641 1988 in

2041 1995 2211 2049 virum
2234 2005 2476 2050 sanctum
2504 1996 2814 2066 deliquisse.

1051 2108 3635 2139 “mm

303 2201 584 2259 smus",
631 2201 923 2246 cvnnues
966 2202 1278 2264 EPISCOPI,
1325 2205 1530 2249 EPIST.
1576 2186 1680 2263 66,
1739 2207 1823 2250 an
1878 2206 2327 2273 miserrimum,
2377 2208 2889 2254 ALEXANDRINUM
2948 2210 3337 2270 EPISCOPUM,
3385 2212 3444 2254 Ρ.
3495 2194 3637 2257 206.

375 2306 640 2363 Nonnihil
673 2308 1052 2364 sciscitaturus
1077 2307 1174 2362 abs
1202 2317 1276 2374 te,
1303 2324 1404 2379 qua
1436 2309 1504 2363 de
1529 2325 1588 2364 re
1618 2310 1922 2365 sciscitatu-

306 2394 398 2436 rus
428 2379 532 2433 sim
587 2388 752 2434 antea
779 2379 912 2436 libet
937 2394 1234 2447 exponere.
1269 2380 1572 2435 Alexander
1599 2397 1629 2436 e
1651 2383 1924 2436 senatorio

306 2450 498 2505 ordine
547 2449 902 2520 Cyrenensis,
954 2452 1132 2507 adhuc
1184 2451 1522 2517 adolescens,
1569 2456 1921 2520 monasticam

304 2523 470 2575 vitam
502 2520 786 2592 professus
810 2531 896 2592 est
927 2539 940 2575 :
972 2536 1204 2592 cumque
1234 2539 1336 2576 una
1372 2539 1492 2578 cum
1521 2532 1680 2577 aetate
1707 2539 1925 2579 monas-

307 2593 470 2664 ticum
507 2591 833 2664 iilludivitte
882 2591 1186 2646 institutum
1220 2596 1558 2663 procederet,
1599 2596 1828 2664 primum
1856 2595 1922 2649 ad

302 2663 544 2727 diaconi,
600 2663 729 2718 inde
776 2664 844 2718 ad
889 2665 1180 2735 sacerdotii
1232 2667 1284 2719 in
1316 2666 1555 2724 Ecclesia
1600 2663 1924 2735 dignitatem

299 2743 596 2808 provectus
635 2743 737 2788 est.
756 2735 896 2808 iPost
923 2734 1063 2799 hate,
1094 2737 1386 2808 occasione
1414 2737 1616 2808 negotii
1638 2734 1924 2808 cujusdam

296 2805 366 2862 ad
418 2813 598 2864 eastra
646 2807 942 2878 profectus,
999 2815 1054 2864 et
1107 2806 1281 2864 beatae
1312 2805 1587 2864 memoriae
1615 2805 1810 2866 Joa’nui
1862 2823 1922 2866 se

2031 2314 2230 2368 sistens
2281 2313 2617 2382 (bonoretur
2669 2316 2810 2368 enim
2840 2331 2869 2370 a
2899 2315 3052 2371 nobis
3097 2318 3294 2372 mortui
3353 2319 3636 2384 memoria,

2031 2385 2284 2460 quoniam
2332 2386 2507 2460 omnis
2557 2401 2679 2439 cum
2730 2387 2837 2439 vita
2883 2387 3131 2460 simultas
3174 2389 3430 2460 exuitur)
3465 2407 3478 2444 :
3511 2390 3638 2446 huic

2033 2457 2192 2524 igitur
2221 2472 2279 2510 se
2308 2457 2506 2510 sistens
2535 2465 2659 2510 ante
2690 2471 2866 2512 metus
2915 2458 3038 2513 illos
3062 2469 3117 2514 et
3160 2457 3420 2519 tumultus
3455 2463 3639 2517 Eccle—

2033 2528 2256 2600 siarum,
2291 2527 2677 2599 Basinopoleos
2702 2528 2964 2600 Bithyniae
2993 2532 3276 2600 cpiscopus
3304 2533 3445 2587 illius
3466 2535 3640 2591 maui-

2033 2599 2133 2652 bus
2177 2609 2260 2674 est
2307 2600 2603 2653 ordinatus.
2630 2599 2765 2674 ‘O_rt_a
2797 2599 2926 2655 vero
2955 2604 3320 2664 contentione,
3379 2605 3430 2658 in
3458 2605 3574 2674 ejus
3605 2606 3636 2658 a

2032 2684 2140 2739 quo
2165 2671 2368 2726 electus
2398 2679 2513 2727 erat
2540 2671 2771 2726 amicitia
2803 2674 3188 2741 perseveravit,
3212 2683 3269 2728 et
3295 2674 3438 2730 illius
3457 2671 3637 2746 partes

2033 2753 2252 2796 SGCUlllS
2273 2751 2375 2796 ρει.

1050 3039 1294 3086 tsmont
1336 3041 1703 3086 PELUSIOTE
1748 3041 2100 3089 smuacno
2143 3039 2449 3085 EPISTOLA
2497 3021 2615 3083 152
2657 3039 2828 3084 LIBRI
2875 3023 2923 3084 Ι.

366 3148 520 3204 Petis
567 3162 596 3201 a
620 3161 710 3204 me
731 3156 794 3202 ut
810 3146 977 3202 divini
1007 3145 1233 3218 Joannis
1273 3147 1589 3218 tragoediam
1623 3148 1716 3203 tibi
1745 3163 1917 3218 expo-

291 3235 442 3276 nam.
484 3218 596 3275 Sed
624 3219 811 3273 nescio
837 3217 1110 3291 quomodo
1157 3234 1276 3276 eam
1332 3217 1595 3290 explicem
1630 3238 1643 3291 ς
1675 3217 1910 3275 mentem

289 3293 438 3346 enim
491 3305 582 3362 res
633 3291 739 3348 iSta
787 3290 1050 3360 superat:
1084 3305 1270 3345 verum
1298 3306 1464 3362 pauca
1490 3290 1734 3362 quaedam
1764 3291 1910 3345 audi.

291 3361 481 3418 Vicina
500 3361 771 3486 Egmtus
791 3375 892 3431 pro
913 3377 1066 3416 more
1085 3375 1184 3416 suo
1201 3362 1381 3432 inique
1403 3377 1459 3416 se
1478 3361 1913 3434 gessit,bloysctn

291 3449 580 3486 recusans.
693 3447 950 3486 araonem
972 3432 1285 3486 admittens.
1313 3432 1540 3486 humiles
1557 3433 1736 3486 [lauris
1767 3435 1913 3486 lace-

299 3378 328 3417 v
342 3378 481 3418 tenta
500 3378 771 3488 mgmtus
791 3378 892 3431 pro
913 3378 1066 3416 more
1085 3378 1381 3432 summque
1403 3378 1459 3416 se
1478 3378 1666 3431 geSSII,
1680 3378 1913 3434 tuoyscm

291 3449 580 3499 recusans,
693 3447 950 3488 araonem
972 3432 1285 3498 admittens,
1313 3432 1540 3504 humiles
1557 3433 1736 3504 ﬂagris
1767 3435 1913 3489 lace-

288 3521 444 3564 rans.
495 3505 812 3560 laborantes
862 3505 1197 3575 opprimens,
1254 3503 1428 3575 urbes
1465 3514 1812 3569 construens,
1859 3516 1914 3560 et

289 3576 605 3632 mercedem
635 3574 1217 3646 structoribusnegans
1248 3593 1260 3628 :
1292 3583 1345 3630 et
1367 3574 1432 3628 ad
1456 3575 1557 3630 hoc
1580 3591 1746 3646 usque
1777 3583 1914 3630 tem-

284 3665 393 3718 pus
427 3647 546 3701 haec
594 3661 786 3719 agens.
831 3647 966 3719 Nam
1021 3647 1210 3719 insano
1249 3646 1547 3719 lapillorum
1579 3661 1762 3719 amore
1815 3649 1912 3719 lla-

283 3717 542 3802 grantem
571 3717 780 3802 et;anri
808 3718 1071 3802 cultorem
1103 3717 1460 3802 Theophilum
1489 3717 1914 3802 assumptisnad—

282 3787 585 3860 jutoribus,
634 3789 746 3844 imo
774 3789 1064 3860 apostasia:
1089 3790 1251 3860 sociis
1277 3788 1628 3860 quatuoryin
1677 3787 1911 3843 medium

285 3859 603 3932 proferens,
629 3861 778 3930 pium
811 3859 1104 3930 divinaque
1131 3859 1376 3932 doctrina
1407 3859 1686 3928 praeditum
1733 3860 1912 3914 virum

284 3931 662 4005 oppugnavit;
713 3932 897 4005 odium
925 3940 1090 4005 atque
1119 3931 1452 3985 inimicitiam
1505 3946 1668 4005 quam
1708 3931 1786 4005 in_
1817 3946 1912 4005 co-

284 4001 611 4076 giteminem
659 4019 841 4058 meum
867 4001 944 4075 (α)
979 4003 1609 4076 conceperat,nequitiae
1639 4003 1911 4076 suainei-

288 4072 595 4130 iamentum
640 4083 852 4129 nactus.
878 4072 958 4127 Ἀι
986 4073 1176 4128 domus
1210 4072 1428 4126 Davidis
1460 4074 1759 4138 invalescit,
1817 4073 1914 4128 do-

285 4162 412 4200 mus
438 4155 626 4200 autem
670 4145 850 4201 Saulis
876 4144 1210 4208 debilitatur,
1242 4154 1297 4199 ut
1325 4144 1475 4198 vides
1502 4162 1515 4197 :
1545 4145 1806 4213 siquidem
1833 4147 1914 4202 vit'

286 4218 409 4281 ille,
454 4225 713 4286 superata
766 4216 891 4271 vitae
933 4225 1272 4286 tempestate,
1320 4215 1387 4272 ad
1438 4230 1725 4286 supernam
1767 4225 1913 4272 tran-

283 4289 616 4360 quillitatem
635 4288 905 4359 migravit.

476 4380 736 4452 Ejusdem
775 4378 1049 4434 Eustathia
1077 4379 1294 4449 epistola
1333 4379 1634 4447 156,eiusd.
1667 4380 1705 4434 Ι.

361 4473 483 4543 Ego
514 4472 737 4545 quidem
764 4475 957 4530 librum
973 4475 1114 4538 misi,
1147 4489 1305 4544 quem
1338 4489 1365 4527 a
1391 4491 1477 4528 me
1507 4474 1738 4544 petiisti;
1778 4473 1914 4529 fruc-

282 4555 516 4615 tumque
545 4561 615 4600 ex
643 4561 710 4599 eo
738 4561 833 4615 per
864 4555 914 4600 te
941 4556 1220 4616 exspecto,
1264 4545 1354 4613 qui
1385 4546 1452 4599 ab
1500 4548 1750 4601 omnibus
1771 4546 1912 4614 exigi

281 4617 601 4672 consuevit.
648 4616 866 4671 Nullum
917 4618 1084 4682 enim,
1117 4617 1320 4671 nullum
1366 4627 1451 4671 est
1488 4631 1582 4670 eor
1621 4618 1762 4687 quod
1795 4617 1912 4685 ejus

283 4688 532 4744 lectione
556 4688 802 4756 fruitum,
833 4703 941 4742 non
968 4687 1152 4743 divino
1176 4703 1362 4743 amore
1385 4687 1687 4742 sauciatum
1708 4687 1870 4743 fuerit
1895 4704 1908 4742 :

346 4847 426 4911 (ᾳ)
462 4845 560 4896 Hic
582 4845 799 4909 loquitur
822 4846 888 4897 de
912 4846 1101 4898 Isidoro
1123 4846 1226 4907 illo,
1251 4848 1356 4898 viro
1380 4856 1566 4910 sancto,
1593 4847 1676 4911 qui
1705 4846 1765 4897 ab
1786 4846 1911 4898 Hos-

281 4909 541 4972 pitalitate
567 4922 750 4959 nomen
776 4911 984 4974 accepit.

2021 3145 2220 3217 quippe
2243 3147 2330 3215 qui
2371 3145 2731 3201 venerandam
2762 3162 2874 3201 rem
2905 3155 2959 3202 et
2989 3161 3208 3204 accessu
3239 3149 3516 3208 difficilem
3546 3167 3634 3209 sa-

2025 3218 2331 3291 cerdotium
2381 3232 2503 3291 esse
2551 3217 2922 3291 demonstret;
2959 3220 3191 3291 etqsimul
3218 3223 3490 3291 quomodo
3516 3226 3634 3282 sine

2027 3289 2130 3344 ulla
2155 3287 2592 3358 reprehensionis
2610 3289 2727 3343 labe
2748 3299 2984 3344 sectetur
3003 3289 3213 3346 doceat.
3236 3287 3467 3358 Sapiens
3487 3298 3634 3353 enim

2027 3308 2130 3344 uua
2155 3308 2592 3358 repreuenstoms
2611 3308 2727 3343 taue
2748 3308 2984 3344 sectetur
3003 3308 3213 3346 noceat.
3241 3308 3308 3350 sa
3354 3310 3467 3348 lens
3487 3311 3631 3353 enun

2026 3360 2118 3435 ille
2139 3374 2482 3435 areanorum
2533 3359 2626 3413 Dei
2651 3433 2660 3435 _
2691 3360 2957 3435 inter_pres
2999 3361 3266 3435 Joannes,
3317 3308 3631 3435 Eyzantinu:

2025 3431 2302 3495 Ecclesiae,
2353 3431 2461 3502 imo
2519 3433 2756 3484 onmium
2806 3430 3167 3486 Ecclesiarum
3197 3430 3406 3502 oculus,
3436 3437 3628 3494 librum

2024 3503 2172 3557 illum
2207 3502 2275 3556 ita
2309 3501 2606 3570 prudenter
2642 3509 2696 3555 et
2727 3511 2978 3555 accurate
3006 3503 3194 3569 ed'dit,
3229 3514 3284 3559 ut
3309 3501 3414 3565 tam
3443 3523 3633 3567 omnes

2023 3574 2216 3646 qui,_ut
2235 3572 2343 3627 Deo
2369 3581 2578 3646 gratum
2601 3581 2702 3636 est,
2730 3587 2888 3646 quam
2911 3574 3000 3642 qui
3033 3575 3362 3646 negligenter
3387 3580 3632 3634 sacerdo-

2027 3643 2100 3720 tio
2125 3644 2434 3713 funguntur,
2465 3644 2552 3720 hie
2573 3653 2624 3696 et
2648 3653 2791 3700 recte
2817 3643 2952 3699 facta
2981 3643 3632 3720 sua,‘et‘repreltensioue

2023 3716 2178 3785 (ligna
2204 3724 2353 3786 gesta
2381 3714 2668 3785 reperiant.

2025 3807 2274 3879 Ejusdem
2313 3806 2508 3878 Cyrillo
2549 3806 2900 3863 Alexandrino
2957 3810 3174 3880 epistola
3231 3811 3338 3868 510
3376 3815 3546 3885 ejusd.
3589 3818 3630 3872 ι.

2095 3901 2333 3956 Allectus
2364 3900 2560 3956 nimius
2589 3917 2694 3956 non
2737 3911 2892 3958 acute
2922 3905 3129 3971 cernit;
3172 3906 3354 3962 odium
3385 3925 3513 3964 vero
3540 3913 3625 3964 ni-

2023 3973 2094 4050 hil
2112 3975 2332 4028 omnino
2357 3975 2550 4050 cernit.
2578 3971 2872 4050 Sicrgoab
2901 3986 3130 4050 utroque
3157 3977 3353 4032 damno
3373 3995 3540 4050 purus
3566 3997 3630 4036 ac

2021 4045 2162 4101 liber
2205 4058 2328 4116 esse
2368 4043 2529 4116 velis,
2562 4046 2668 4100 noli
2701 4046 2966 4102 violentas
3010 4043 3152 4104 ferre
3181 4043 3500 4116 sententias,
3529 4054 3627 4108 scd

2017 4117 2166 4195 justo
2213 4114 2416 4195 judicio
2467 4129 2658 4172 causas
2709 4119 3006 4195 committe.
3065 4119 3277 4195 Etenim
3329 4114 3493 4195 Deus,
3523 4125 3626 4195 qui

2020 4188 2198 4243 omnia
2225 4189 2378 4242 novit
2405 4195 2691 4258 antequam
2721 4189 2870 4254 fiant,
2904 4204 3002 4258 pro
3022 4204 3117 4245 sua
3146 4188 3484 4248 humanitate
3500 4188 3628 4249 des-

2020 4258 2272 4324 cendere,
2303 4266 2357 4331 et
2385 4256 2682 4313 clamorem
2711 4256 3069 4315 Sodomorum
3099 4263 3408 4331 perspicere
3436 4264 3626 4324 voluit.

2019 4339 2082 4386 ut
2129 4344 2230 4385 nos
2273 4327 2342 4384 ad
2386 4340 2473 4381 res
2518 4338 2769 4384 accurate
2812 4327 3131 4386 scrutandas
3159 4327 3417 4388 erudit-et.
3473 4335 3629 4391 Multi

2021 4403 2162 4458 enim
2186 4416 2251 4456 ex
2286 4402 2371 4467 iis,
2421 4399 2512 4468 qui
2561 4401 2759 4468 Ephesi
2783 4401 2954 4456 coacti
3004 4412 3148 4469 sunt,
3180 4414 3230 4458 te
3258 4405 3544 4460 traducunt
3569 4417 3629 4462 ut

2022 4482 2140 4546 tuas
2172 4469 2481 4527 inimicitias
2529 4472 2899 4546 ulciscentem,
2954 4489 3017 4529 ac
3061 4490 3168 4530 non
3194 4491 3283 4546 Mea
3328 4493 3449 4546 quae
3495 4476 3624 4533 Jesu

2021 4545 2219 4600 Christi
2275 4553 2420 4607 sunt,
2479 4544 2778 4599 orthodoxe
2805 4554 3158 4614 quaerentem.
3189 4544 3495 4616 Theophili,
3540 4549 3623 4603 in-

2019 4618 2350 4689 quiunt.ex
2385 4631 2586 4689 sorOre
2631 4631 2800 4689 nepos
2838 4625 2940 4682 est,
2985 4617 3243 4689 illumque
3269 4619 3529 4674 imitatur.
3559 4621 3628 4676 Ut

2019 4690 2163 4742 enim
2207 4688 2301 4742 ille
2332 4688 2589 4746 adversus
2624 4687 2865 4743 divinum
2914 4702 2978 4742 ac
3010 4689 3122 4744 Deo
3149 4687 3331 4745 carum
3361 4691 3625 4748 Joannem

2019 4760 2201 4814 furore
2225 4769 2378 4832 actus
2409 4769 2490 4816 est
2524 4778 2536 4813 :
2569 4759 2649 4814 sic
2685 4760 2848 4814 etiam
2878 4758 2979 4832 iste
3007 4761 3226 4830 gloriari
3267 4771 3322 4817 et
3347 4777 3469 4817 sese
3502 4763 3622 4832 jac-

2020 4838 2136 4885 tare
2160 4831 2383 4904 expetit,
2413 4831 2626 4887 etiamsi
2647 4846 2899 4902 magnum
2928 4831 3000 4886 sit
3041 4833 3184 4888 inter
3205 4847 3300 4889 eos
3343 4835 3435 4904 qui
3461 4831 3620 4890 accu-

2018 4909 2207 4956 santur
2237 4903 2544 4958 discrimen.

275 5120 604 5166 CYBJLLUS
649 5120 1170 5178 ALEXANDBINUS,
1217 5122 1418 5168 ΕΡιδΤ.
1487 5103 1527 5166 8
1583 5123 1668 5167 AD
1728 5120 2565 5178 CONSTANTINOPOLITANOS,
2613 5119 2948 5173 POSTQUAM
3007 5123 3372 5167 NESTORIUM
3417 5125 3613 5171 PRAVA

1314 5223 1703 5276 LOQUENTEM
1747 5223 2144 5273 INDUXEBAT,
2194 5221 2335 5266 HEC
2382 5222 2616 5264 ΗΔΒΕΤ.

357 5347 620 5419 Nunquid
651 5348 990 5419 eloquentior
1006 5357 1088 5406 est
1113 5347 1321 5405 Joanne
1339 5347 1811 5420 (Chrysostomo)?
1841 5363 1908 5404 an
1941 5364 2037 5419 par
2066 5348 2146 5405 vel
2177 5348 2472 5420 sapientior
2500 5357 2580 5402 cst
2606 5347 2766 5404 beato
2789 5349 3006 5405 Attico?

290 5484 3479 5508 Mm

3488 5491 3610 5513 .—

963 5576 1316 5622 CONCILIUM
1366 5577 1963 5632 EPBESINUM,EDIT.
2012 5574 2439 5632 PABIS.,ANNO
2487 5556 2666 5630 1671,
2713 5574 2771 5616 ι).
2822 5558 2961 5617 117.

355 5710 629 5789 Joannis,
677 5707 918 5789 episcopi
975 5707 1569 5789 constantinopolitan‘i,
1617 5707 1683 5787 de
1727 5707 1907 5789 divina

355 5724 629 5776 Joannis,
677 5724 917 5834 eﬂtscopt
975 5724 1569 5786 CODSlanltllopOltlﬂn‘l,
1617 5724 1683 5787 ne
1727 5724 1907 5761 att-ma

277 5783 692 5857 generatione._
751 5791 968 5857 uquttur
991 5779 1268 5857 autemhde
1291 5787 1472 5857 sancta
1499 5778 1732 5857 virgine.
1765 5778 1908 5857 Loco

279 5848 423 5913 Erilis
461 5864 646 5907 autem
681 5850 1148 5917 incircumscripte
1180 5849 1357 5903 Solem
1381 5848 1602 5918 justitire
1628 5851 1906 5917 complexa

285 5927 410 5984 tuit.
453 5925 644 5996 Neque
687 5922 774 5978 hic
814 5920 1096 5991 qtucsieris
1122 5920 1393 5992 quomodo
1429 5939 1440 5973 :
1473 5920 1560 5974 ubi
1592 5920 1735 5975 enim
1769 5921 1908 5976 Dcus

2018 5706 2149 5780 vult,
2162 5714 2383 5780 natura:
2414 5702 2823 5780 ordo_vi_ncitur.
2874 5705 3056 5780 Voluit
3082 5708 3248 5773 enim,
3282 5714 3474 5780 potuit,
3499 5712 3622 5770 des-

2017 5778 2216 5854 cendit,
2273 5775 2498 5854 salutem
2527 5773 2677 5854 ded-it
2706 5793 2718 5827 :
2752 5775 2930 5830 omnia
2957 5777 3057 5854 _Dci
3089 5773 3621 5854 nutum-sequuntur.

2017 5849 2186 5922 Ilodic
2226 5849 2312 5915 qui
2344 5854 2460 5900 erat
2496 5845 2765 5922 gignitur;
2798 5855 2850 5901 et
2879 5850 2969 5916 qui
2990 5860 3093 5922 est,
3127 5851 3181 5907 id
3203 5854 3343 5922 quod
3373 5845 3477 5910 non
3500 5863 3620 5910 erat

2017 5921 2244 5976 efficitur
2270 5935 2282 5971 :
2319 5932 2442 5974 nam
2472 5932 2593 5974 cum
2622 5916 2764 5973 Deus
2784 5929 2946 5989 esset,
2998 5916 3260 5995 fullonio,
3293 5940 3392 5982 nec
3420 5923 3616 5985 desinit
