4166 6472
561 399 616 453 M
635 397 652 450 Ι

555 526 676 568 esse
694 511 854 567 Deus.
876 510 1061 582 Neque
1080 513 1222 568 enim
1248 527 1368 568 cum
1386 510 1604 568 deitatis
1626 513 1829 583 jactura
1857 513 2026 567 tactus
2050 521 2135 568 est

559 584 742 647 homo,
775 597 948 653 neque
975 599 1070 653 per
1095 586 1480 639 incrementum
1505 599 1571 638 ex
1595 583 1810 638 homine
1859 583 2027 638 lactus
2053 594 2137 638 est.

567 654 738 717 Deus;
770 652 883 734 sed‘
908 652 1029 709 eum
1068 654 1287 709 verbum
1317 664 1480 717 esset,
1523 664 1747 734 propter
1776 654 2138 734 impatibilita-

556 733 685 787 tem,
711 722 837 778 caro
857 723 1054 780 factum
1075 734 1177 790 est,
1204 739 1299 779 sua
1319 733 1568 779 manente
1588 722 1904 778 immutabili
1922 734 2132 778 natura.

1785 396 2191 455 TESTIMONIA
2236 395 2561 454 V’ETERUM

3726 397 3820 456 ΗΞ

2240 513 2367 567 Herc
2415 513 2596 566 deinde
2615 513 2795 582 adjicit
2818 512 2954 582 :Qul
3007 514 3060 568 in
3091 513 3241 568 solio
3261 513 3826 584 excelso‘suhlimique

2241 584 2410 644 sedet,
2463 585 2512 636 in
2547 585 2804 652 prtesepio
2852 585 3108 655 ponitur:
3140 586 3229 654 qui
3283 584 3654 655 impalpabilis,
3700 587 3828 640 sitn-

2243 655 2363 723 plex
2389 663 2443 707 et
2474 655 2817 721 incorporeus
2842 664 2946 718 est,
2973 654 3219 723 humanis
3239 654 3486 710 manibus
3504 655 3824 710 involvitur:

2243 721 2333 794 qui
2360 733 2698 792 peccatorum
2741 723 2950 778 vincula
2978 725 3157 789 solvit,
3198 721 3378 780 fasciis
3421 724 3820 794 constringitur.

622 955 907 1000 'SANCTUS
954 954 1369 1010 AUGUSTINUS,
1415 955 1499 996 DE
1542 953 1798 997 NATURA
1841 954 1922 996 ET
1962 953 2139 996 GRAT]

2247 951 2495 995 comma
2535 951 2879 1008 PELAGIUM,
2925 953 2985 996 τ.
3033 953 3100 1010 x,
3145 953 3203 998 c.
3249 933 3349 1014 61s,
3395 954 3452 997 ι’.
3501 937 3641 1001 159.
3685 957 3743 1000 Β.

625 1081 758 1137 Item
811 1080 1078 1142 Joannes,
1131 1077 1740 1146 constantinopolitanus
1810 1077 2132 1147 episeOpus,

549 1153 708 1220 cujus
757 1151 941 1220 posuit
975 1149 1294 1204 sententiam
1320 1190 1336 1214 ,
1391 1147 1522 1220 dicit
1568 1155 1842 1220 peccatum
1881 1163 1988 1201 non
2019 1161 2138 1220 esse

555 1215 903 1275 substantiam
929 1261 945 1286 ,
979 1220 1073 1275 sed
1101 1227 1275 1273 actum
1307 1215 1619 1288 malignum.
1652 1219 1782 1285 Quis
1810 1219 1909 1271 hoc
1929 1215 2140 1285 tnegat?

554 1303 608 1346 et
649 1291 772 1360 quia
813 1306 923 1360 non
953 1298 1036 1360 est
1059 1289 1318 1360 naturale,
1347 1288 1470 1360 ideo
1496 1299 1681 1360 contra
1713 1288 1844 1342 illud
1860 1288 2046 1360 _|_ege_m_
2065 1288 2142 1340 la-

556 1357 680 1425 tam,
711 1369 764 1415 et
788 1359 930 1428 quod
975 1359 1041 1413 de
1090 1359 1296 1412 arbitrii
1345 1357 1594 1412 libertate
1643 1357 2139 1428 descendit.Etiam

555 1432 656 1485 hoc
681 1427 1028 1499 quisnegat?
1057 1429 1161 1482 Sed
1189 1443 1330 1499 nunc
1355 1428 1618 1499 agiturwde
1646 1427 1875 1482 humana
1905 1438 2091 1482 natura
2121 1467 2137 1492 ,

547 1517 674 1571 qum
703 1497 1006 1571 vitiata—est
1025 1515 1042 1562 ;
1063 1500 1236 1567 agitur
1249 1497 1316 1552 de
1335 1497 1503 1571 gratia
1519 1498 1644 1571 _I_)ei,
1669 1509 2019 1571 qua_sanatur
2045 1512 2140 1565 per

557 1568 820 1626 medicum
851 1570 1147 1634 Christum,
1177 1583 1282 1638 quo
1309 1583 1412 1622 non
1443 1568 1728 1636 indigeret,
1754 1569 1798 1621 si
1826 1583 1952 1621 sana
1975 1576 2140 1638 esset,

552 1657 675 1709 qute
705 1642 772 1694 ah
810 1640 912 1694 isto
940 1636 1206 1709 tauquam?
1239 1639 1505 1709 sana,'vel
1559 1647 1809 1706 tanquam
1847 1638 1948 1690 sibi
1979 1636 2140 1709 sulti-

553 1707 729 1765 ciente
766 1707 1061 1765 voluntatis
1089 1707 1320 1763 arbitrio
1344 1749 1359 1776 ,
1387 1722 1547 1778 posse
1571 1724 1674 1763 non
1698 1722 1920 1778 peccare
1960 1707 2144 1761 delen-

550 1782 717 1836 ditur.

553 1893 801 1963 Ejusdem
843 1901 1020 1948 contra
1073 1889 1756 1963 Julianum_Pelogianum,
1797 1901 1834 1944 t.
1867 1889 1938 1958 Χ,
1973 1889 2062 1945 lib.
2089 1890 2132 1957 Ι,

1019 1977 1066 2016 c.
1100 1961 1154 2026 6,
1187 1979 1240 2030 p.
1277 1961 1381 2016 509
1406 1971 1452 2015 et
1479 1962 1678 2028 5IO,a.

627 2078 769 2130 Itane
790 2077 888 2130 ista
912 2073 1076 2128 verba
1108 2073 1278 2127 sancti
1300 2072 1521 2127 Joannis
1545 2073 1781 2143 episcopi
1824 2073 1990 2128 audes
2029 2080 2145 2127 tan-

551 2162 709 2215 quam
731 2162 762 2200 e
783 2147 1055 2201 contrario
1087 2152 1164 2197 tot
1194 2144 1485 2215 taliumque
1506 2144 1784 2198 sententiis
1809 2144 2137 2215 collegarum

551 2213 668 2281 ejus
691 2230 981 2286 opponere,
1006 2228 1236 2284 eumque
1266 2214 1333 2286 ab
1361 2213 1573 2286 illorum
1605 2213 2023 2286 concordissima
2053 2228 2146 2286 so:

551 2282 743 2342 cietate
766 2282 1075 2354 'sejttngere
1103 2325 1118 2349 ,
1150 2282 1229 2337 'et
1269 2284 1348 2338 eis
1376 2282 1739 2354 adversarium
1764 2284 2095 2354 constituere
2120 2283 2147 2336 ἲ

550 2357 739 2421 Misit,
792 2353 1074 2410 absit’hoc
1117 2354 1320 2408 malum
1363 2353 1430 2407 de
1477 2361 1624 2408 tanto
1657 2355 1774 2407 viro
1803 2353 2026 2409 credere
2053 2361 2145 2408 aut

547 2428 748 2482 dicere.
777 2426 952 2493 Absit,
984 2427 1232 2495 inquam,
1255 2431 1314 2478 ut
1341 2423 1961 2494 constantinopolitanus
1981 2423 2143 2478 Joan-

2243 1090 2342 1149 n_e_s
2361 1075 2427 1129 de
2451 1075 2765 1149 baptismate
2807 1077 3146 1149 parvulorum
3171 1119 3187 1141 ,
3217 1093 3510 1149 eorumque
3540 1094 3569 1133 a
3603 1089 3827 1148 paterno

2245 1146 2603 1215 chirographo
2632 1146 2948 1202 liberatione
2993 1163 3089 1216 per
3129 1146 3440 1211 Christum,
3467 1157 3543 1202 tot
3571 1146 3633 1203 ac
3663 1151 3828 1205 tantis

2247 1217 2578 1284 coepiscopis
2631 1217 2762 1279 suis,
2819 1218 3154 1286 maximeque
3211 1233 3435 1273 romano
3466 1218 3828 1283 Innocentio,

2242 1286 2653 1358 carthaginiensi
2676 1286 2977 1358 Cypriane,
2998 1286 3298 1356 cappadoci
3364 1289 3585 1355 Basilio,
3610 1291 3832 1344 nazian-

2243 1369 2377 1409 zeno
2415 1355 2673 1425 Gregorio
2696 1355 2883 1424 {gallo
2921 1355 3123 1412 Hilario
3144 1398 3159 1421 ,
3189 1358 3575 1413 mediolanensi
3611 1361 3832 1414 resistat

2245 1426 2550 1499 Ambrosio,
2591 1435 2694 1499 etc.
2743 1426 2932 1481 Postea
2958 1427 3363 1499 quasdamoffert
3391 1445 3452 1482 ea:
3481 1430 3590 1498 ejus
3616 1431 3832 1499 epistola

2244 1496 2312 1548 ad
2340 1495 2692 1566 Olympiadem
2711 1506 2759 1551 et
2773 1513 2836 1552 ex
2853 1495 3081 1552 sermone
3103 1498 3167 1551 de
3185 1497 3403 1552 Lazaro.

2247 1607 2513 1679 Ejusdem,
2538 1609 2590 1663 in
2637 1625 2788 1677 opere
2825 1609 3116 1679 imperfecto
3145 1621 3321 1664 contra
3344 1609 3634 1677 Julianum,
3664 1621 3703 1665 t.
3724 1611 3780 1666 Χ
3805 1653 3828 1679 .,

2668 1696 2784 1750 cap.
2811 1681 2865 1747 7,
2895 1698 2948 1749 ρ.
2977 1680 3118 1735 1296
3142 1691 3186 1734 et
3214 1681 3378 1735 129-7.

2321 1793 2389 1847 Et
2411 1793 2545 1866 mihi
2569 1793 2756 1866 ohjieis
2778 1795 2977 1866 peccati
3006 1794 3160 1863 primi
3185 1794 3413 1850 hominis
3437 1797 3828 1866 granditatem,

2248 1878 2369 1932 qua:
2417 1865 2548 1935 tanti
2598 1864 2722 1917 ntali
2777 1863 3056 1935 hominum
3092 1869 3330 1920 omnium
3385 1863 3587 1921 ex'stitit
3638 1883 3832 1935 causa,

2248 1935 2400 2001 quasi
2427 1933 2529 1988 hoc
2558 1949 2658 2001 ego
2697 1935 2844 1989 solus
2869 1936 2952 1989 vel
2984 1934 3188 2004 primus
3213 1937 3478 1990 dixerim?
3500 1936 3636 1994 Audi
3661 1933 3830 1994 Joan¥

2247 2018 2371 2076 nem
2422 2005 3057 2076 constantinopolimnum
3105 2006 3415 2061 excellentis
3442 2008 3623 2076 gloria:
3655 2027 3669 2062 :
3702 2008 3838 2063 Pec-

2248 2074 2399 2140 cavit,
2420 2074 2610 2145 inquit,
2642 2074 2807 2127 Adam
2847 2076 2976 2128 illud
3014 2077 3210 2145 grande
3243 2074 3499 2144 peccatum
3532 2119 3547 2139 ,
3594 2087 3641 2131 et
3682 2095 3837 2133 omne

2284 2161 2404 2197 enus
2441 2144 2700 2198 hominum
2740 2146 2796 2198 in
2832 2144 3093 2199 commune
3121 2147 3398 2200 damnavit.
3426 2147 3561 2202 Audi
3584 2152 3745 2203 etiam
3780 2152 3837 2204 in

2295 2214 2435 2267 azari
2465 2215 2872 2287 resuscitatioue
2893 2216 3019 2287 quid
3040 2215 3204 2280 dicat,
3232 2228 3288 2272 ut
3305 2218 3568 2287 intelligas
3591 2221 3841 2287 corporis

2251 2292 2478 2355 mortem
2523 2285 2591 2338 de
2627 2286 2718 2338 illo
2744 2285 2932 2354 grandi
2971 2287 3182 2342 venisse
3229 2298 3448 2355 peccato
3473 2285 3497 2341 Ξ
3519 2285 3720 2353 Flebat,
3746 2290 3836 2343 in-

2251 2355 2386 2428 qttit,
2418 2354 2668 2428 Christus,
2695 2355 2832 2426 quod
2852 2371 2936 2409 eos
2961 2357 3047 2428 qui
3073 2354 3382 2412 immortales
3406 2375 3512 2414 esse
3535 2370 3836 2428 potuerunt,

2255 2425 2486 2480 diabolus
2512 2425 2631 2496 fecit
2659 2425 2765 2480 esse
2792 2426 3051 2492 mortales,
3074 2437 3190 2482 etc.

3368 2556 3834 2582 -ᾙ

1271 2662 1631 2719 οΑςειΑΝῠε,
1676 2662 1760 2704 ne
1803 2659 2274 2706 manantem
2317 2658 2572 2717 DOMINI,
2617 2657 2742 2700 LIB.
2789 2656 2904 2717 vn,
2948 2657 3006 2702 c.
3051 2639 3150 2701 30.

625 2817 860 2874 Joannes
879 2857 895 2882 ,
925 2815 1627 2886 constantinopolitanorum
1648 2813 1941 2886 antistitum
1960 2811 2150 2886 decus,

547 2888 704 2956 cujus
742 2889 996 2943 sanctitas
1043 2888 1246 2956 absque
1273 2882 1397 2940 'ulla
1444 2885 1720 2956 gentilitiae
1761 2882 2152 2954 persecutionis

527 2955 788 3029 .prbeella
817 2959 884 3014 ad
909 2955 1370 3029 martyrii’merita
1397 2955 1661 3027 pervenit,
1688 2963 1794 3010 etc.

1001 3091 1268 3165 -Ejusdem
1291 3090 1475 3148 lib.VII
1501 3108 1550 3148 ε.
1578 3089 1672 3148 '50.

597 3225 774 3282 ‘Uude
819 3241 919 3297 ego
980 3225 1362 3297 quoquehipse
1412 3223 1627 3297 humilis
1677 3231 1838 3297 atque
1883 3221 2147 3297 obscurus

549 3298 765 3353 nomine
790 3292 928 3352 sicut
957 3292 1171 3361 merito,
1205 3292 1329 3350 licet
1369 3295 1499 3349 mihi
1546 3295 1686 3349 inter
1736 3292 1962 3348 eximios
2017 3308 2149 3348 con-

549 3367 1036 3438 stantiuopolitaum
1074 3366 1219 3438 urbis
1245 3365 1469 3420 antistes
1500 3365 1673 3438 locum
1721 3364 1960 3438 magistri
1991 3377 2146 3418 usur-

547 3455 681 3508 pare
698 3434 803 3499 non
820 3439 1041 3508 possim,
1057 3436 1303 3508 studium,
1316 3434 1763 3508 tamendiscipuli
1788 3434 2144 3508 aﬂeetumqtte

591 3505 837 3563 rzcsumo.
870 3507 1168 3576 Adoptatus
1223 3507 1366 3562 enim
1421 3521 1452 3576 a
1499 3505 1820 3560 beatissima:
1869 3505 2144 3576 memoriae

585 3594 758 3633 oanne
787 3574 1041 3647 episeopo
1069 3577 1122 3631 in
1166 3575 1524 3631 ministerium
1548 3584 1968 3647 sacruntigatque
1987 3574 2144 3629 obla-

545 3657 636 3702 tus
663 3663 691 3701 a
709 3644 851 3711 ‘Deo,
884 3644 990 3702 etsi
1016 3662 1244 3715 corpore
1285 3647 1471 3701 absum
1495 3687 1510 3712 ,
1541 3644 1734 3699 aﬂ‘ectu
1760 3645 1867 3699 illic
1894 3659 2012 3699 sum
2043 3651 2144 3715 :‘et

550 3718 625 3772 illi
666 3718 1014 3772 dilectissimo
1055 3713 1187 3771 mihi
1224 3731 1287 3771 ac
1317 3715 1774 3771 venerandissimo
1805 3715 1896 3769 Dei
1919 3713 2139 3784 populo,

548 3789 649 3842 etsi
702 3802 846 3844 nunc
897 3789 1183 3858 prmseutia
1219 3801 1327 3841 non
1366 3785 1687 3850 admisceor,
1736 3793 1913 3839 tamen
1957 3791 2140 3840 mente

552 3921 730 3936 -υ

2252 2810 2640 2880 conjungor....
2669 2809 2989 2864 Mementote
3007 2807 3378 2880 magistrorum
3422 2817 3697 2874 veterum.
3745 2827 3842 2867 sa-

2255 2880 2642 2952 cerdotumque
2660 2890 2986 2952 vestrorum,
3018 2880 3260 2952 Gregorii
3285 2881 3477 2952 nobilis
3499 2897 3593 2952 per
3616 2883 3836 2948 orbem,

2254 2951 2482 3021 Nectarii
2505 2950 2853 3021 sanctimonia
2884 2950 3124 3021 insignis,
3145 2950 3375 3021 Joannis
3400 2950 3584 3007 ﬁdeac
3599 2953 3841 3021 puritate

2253 3020 2513 3091 mirabilis
2539 3038 2552 3073 :
2581 3019 2833 3091 Joannis,
2859 3019 3094 3087 inquam,
3135 3019 3356 3075 Joannis
3399 3021 3562 3087 illius,
3594 3019 3682 3091 qui
3711 3039 3845 3080 vere

2252 3091 2318 3162 ad
2366 3090 2768 3162 similitudinem
2809 3090 3032 3146 Joannis
3079 3092 3420 3161 evangelislze
3447 3101 3502 3146 et
3541 3090 3843 3162 discipulus

2251 3160 2377 3232 Jesu
2406 3170 2460 3216 et
2484 3161 3151 3232 apostolus,quasi_super
3177 3160 3360 3231 pectus
3384 3162 3593 3218 Domini
3620 3160 3843 3231 semper

2250 3230 2605 3301 aliectumcjue
2633 3230 2918 3286 discubuit.
2971 3230 3138 3296 Illius,
3180 3230 3428 3302 inquam,
3470 3230 3797 3290 mementote
3823 3275 3842 3300 ,

2251 3301 2400 3356 illum
2433 3301 2739 3370 sequimini,
2771 3302 2912 3356 illius
2932 3305 3218 3372 puritatem
3248 3301 3433 3366 ,illius
3457 3303 3616 3358 ﬁdem
3639 3345 3655 3368 ,
3697 3305 3844 3359 illius

2247 3371 2543 3426 doctrinam
2578 3387 2642 3427 ac
2675 3371 3080 3427 sanctimoniam
3111 3373 3341 3441 cogitate
3375 3390 3387 3425 :
3417 3373 3566 3431 .illius
3596 3390 3844 3430 memen-

2247 3451 2357 3497 tote
2387 3457 2601 3512 semper
2635 3441 2872 3499 doctoris
2919 3443 3085 3514 vestri
3136 3457 3198 3496 ac
3242 3444 3555 3507 nutritoris;
3597 3445 3652 3499 in
3684 3446 3844 3514 cujus

2246 3514 2398 3582 quasi
2445 3514 2650 3583 gremio
2708 3513 3104 3583 quodammodo
3144 3514 3498 3580 amplexuque
3546 3515 3837 3581 crevistis;

2246 3584 2335 3655 qui
2367 3583 2822 3655 communismihi
2848 3599 2912 3638 ac
2935 3584 3088 3638 vobis
3108 3585 3368 3655 magister
3395 3585 3490 3640 fuit
3514 3603 3528 3648 ;
3561 3585 3716 3655 cujus
3744 3585 3829 3641 di-

2245 3654 2436 3722 scipuli
2475 3661 2634 3724 atque
2671 3654 2932 3710 institutio
2973 3668 3178 3710 sumus.
3232 3653 3377 3710 Illius
3433 3653 3641 3725 scripta
3688 3657 3825 3726 legi-

2246 3731 2320 3792 te,
2349 3733 2454 3780 etc.

733 3912 3842 3938 Μ

637 4017 999 4062 COELESTINI
1043 4015 1217 4060 ΡΔΡΕ
1261 4013 1462 4056 EPIST.
1510 4013 1594 4055 ΔΙ)
1637 4010 1893 4054 CLERUM
1937 4009 2018 4050 ΕΤ
2059 4005 2137 4049 P0

2247 4004 2356 4050 ,ιω
2398 4003 2495 4050 ep.
2541 4005 2974 4055 coucmonuu
3014 4009 3192 4056 τοιιο
3234 4011 3329 4064 ιιι,
3382 4013 3439 4055 ιι.
3484 3994 3625 4056 365.
3667 4011 3724 4058 c.

565 4181 568 4184 ~
629 4145 766 4211 Quid
799 4159 903 4199 non
933 4143 1211 4198 animabus
1233 4140 1428 4197 vestris
1445 4138 1687 4211 doctrina
1716 4145 1914 4194 sancta:
1937 4151 2142 4211 memo-

549 4208 905 4285 t'ite'episc0pi
936 4214 1156 4269 Joannis
1183 4211 1448 4267 immisit?
1475 4210 1628 4285 cujus
1669 4223 1864 4285 serr_n_9_
1918 4208 2170 4264 cathoIi--

535 4301 666 4340 .cam
691 4278 1167 4343 lidem'instituens
1205 4299 1302 4354 per
1337 4293 1508 4338 totum
1542 4278 1735 4337 orbem
1763 4278 1988 4334 dilfusus
2016 4286 2135 4344 est,

2249 4136 3086 4276 ῗὲιέιᾶιευέἓῖιὲινιιῶἓῗῶἓῗοιιίηειιι
3113 4139 3278 4198 deluit
3297 4182 3316 4210 ,
3355 4142 3476 4213 quia
3515 4141 3839 4213 ubicumque

549 4401 3842 4437 *βψ-..Μ

1426 4502 1839 4550 Τιιιῑουοιιιςτι
1883 4500 2139 4544 nume.
2186 4500 2231 4558 ι,
2277 4501 2338 4544 'r.
2384 4501 2472 4559 tv,
2517 4501 2575 4543 ιι.
2616 4484 2690 4545 31
2738 4503 2818 4545 ET
2850 4485 2959 4546 .3'2.

603 4640 882 4696 Joannem
911 4654 1061 4704 vero,
1085 4649 1337 4712 magnum
1365 4633 1514 4712 orbis
1541 4633 1720 4712 Iu_me_n
1740 4672 1755 4696 ,
1788 4628 1876 4699 qui
1909 4628 2142 4712 primum

550 4711 765 4779 quidem
817 4725 1012 4780 magno
1040 4702 1203 4780 _'cum'
1229 4707 1432 4780 honore
1479 4702 1868 4780 Antiochenam
1911 4702 2145 4780 irrigavit

550 4771 871 4844 Ecclesium,
893 4771 1193 4848 deindeque
1214 4776 1359 4846 regia
1362 4790 1420 4848 in
1447 4771 1919 4848 urbemsapienter
1940 4771 2137 4848 coluit;

547 4868 727 4907 annon
770 4838 924 4922 putas
952 4838 1305 4922 apostolicam
1353 4843 1476 4899 ﬁdei
1507 4838 1743 4922 regulam
1765 4838 2138 4922 servasset...

551 4922 647 4978 Ilie
706 4911 866 4992 igitur
921 4911 1005 4973 vir
1055 4920 1212 4985 longe
1258 4911 1735 4992 prmstantissimus
1781 4911 2141 4992 apostolicum

553 4980 910 5048 himeloeum
947 4980 1326 5058 interprétatits
1350 4992 1433 5041 est
1476 4999 1492 5039 :
1536 4984 1614 5039 sic
1650 4980 1830 5038 autem
1861 4980 2094 5051 loquitur
2125 4997 2137 5032 :

2251 4629 2425 4696 Quare
2451 4672 2465 4695 ,
2518 4632 2725 4701 quando
2770 4635 2936 4696 audis,
2967 4633 3201 4689 Verbum
3221 4649 3354 4689 caro
3383 4637 3573 4692 factum
3603 4648 3705 4701 est,
3736 4655 3843 4693 nou

2247 4701 2462 4755 turbaris
2489 4718 2578 4754 nec
2612 4703 2840 4756 animum
2881 4704 3126 4768 deficias?
3166 4704 3287 4759 Non
3313 4708 3444 4759 enim
3474 4709 3754 4762 substantia
3784 4711 3840 4763 in

2247 4787 2448 4848 carnem
2479 4781 2671 4848 mutata
2684 4783 2810 4848 est;
2837 4775 2930 4848 hoc
2960 4777 3092 4828 enim
3119 4775 3286 4829 dicere
3321 4788 3560 4832 extremm
3601 4780 3839 4848 impieta-

2246 4842 2309 4895 tis
2349 4851 2512 4924 esset;
2549 4844 2638 4896 sed
2675 4844 2730 4897 id
2779 4845 2913 4912 quod
2952 4855 3060 4898 erat
3100 4862 3327 4913 manens,
3357 4850 3430 4902 sic
3458 4849 3587 4904 servi
3613 4842 3838 4919 formam

2246 4922 2459 4982 accepit,
2488 4923 2594 4968 cte.

552 5107 3831 5148 ...Μ

1129 5213 1354 5257 sane“
1398 5211 1617 5256 LEONIS
1661 5209 1863 5255 usam
1905 5207 2084 5250 eam
2129 5200 2444 5248 auarouo
2488 5200 2810 5256 Episcopo,
2857 5201 3055 5244 EPIST.
3106 5185 3242 5245 106.

623 5347 678 5402 Si
733 5340 1460 5421 ﬁrmo_incommutahilique
1489 5338 2014 5421 proposito'dilecti‘o
2045 5345 2132 5421 tua

553 5431 739 5472 curam
786 5413 969 5478 gratia:
1003 5411 1306 5466 communis
1346 5408 1637 5474 habuisset,
1688 5409 1818 5464 nihil
1869 5408 2132 5478 proiecto,

554 5486 696 5555 quod
728 5479 892 5555 uliiam
939 5483 1266 5555 anxietatem
1317 5481 1409 5555 tibi
1463 5481 1764 5555 ingereret,
1817 5480 2132 5533 exstitisset.

557 5551 675 5612 Non
706 5554 850 5608 enim
875 5553 1082 5608 sinebat
1108 5553 1242 5606 ratio
1268 5562 1324 5606 ut
1347 5551 1463 5620 ejus
1492 5552 1767 5605 caritatem
1794 5563 2129 5620 spernerem,

553 5642 710 5694 quem
753 5638 934 5678 amore
982 5623 1126 5694 pacis
1169 5633 1222 5677 et
1271 5619 1446 5677 studio
1490 5620 1805 5694 reparanda:
1840 5619 2136 5694 catholica:

556 5689 679 5750 fidei
733 5696 869 5749 inter
916 5689 1026 5764 ipsa
1083 5694 1420 5762 episcopatus
1460 5692 1784 5764 rudimenta
1831 5689 2131 5759 juvissem.

557 5767 815 5835 aptansiu
835 5762 1209 5822 ecelesiasﬁcis
1236 5765 1378 5820 curis
1406 5762 1564 5819 talem
1588 5762 1784 5817 habere
1803 5771 2128 5828 consortem,

2249 5337 2305 5382 ut
2343 5327 2483 5398 mihi
2515 5326 2582 5382 de
2635 5329 2835 5383 sanctis
2877 5331 3293 5398 praeeessoribus
3333 5336 3438 5391 tuis
3477 5353 3576 5391 nec
3603 5337 3833 5396 Joannis

2247 5397 2580 5466 spiritualem
2601 5397 2980 5469 copiosamqtte
3005 5401 3324 5469 doctrinam,
3342 5418 3832 5465 necaucterttatem

2246 5469 2429 5548 Attici,
2452 5481 2560 5548 _nec
2597 5468 2912 5548 industriam
2942 5471 3138 5548 Procli,
3169 5468 3468 5548 neejidem
3509 5478 3649 5532 beati
3702 5479 3834 5534 Fla-

2244 5538 2386 5614 viani
2434 5537 2624 5614 deesse
2668 5539 2920 5614 sentirem
2947 5559 2968 5614 _:
2997 5552 3051 5614 et
3082 5537 3149 5614 ita
3180 5543 3371 5599 studiis
3402 5548 3507 5602 tuis
3534 5561 3730 5614 uterer,
3775 5561 3831 5606 ut

2245 5608 2424 5683 nullus
2466 5609 2807 5683 auderetuvel
2839 5610 2959 5665 ﬁdei
2986 5611 3274 5669 Catholiere
3303 5619 3593 5683 resultare,
3629 5608 3726 5674 vel
3753 5623 3832 5675 ni-

2245 5677 2409 5734 cazuis
2435 5679 2816 5734 vcnerabilium
2852 5691 3061 5751 patrum
3090 5685 3286 5755 regulis
3310 5677 3596 5756 contraire,
3627 5698 3730 5746 ete.
