4166 6492
342 387 433 441 H3

1570 382 1656 438 DE
1695 382 1753 440 S.
1793 380 2056 436 JOANNE
2095 382 2466 440 CllllYSUST.
3544 402 3635 452 ,τε
3672 426 3675 427 ,

882 607 1107 651 thtLu
1152 606 1488 651 TAPSENSIS
1535 603 1733 649 EPISC.
1781 608 2030 651 CONTRA
2075 610 2500 654 eunenereu
2550 614 2670 656 un.
2722 616 2764 672 t,
2812 617 2948 659 car.
3000 601 3097 661 15.

400 712 563 770 Unde
612 710 902 765 hortamur
955 724 1145 764 omnes
1189 708 1437 762 homines
1478 707 1720 762 nefanda:
1778 707 1940 778 hujus

325 784 574 856 perﬁdiae
614 792 940 856 sectatores,
974 781 1100 835 dum
1131 779 1236 833 vita
1270 787 1449 856 manet
1477 819 1492 841 ,
1523 779 1651 833 dum
1684 779 1941 856 tumuere

330 849 497 920 licet,
542 854 755 907 erroris
809 852 892 905 sui
942 862 1153 905 mutare
1193 850 1536 911 sententiam,
1591 859 1644 903 et
1696 849 1938 920 Gregorii

339 928 514 996 potius
545 934 712 994 atque
750 921 932 996 Basilii
958 964 975 986 ,
1034 920 1329 996 Theophili
1365 931 1669 996 qu_oq_ue_et
1718 920 1939 996 Joannis

343 991 570 1051 civitatis
608 991 1219 1062 constantiiwpolitana:
1246 991 1599 1061 opinatissimi
1639 991 1890 1045 antisdtis
1914 1031 1930 1056 ,

2042 726 2263 785 necnon
2291 709 2564 785 etCyrilli
2612 712 2957 785 alexandrini
2991 715 3264 785 episcopi,
3307 723 3364 771 et
3387 715 3657 773 aliorum..—

2042 782 2606 850 quamplurimoruni,
2621 783 2717 852 qui
2745 782 3058 853 antiquitus
3083 785 3136 840 in
3152 782 3398 841 Ecclesia
3419 787 3626 843 ﬂorue-

2044 860 2389 927 r_nnt,_super
2434 854 2723 927 utriusque
2758 864 2973 927 natura:
3026 859 3368 927 proprietate
3421 861 3655 913 sectari.

2042 921 2377 991 doctrinam,
2399 921 2648 991 quorum
2673 924 2755 981 eis
2771 926 2839 979 de
2864 927 2967 981 hac
2992 921 3050 982 re
3085 921 3392 984 sententias
3419 930 3628 985 extrin-

2042 1007 2203 1048 secus
2225 990 2519 1051 oﬂ‘eritnus.
2547 996 2929 1066 perlegendas.

3238 1125 3605 1149 Μ

1368 1216 1589 1260 SUIDAS
1633 1216 1716 1258 ET
1758 1216 2150 1261 GUILLELMUS
2196 1218 2684 1268 PASTRENGICUS.

413 1351 433 1384 ι
458 1330 699 1386 Joannes
726 1325 1098 1383 Antiochenus
1125 1324 1319 1396 (inquit
1345 1322 1562 1396 Sttidas)
1590 1333 1946 1396 cognomento

332 1404 780 1469 Clirysostoinus,
812 1397 1080 1469 principio
1091 1394 1372 1469 presbyter
1384 1394 1809 1469 fuitAntiocliiae,
1829 1394 1937 1469 En-

330 1460 468 1528 sehii
504 1460 1110 1538 Emeseni'pltilosophi‘
1142 1476 1200 1538 ct
1242 1460 1456 1538 Diodori
1497 1464 1937 1538 discipulusallic

330 1547 502 1598 multa
532 1535 822 1610 scripsisse
852 1535 1189 1610 narratur,in
1216 1537 1408 1610 quibus
1426 1536 1695 1590 excellunt
1720 1535 1840 1610 libri
1868 1536 1937 1589 de

329 1608 682 1671 Sacerrlntio,
709 1622 821 1663 tum
839 1609 1169 1663 sublimitate
1186 1615 1240 1661 et
1259 1608 1419 1677 stylo,
1450 1615 1560 1660 tum
1593 1608 1854 1660 suavitate
1881 1614 1936 1660 et

329 1685 603 1751 elegantia
617 1683 936 1736 verborum.
949 1679 1085 1733 Cum
1110 1678 1192 1731 his
1205 1687 1805 1751 concertantsermones
1818 1677 1936 1745 ejus

330 1758 386 1811 in
420 1747 643 1809 Davidis
672 1753 934 1814 Psalmos,
955 1759 1011 1804 et
1038 1749 1410 1803 annotationes
1438 1749 1488 1801 in
1516 1747 1737 1802 Joannis
1761 1747 1938 1801 Evan-

330 1829 555 1897 gelium,
580 1827 704 1879 etin
733 1819 1323 1897 .‘llatthzeum,Mar_cum
1342 1827 1397 1872 et
1421 1818 1618 1872 Lucam
1642 1819 1933 1872 Commen~

334 1890 477 1950 t'arii.
507 1895 722 1949 (he-tera
760 1907 893 1946 vero
937 1892 1057 1960 ejus
1100 1890 1297 1958 scripta
1344 1904 1626 1960 numerum
1658 1898 1931 1956 superant.

332 1968 528 2022 Totam
581 1967 727 2019 enim
767 1959 1138 2034 judaieamet
1181 1960 1530 2034 christianam
1604 1959 1933 2034 Scripturam

336 2029 783 2092 enmineutariis'
812 2032 1137 2096 illustravit,
1180 2040 1241 2087 ut
1279 2031 1415 2085 alius
1462 2044 1641 2084 nemo.
1676 2029 1939 2083 Plurimae

331 2111 497 2163 etiam
526 2110 591 2161 in
632 2105 849 2159 laudem
878 2115 1178 2174 martyrum
1213 2115 1358 2174 stupe
1384 2116 1447 2174 es
1470 2110 1724 2174 tempore
1755 2099 1937 2155 habuit

334 2182 452 2243 ille,
479 2178 861 2250 cujuslingnze
888 2170 1206 2250 proﬂuvium
1234 2173 1378 2240 ipsas
1403 2170 1505 2224 Nili
1530 2181 1826 2250 cataractas
1853 2183 1936 2250 su-

336 2240 587 2319 perabat.
631 2240 823 2303 Nullus
862 2240 1127 2319 δ’δ’-ρηιηί
1179 2259 1294 2319 ιιιγο
1333 2250 1475 2319 tanta
1516 2240 1727 2319 dicendi
1779 2240 1934 2319 copia

341 2311 667 2384 abundavit,
701 2328 901 2387 quanta
942 2315 1037 2387 ille
1075 2314 1328 2387 pra-ditus
1359 2312 1458 2366 fuit
1488 2328 1501 2364 :
1535 2311 1672 2365 adeo
1700 2319 1757 2364 ιιι
1783 2311 1934 2364 solus

335 2393 535 2446 merito
574 2385 800 2443 aureum
848 2385 979 2440 illud
1010 2394 1064 2441 et
1091 2385 1330 2439 divinum
1368 2397 1563 2436 nomen
1611 2390 1932 2437 consecutus

338 2464 429 2515 sit.
464 2457 952 2530 Scriptorumejus
986 2470 1270 2530 numerum
1299 2468 1582 2530 recensere
1613 2467 1715 2506 non
1748 2453 1930 2530 horni-

336 2535 422 2585 nis
462 2522 647 2596 esset,
692 2529 787 2583 sed
819 2522 912 2583 Dei
944 2529 1151 2597 potius,
1182 2526 1274 2595 qui
1303 2525 1481 2597 omnia
1511 2523 1805 2592 cognoscit.
1836 2522 1934 2597 llic

334 2606 394 2658 S.
426 2592 670 2657 Joannes
698 2592 1321 2675 Clirysosiomttsasceta
1360 2594 1457 2648 fuit
1484 2609 1723 2675 summus
1745 2635 1760 2660 ,
1791 2592 1931 2675 mul-

334 2685 562 2742 tumque
592 2664 867 2743 vigilabat,
896 2668 1169 2743 etquietis
1195 2675 1311 2743 erat
1331 2665 1749 2743 amantissimus,
1782 2674 1836 2743 et
1864 2664 1935 2719 ob

334 2734 620 2799 sumntum
645 2734 1029 2810 Temperantia:
1071 2738 1243 2810 zelum
1284 2739 1335 2791 in
1373 2734 1602 2810 dicendo
1632 2735 1935 2810 liberrimas

331 2826 451 2870 erat
499 2827 555 2870 et
592 2814 659 2868 ad
697 2806 831 2866 iram
876 2809 1127 2879 proclivis
1161 2828 1174 2862 :
1211 2809 1304 2879 irae
1348 2808 1490 2879 enim
1534 2806 1739 2879 magis,
1773 2821 1931 2876 quam

331 2886 529 2956 pudori
558 2876 983 2956 obsequebatur,
1017 2889 1072 2956 et
1110 2878 1394 2956 immodica
1435 2876 1934 2956 ilic‘endinlibertalo

330 2947 602 3011 adversus
627 2947 904 3009 auditores
934 2950 1204 3005 utebatur.
1236 2949 1296 3003 In
1324 2948 1566 3002 docendo
1596 2947 1930 3011 utilissimus,

248 3044 253 3045 ί
332 3029 387 3082 in
417 3026 803 3097 congressibus
830 3022 1135 3091 arrogantia
1165 3031 1222 3075 et
1256 3020 1399 3097 fastu
1443 3018 1699 3097 praaditus
1723 3019 1936 3097 videba-

332 3109 424 3153 tur
462 3090 652 3167 iis'qui
696 3110 819 3150 eum
861 3090 979 3147 non
1002 3101 1213 3167 norant.
1246 3090 1793 3167 Qti:_i_i_uobrein_e_t_iain
1820 3091 1933 3157 epi—

331 3183 536 3238 scopus
573 3160 886 3248 designatus
914 3163 1116 3233 majore
1145 3162 1432 3248 supercilio
1460 3161 1512 3214 in
1545 3160 1786 3248 subditos
1818 3170 1934 3248 utet

331 3230 515 3305 batur,
561 3240 628 3292 ad
669 3230 1015 3307 singulorum
1052 3231 1481 3307 emendationem
1519 3242 1576 3307 et
1608 3230 1934 3307 saluteinet

329 3301 517 3365 mores
547 3301 855 3364 sermonem
894 3305 1328 3360 accommodans.
1361 3303 1414 3357 Si
1443 3305 1561 3370 quis
1591 3317 1718 3370 ergo
1746 3301 1934 3355 adula-

334 3392 421 3436 tor
454 3397 561 3435 nou
615 3382 807 3442 fuerit,
844 3392 950 3431 non
997 3374 1117 3430 ideo
1140 3389 1399 3443 arrogans
1428 3372 1853 3436 existimandus;
1890 3374 1933 3427 si

332 3455 456 3522 quis
494 3470 622 3505 vero
661 3451 909 3522 adulator
951 3447 1041 3510 sit,
1084 3456 1136 3501 et
1175 3445 1389 3522 humilis
1428 3460 1643 3522 genere,
1679 3458 1782 3496 non
1808 3445 1935 3522 ideo

329 3514 614 3577 modestus
644 3520 916 3575 vocandus
946 3527 1030 3571 est
1062 3534 1075 3569 :
1108 3517 1203 3571 sed
1230 3531 1352 3570 eum
1394 3516 1481 3583 qui
1516 3516 1564 3567 in
1595 3514 1932 3567 coiivmtienti

328 3595 551 3657 ordine,
594 3594 683 3662 qui
714 3592 884 3646 libeio
908 3588 1182 3655 convenit,
1216 3600 1337 3662 sese
1364 3594 1643 3662 censervat
1666 3626 1680 3649 ,
1716 3600 1936 3655 magna-

331 3654 545 3719 nimuin
572 3654 693 3719 esse
723 3671 959 3730 oportet,
986 3674 1092 3713 non
1121 3657 1444 3730 superbum;
1470 3654 1684 3730 fortem,
1717 3670 1819 3708 non
1852 3671 1938 3709 au-

326 3739 526 3790 dacem
552 3753 566 3799 ;
597 3726 832 3796 comem,
862 3746 969 3785 non
999 3730 1212 3806 servilis
1241 3729 1405 3806 animi
1430 3745 1443 3793 ;
1480 3726 1801 3806 modestum,
1831 3742 1934 3779 non

328 3806 657 3861 humilitatis
686 3805 1094 3866 simulatorem;
1138 3799 1437 3862 liberalem,
1480 3813 1585 3851 non
1615 3798 1889 3850 sordidum
1917 3814 1932 3861 ;

329 3890 389 3934 ιιι
422 3890 479 3932 et
523 3880 639 3947 ipse
677 3876 809 3930 dicit
843 3891 855 3927 :
893 3892 911 3924 ι
948 3874 1125 3947 Quare
1156 3871 1358 3947 varium
1399 3884 1518 3923 esse
1562 3868 1715 3947 decet
1759 3877 1938 3937 pasto-

329 3965 451 4004 rem
494 3939 557 4003 εἰ
574 3949 890 4009 doctorem;
935 3944 1144 3998 varium
1176 3941 1321 4006 dico,
1363 3955 1469 3994 non
1504 3939 1807 4004 subdolum,
1839 3955 1937 3994 ncc

329 4021 700 4083 adulatorem,
747 4032 848 4071 nec
885 4014 1360 4078 contumeliosum,
1410 4011 1502 4083 sed
1551 4011 1712 4064 multa
1760 4011 1811 4064 iu
1858 4011 1936 4063 di-

331 4092 513 4146 cendo
545 4082 795 4144 libertate
827 4087 1065 4158 plenum,
1099 4085 1187 4155 qui
1215 4083 1352 4158 sciat
1381 4082 1581 4158 utiliter
1609 4097 1812 4158 morem
1842 4098 1936 4158 ge-

332 4177 481 4223 rere,
503 4161 718 4231 quoties
747 4151 859 4229 ipsa
884 4174 972 4212 res
1001 4157 1103 4231 hoc
1117 4151 1374 4224 requirit,
1398 4151 1677 4231 leuemque
1703 4153 1859 4231 simul
1887 4161 1939 4206 et

332 4223 618 4289 austerum
649 4223 819 4285 esse:
852 4244 961 4282 non
1001 4228 1144 4281 enim
1184 4223 1306 4296 eum
1344 4224 1572 4278 subditis
1600 4223 1848 4296 omnibus
1881 4239 1940 4277 so

336 4306 455 4371 pari
500 4304 666 4359 modo
704 4314 895 4370 gerere
934 4297 1114 4355 debet.
1141 4293 1480 4366 Nam'neque
1520 4294 1758 4349 medicos
1787 4293 1940 4349 decet

406 4437 736 4490 Innumeros
772 4446 1051 4502 possemus
1094 4431 1329 4501 adjicere
1360 4431 1647 4501 scriptores
1688 4431 1849 4486 medii
1881 4438 1937 4488 et

332 4506 505 4560 intimi
550 4508 649 4558 aevi
690 4520 777 4574 qm
811 4504 880 4557 de
920 4512 1108 4557 sancto
1137 4503 1343 4574 Joanne
1364 4502 1750 4574 CltryStistomo
1779 4504 1931 4557 lucu-

333 4581 478 4633 lenta
506 4576 686 4630 tulere
713 4573 1016 4629 teStimonia
1043 4592 1056 4633 ;
1091 4573 1186 4628 sed
1216 4589 1282 4628 ne
1310 4573 1521 4641 longius
1552 4574 1929 4641 procedamus,

333 4664 502 4703 unum
536 4658 740 4700 tantmn
771 4644 1041 4700 Guillelmi
1077 4644 1406 4715 Postrengici
1444 4643 1790 4710 Veronensis,
1835 4645 1936 4700 Pe-

334 4719 572 4774 trarchae
598 4718 783 4781 amici,
807 4716 984 4770 locum
1010 4716 1313 4780 alleremus,
1347 4715 1436 4770 ubi
1455 4715 1696 4786 quaedam
1729 4715 1932 4771 haben-

335 4800 423 4844 tur
451 4798 643 4843 notato
664 4786 847 4857 digna.

408 4861 487 4914 De
532 4875 603 4913 eo
643 4855 757 4912 [nec
801 4856 958 4910 habet
989 4856 1309 4913 Guillelmus
1352 4855 1726 4914 Pastrentzicns
1759 4855 1934 4911 Vero—

334 4932 545 4996 nensis,
581 4928 852 4983 Francisci
878 4928 1182 4982 Petrarcliae
1208 4930 1431 4993 amicus,
1461 4929 1544 4982 cui
1568 4928 1658 4981 ille
1679 4939 1802 4981 octo
1824 4929 1939 4998 epio

333 5003 504 5058 stolas
546 5002 696 5055 misit
721 5015 841 5055 cum
879 4998 999 5051 aliis
1033 4998 1338 5068 Petrarchte
1373 5000 1614 5068 epistolis
1657 5000 1797 5067 typis
1825 4999 1936 5051 edi-

335 5087 439 5129 tas.
472 5074 695 5126 Librum
741 5080 920 5124 autem
967 5070 1141 5122 emisit
1171 5067 1487 5124 Guillelmus
1516 5069 1616 5122 hoc
1644 5070 1830 5133 titulo,
1860 5068 1938 5123 De

336 5145 628 5214 Scriptura}
657 5142 879 5214 virorum
908 5141 1186 5214 illustrium
1220 5155 1237 5193 :
1265 5141 1347 5214 vir
1370 5150 1516 5214 certe
1554 5149 1613 5193 ut
1649 5140 1736 5193 illa
1780 5148 1939 5194 aetate

335 5210 631 5270 admodum
673 5213 936 5274 eruditus,
982 5210 1075 5280 qui
1124 5211 1190 5266 de
1234 5211 1587 5279 scriptoribus
1638 5213 1936 5276 pnesertim

337 5287 500 5341 medii
530 5285 631 5338 aevi
666 5283 830 5336 multa
860 5282 1018 5336 docet
1045 5297 1151 5336 non
1190 5280 1512 5346 spernenda.
1545 5281 1732 5334 Editus
1759 5291 1936 5336 autem

338 5357 437 5412 fuit
488 5357 574 5410 hic
622 5356 757 5409 liber
808 5353 1045 5408 Venetiis
1092 5368 1122 5406 a
1169 5352 1427 5407 Michaele
1473 5352 1678 5421 Angelo
1732 5352 1940 5407 Blondo

336 5444 484 5483 anno
513 5427 653 5481 1547
681 5442 696 5488 ;
734 5425 827 5478 sed
859 5440 979 5477 cum
1020 5424 1314 5480 innumeris
1343 5423 1551 5477 mendis
1583 5440 1595 5475 :
1625 5423 1729 5477 emi
1761 5434 1937 5477 autem

338 5516 467 5555 casu
503 5498 699 5553 librum
731 5498 879 5549 illmn
914 5495 1151 5549 Venetiis
1172 5537 1185 5559 ,
1216 5496 1304 5563 qui
1337 5493 1599 5549 universis
1630 5508 1764 5562 pene
1792 5495 1943 5563 igno-

343 5583 429 5624 tus
456 5580 563 5634 est,
596 5567 979 5636 exemplarque
1006 5581 1184 5619 meum
1212 5567 1264 5619 in
1300 5565 1432 5620 locis
1460 5564 1639 5618 multis
1661 5565 1943 5620 emendavi

340 5640 678 5695 coiil'erendo
705 5654 828 5693 eum
856 5636 1055 5693 Codice
1083 5636 1342 5692 Vaticano
1360 5677 1377 5701 ,
1414 5644 1470 5690 et
1495 5651 1618 5690 cum
1658 5636 1830 5691 altero
1858 5637 1944 5691 Bi-

340 5714 631 5767 hliotliccae
668 5708 1066 5764 Ottobouianm.
1098 5707 1227 5762 llazc
1263 5716 1466 5774 autem,
1496 5706 1943 5776 inquam,‘liabet

341 5784 433 5839 ille
458 5784 527 5838 de
552 5783 613 5837 S.
644 5780 856 5836 Joanne
883 5779 1289 5849 Chrysostomo.

418 5875 439 5907 ‹
486 5854 731 5910 Joannes
779 5846 1236 5920 Chrysoétonuts,
1290 5847 1625 5903 antioeliente
1685 5846 1946 5903 Ecclesiae

345 5929 659 5991 prcsbvter.
694 5923 891 5981 deinde
914 5920 1412 5989 Constantinopolis
1443 5920 1751 5989 cpiscopus,
1783 5920 1867 5974 vir
1894 5921 1947 5976 in

2044 1327 2273 1395 trgrotis
2297 1324 2546 1377 omnibus
2588 1324 2728 1379 idem
2760 1324 3206 1379 medicamentum
3239 1326 3498 1395 prmbere,
3532 1342 3631 1382 nec

2044 1408 2149 1461 que
2192 1394 2605 1462 gubernatorem
2651 1396 2900 1450 eumdem
2945 1411 3158 1449 cursum
3196 1404 3418 1463 tenere,
3454 1403 3631 1453 ventis

2044 1464 2376 1517 reﬂantibus.
2409 1466 2595 1534 Cogita
2635 1480 2765 1535 ergo
2809 1467 3021 1535 qualem
3067 1466 3256 1521 deceat
3286 1482 3407 1521 esse
3438 1469 3584 1522 illum
3614 1514 3627 1534 ,

2043 1551 2201 1603 queui
2237 1545 2396 1589 tanta:
2428 1538 2675 1604 procella:
2716 1548 2767 1592 et
2816 1538 3117 1605 tempestati
3159 1554 3222 1591 ac
3263 1546 3341 1591 tot
3381 1538 3655 1596 [luctibus

2042 1607 2292 1660 resistere
2313 1617 2588 1677 oporteat;
2615 1617 2671 1662 ιιι
2691 1608 2940 1663 omnibus
2964 1609 3141 1662 omnia
3163 1609 3250 1671 sit,
3270 1619 3325 1663 et
3346 1626 3533 1665 omnes
3554 1614 3634 1665 lu.

2041 1688 2241 1749 cretur.
2274 1678 2483 1731 Etenim
2529 1681 2687 1734 talem
2727 1679 2900 1731 virum
2930 1688 3140 1749 oportet
3174 1694 3291 1734 esse
3332 1696 3546 1749 gravem
3577 1694 3632 1739 et

2042 1746 2211 1821 fastus
2241 1759 2537 1821 expertem,
2559 1746 3047 1821 tormitlabilem'et
3071 1746 3432 1813 mansuetum,
3465 1754 3634 1821 impe—

2041 1819 2242 1892 riosum
2284 1830 2339 1874 et
2357 1819 2717 1892 __sociahilcm,
2763 1820 3131 1892 incorruptum
3172 1830 3227 1876 et
3251 1822 3491 1892 obsequii
3522 1819 3635 1891 ple-

2042 1904 2187 1962 nuin,
2222 1888 2480 1944 humilem
2509 1906 2607 1962 nec
2635 1891 2908 1956 servilem,
2937 1888 3162 1947 hilarem
3192 1903 3245 1947 et
3269 1888 3629 1962 mansuetum,

2042 1970 2098 2013 ut
2119 1959 2235 2035 haec
2261 1962 2554 2015 certamina
2586 1961 2743 2018 facile
2771 1963 3042 2035 coniicere
3068 1965 3259 2033 possit.
3290 1961 3512 2031 Oportet
3536 1959 3633 2035 igi-

2041 2038 2129 2103 tur
2150 2033 2321 2085 virum
2350 2043 2625 2087 strenuum
2655 2043 2705 2088 et
2734 2034 3048 2103 prudentem
3075 2050 3287 2098 cavere,
3314 2051 3381 2089 ne
3404 2036 3483 2089 vel
3510 2033 3635 2089 adu-

2041 2100 2199 2175 letur,
2248 2104 2327 2155 vel
2371 2102 2676 2175 adulantem
2727 2100 2895 2169 ferat,
2947 2120 3083 2160 neve
3133 2121 3390 2175 arrogans
3434 2107 3503 2160 sit
3549 2110 3630 2163 vel

2039 2173 2321 2238 adulator;
2359 2174 2453 2227 sed
2492 2184 2550 2228 ut
2580 2186 2862 2246 utrumque
2908 2177 3091 2229 vitium
3124 2173 3365 2242 recidat;
3401 2188 3457 2230 ut
3497 2178 3633 2233 liber

2038 2246 2132 2310 sit,
2171 2259 2271 2298 nec
2298 2246 2350 2298 in
2392 2246 2753 2315 arrogantiam
2785 2247 3057 2313 deﬂectat,
3088 2262 3189 2302 nec
3216 2248 3281 2302 ad
3311 2249 3506 2303 servile
3532 2250 3633 2304 ob-

2038 2317 2282 2384 sequium
2324 2330 2383 2371 se
2421 2315 2684 2371 demittat.
2729 2317 2862 2373 Nam
2896 2334 3017 2373 cum
3050 2318 3344 2373 mansuetis
3375 2318 3639 2375 humilem

2038 2396 2250 2455 oportet
2279 2401 2420 2452 esse,
2462 2403 2583 2441 cum
2615 2389 2906 2443 audacibus
2934 2404 3061 2445 vero
3097 2390 3233 2443 altos
3277 2390 3495 2458 spiritus
3536 2408 3628 2446 su-

2039 2472 2208 2531 mere.
2248 2458 2461 2531 Etenim
2490 2458 2725 2531 Aquidam
2768 2468 2959 2531 putant
2996 2463 3462 2515 mansuetudinem
3507 2477 3655 2516 esse”

2040 2529 2291 2582 virtutem
2318 2545 2333 2594 ;
2364 2529 2451 2585 alii
2481 2528 2843 2586 fortitudinem
2879 2546 3000 2587 esse
3031 2531 3329 2586 audaciam.
3363 2534 3495 2585 Cum
3526 2533 3636 2586 illis

2038 2597 2339 2654 humilitate
2376 2601 2633 2655 utendum
2675 2610 2793 2669 est,
2835 2618 2958 2657 cum
3005 2603 3086 2656 his
3115 2618 3242 2657 vero
3285 2598 3637 2669 fortitudinc‘,

2038 2685 2158 2744 qua!
2178 2670 2418 2744 audacia:
2448 2672 2661 2728 illorum
2683 2673 2905 2742 gloriam
2933 2675 3236 2744 exstinguat
3260 2691 3274 2739 ;
3296 2684 3353 2728 ut
3374 2675 3476 2729 illis
3501 2690 3628 2742 pro-

2036 2741 2112 2793 sis
2132 2780 2146 2804 ,
2182 2742 2480 2814 horumque
2523 2741 2744 2813 spiritus
2775 2744 3066 2814 deprimas.
3099 2741 3253 2808 Nam,
3280 2755 3337 2798 nt
3366 2746 3441 2798 ait
3469 2741 3627 2798 Salo-

2036 2825 2162 2864 mon
2182 2853 2201 2884 ,
2230 2810 2513 2884 Unicuique
2537 2810 2608 2867 rei
2637 2831 2787 2884 suum
2819 2810 2892 2870 est
2919 2825 3113 2883 tempus
3140 2815 3328 2884 (Eccli.
3363 2815 3447 2879 Ill,
3474 2817 3548 2884 l);
3577 2817 3643 2870 ιιι

2050 2886 2159 2956 cst,
2180 2881 2490 2956 humilitati,
2511 2882 2779 2956 potentiae,
2806 2881 3232 2956 reprehensioni,
3256 2881 3628 2956 consolationi,

2040 2947 2232 3017 veniae,
2280 2947 2491 3001 dicendi
2537 2949 2791 3013 libertati,
2825 2947 3049 3017 lenitati,
3085 2957 3361 3009 severitati
3395 2974 3408 3010 :
3438 2969 3492 3011 et
3521 2947 3629 3013 uno

2039 3016 2224 3081 verbo,
2255 3017 2416 3095 rebus
2444 3019 2692 3095 omnibus
2718 3037 2730 3073 :
2759 3030 2815 3073 ut
2844 3023 3003 3095 modo
3029 3016 3245 3095 quidem
3271 3026 3546 3084 humiliter
3576 3042 3633 3086 te

2036 3102 2194 3161 geras
2221 3098 2276 3141 et
2299 3088 2657 3144 submissione
2689 3105 2882 3159 pueros
2913 3088 3159 3161 imiteris,
3188 3098 3483 3152 secundum
3519 3100 3625 3155 Do-

2037 3157 2173 3240 l‘nll-l'l
2215 3168 2580 3240 praeceptum}
2612 3157 2902 3240 aliquando
2945 3157 3207 3231 potestate
3237 3169 3438 3240 utaris.
3469 3184 3639 3240 quam

2037 3227 2183 3281 dedit
2213 3226 2458 3284 Christus
2495 3229 2561 3284 ad
2591 3226 2997 3288 aedificationem
3022 3275 3036 3300 ,
3073 3252 3178 3291 non
3209 3237 3276 3291 ad
3303 3226 3628 3295 destructio-

2036 3312 2182 3377 nem,
2216 3300 2430 3368 quando
2452 3300 2674 3377 dicendi
2707 3302 2953 3377 libertate
2988 3320 3123 3374 opus
3152 3317 3235 3361 est
3265 3325 3277 3361 :
3309 3317 3361 3362 et
3388 3318 3655 3377 tempore

2036 3368 2249 3448 quidem
2281 3371 2682 3448 consolationis,
2703 3373 2975 3448 lenitatem
2996 3368 3288 3448 ostendere
3311 3368 3547 3448 oportet;
3575 3384 3626 3436 in

2036 3447 2280 3512 tempore
2304 3450 2483 3494 autem
2509 3441 2913 3512 objurgationis,
2932 3445 3101 3498 zelum
3128 3441 3496 3506 demonstrare
3529 3441 3543 3505 Ξ
3574 3464 3625 3509 ct

2035 3509 2087 3561 in
2113 3510 2360 3565 omnibus
2387 3512 2503 3565 aliis
2531 3509 2691 3566 rebus
2710 3514 2907 3581 justam
2941 3515 3125 3582 judicii
3163 3527 3216 3572 et
3246 3520 3468 3573 rationis
3499 3538 3623 3577 nor—

2035 3595 2175 3658 mam
2220 3582 2477 3658 adhibere
2503 3592 2740 3658 oportet;
2765 3582 3208 3658 Justorumenim
3243 3590 3518 3644 ratiocinia
3544 3592 3637 3658 ju-

2034 3651 2301 3733 dieiasunt
2336 3669 2352 3699 ι
2376 3650 2874 3733 Ειιεῑφρνιιερςιιιε.
2895 3655 3016 3708 dicit
3031 3654 3166 3733 (Lib.
3190 3658 3250 3733 v,
3272 3661 3416 3733 epist.
3438 3650 3567 3733 158')
3606 3684 3617 3719 :

2036 3716 2371 3797 fprincipiali
2387 3728 2735 3797 oportctesse
2761 3723 2963 3792 justum
2996 3716 3050 3780 et
3096 3716 3624 3797 fortnidahilcmﬂut

2037 3789 2157 3840 honi
2185 3792 2396 3862 quidem
2426 3789 2615 3844 securi
2646 3789 2786 3857 sint,
2818 3805 3127 3862 peccatores
3153 3814 3281 3853 vero
3308 3789 3620 3858 tleterreané

2036 3867 2138 3944 tur.
2183 3859 2314 3944 Nam
2355 3862 2580 3941 alterum
2618 3862 2735 3944 sine
2779 3859 2951 3944 altero
2992 3867 3202 3944 imperii
3264 3874 3474 3927 eversio
3530 3891 3623 3944 po-

2035 3930 2141 3983 tius
2166 3939 2248 3983 est
2288 3946 2452 4014 quani
2487 3932 2787 4014 imperium.
2834 3935 2891 3989 Si
2935 3930 3309 4014 euini_0n_uies
3347 3930 3619 4014 obseque-

2031 4013 2218 4055 rentur
2286 4011 2339 4083 et
2403 4002 2655 4055 virtutem
2698 4005 2974 4083 colereut_.
3018 4010 3140 4083 _s_o_la
3188 4011 3425 4067 bonitate
3483 4002 3645 4083 dpus-

2030 4081 2207 4133 esset;
2267 4072 2347 4125 sin
2390 4083 2584 4145 autem
2646 4077 2874 4141 pereatis
2929 4077 3095 4134 dediti
3151 4092 3358 4145 essent,
3424 4072 3617 4141 timore

2033 4151 2235 4227 tantum
2271 4144 2693 4227 :qtiia_\'ero_e-t
2730 4146 2855 4227 boni
2899 4161 3023 4227 sunt
3053 4162 3124 4227 ct_
3149 4155 3292 4216 mali,
3335 4144 3643 4227 utramque-

2032 4213 2293 4267 rationem
2318 4213 2573 4269 adhibere
2598 4215 2753 4270 debet
2783 4217 2831 4272 is
2850 4219 2937 4289 qui
2965 4222 3162 4290 popqu
3191 4213 3402 4295 praeest.
3439 4245 3461 4276 ι

2033 4429 2210 4483 divina
2240 4436 2295 4482 et
2317 4429 2548 4500 humana
2577 4426 2908 4500 philosophia
2943 4429 3263 4500 praecipuus,
3293 4431 3344 4483 in
3377 4430 3622 4500 disputa-

2036 4501 2268 4553 tionibus
2286 4498 2585 4568 perspicax,
2606 4498 2656 4550 iu
2675 4499 3015 4553 cnnl‘utandis
3033 4500 3406 4557 liarreticortun
3427 4498 3625 4557 errori-

2037 4573 2134 4625 bus
2171 4585 2295 4643 acer
2322 4587 2336 4630 ;
2363 4569 2558 4643 dequo
2587 4570 2772 4643 beatus
2800 4568 3177 4643 Hieronymus,
3209 4573 3344 4626 Μιιό
3382 4573 3448 4627 de
3485 4575 3645 4632 Viris,

2037 4641 2349 4703 illuSIrihus,
2386 4641 2629 4709 loquens,
2663 4640 2777 4693 ait:
2820 4657 2839 4690 t
2873 4640 3127 4705 Joannes,
3153 4645 3488 4700 antiocltenaz
3522 4648 3624 4701 Ec~

2035 4713 2214 4767 etesia:
2242 4710 2546 4781 presbyter,
2577 4711 2788 4784 Eusebii
2820 4712 3069 4784 Emeseni
3094 4712 3419 4784 Diodoriqne
3448 4728 3625 4771 secta-

2039 4794 2140 4857 tor.
2158 4781 2716 4857 ntu_lla_c_otnposui_sse
2743 4781 2962 4857 dicitur,
2987 4794 3298 4857 quantamcu
3328 4781 3435 4841 non
3462 4786 3622 4857 logia

2038 4855 2104 4908 Et
2130 4854 2254 4907 alibi
2285 4852 2348 4906 ad
2378 4853 2590 4907 beatum
2621 4852 3627 4923 AugustinumseribemnQuidiliéam

2036 4925 2104 4997 de
2142 4924 2369 4997 Joanne,
2401 4926 2490 4992 qui
2517 4923 2715 4997 dudth
2750 4926 2805 4997 in
2841 4926 3126 4995 pontificali
3157 4929 3323 4997 gradu
3359 4929 3628 4985 Constan-

2038 4994 2443 5066 tluopolitanam
2474 4995 2607 5047 rexit
2637 4994 2953 5059 Ecclesiam,
2987 5006 3043 5050 et
3064 4994 3225 5066 snper
3247 4998 3536 5061 Epistulam
3560 5002 3630 5053 ad

2037 5066 2254 5121 Galatas
2294 5065 2621 5138 latissimum
2657 5069 2903 5120 exaravit
2941 5065 3183 5120 librum?
3221 5087 3239 5119 I
3274 5067 3500 5138 Scripsit
3542 5069 3629 5126 hic

2039 5137 2374 5191 venerandus
2404 5137 2493 5190 Dei
2519 5137 2741 5190 antistes
2769 5152 2929 5205 super
2952 5147 3063 5191 toto
3091 5141 3255 5193 veteri
3287 5150 3344 5195 et
3365 5137 3503 5195 novo
3527 5141 3629 5195 Te-

2039 5217 2304 5263 stamento
2345 5207 2747 5273 Expositionum
2799 5208 2965 5262 libros
3020 5228 3034 5262 :
3090 5210 3518 5264 Commentarios
3574 5213 3630 5267 in

2039 5278 2345 5350 Mattbaeum
2375 5278 2655 5350 distinctos
2702 5293 2799 5347 per
2852 5279 3099 5333 homilias
3125 5281 3196 5335 90
3227 5299 3237 5333 :
3277 5295 3438 5350 super
3470 5281 3633 5336 Joan-

2040 5365 2162 5403 nem
2213 5348 2459 5401 homilias
2498 5347 2585 5421 887
2619 5365 2837 5421 :rsuper
2883 5350 3150 5419 Epistolas
3194 5347 3358 5405 libros
3396 5354 3649 5421 singulos

2041 5436 2134 5491 per
2196 5433 2476 5491 sermones
2524 5420 2819 5491 distinctos
2874 5422 2982 5475 :in
3039 5422 3333 5490 Epistolain
3403 5420 3637 5479 ad’lle-

2041 5494 2212 5547 bmeos
2242 5490 2312 5544 ’54
2344 5490 2581 5545 condidit
2608 5492 2867 5549 miniilias
2898 5508 2909 5545 :
2944 5507 3104 5558 super
3142 5492 3398 5549 chcsim
3439 5495 3637 5552 librum

2042 5563 2399 5635 quwstionunt
2455 5579 2470 5617 :
2520 5562 2588 5617 de
2642 5562 2886 5617 laudibus
2944 5562 3095 5635 Pauli
3163 5566 3387 5635 apostoli
3458 5566 3638 5622 homi-

2041 5632 2140 5689 lias
2206 5634 2237 5686 7
2288 5650 2303 5685 :
2360 5641 2548 5687 contra
2626 5635 2931 5688 ariauorum
2993 5632 3242 5691 haeresim
3318 5636 3655 5694 fortissimos-

2042 5706 2208 5759 libros
2244 5721 2256 5757 :
2289 5712 2474 5759 contra
2518 5703 2837 5759 simoniacos
2859 5747 2872 5771 ,
2915 5715 3102 5760 contra
3148 5708 3494 5775 Marcionem,
3529 5709 3638 5763 Cc:

2043 5775 2303 5842 rinthum,
2324 5774 2604 5840 Ebioneiu,
2638 5780 2657 5797 ‘
2680 5775 3076 5833 Archemouem
3122 5790 3283 5839 atque
3324 5774 3636 5845 Photinum,

2043 5848 2131 5921 qui
2161 5860 2345 5921 eorum
2392 5846 2670 5901 suscitavit
2710 5847 2957 5921 lnrresim
2993 5867 3006 5902 :
3039 5862 3229 5905 contra
3268 5852 3643 5921 Apollinarem

2046 5917 2241 5974 librum
2274 5918 2298 5975 l
2331 5935 2341 5974 :
2374 5925 2560 5974 contra
2589 5919 2914 5978 llltllllCi‘itCOS
2940 5920 3148 5986 insigne
3181 5917 3434 5979 volumen
3466 5938 3478 5977 :
3509 5936 3637 5981 cona-
