4084 6484
479 426 619 480 ΙΜἸ

1590 413 2025 477 FRAGMENTA
2062 412 2130 470 IN
2168 409 2540 469 JEBEMIAM.

3649 404 3786 467 1018

555 541 617 595 '0
663 537 885 611 Βαροὺχ
939 493 1417 606 ἀποστελλόμενος
1449 532 1605 604 παρά
1640 530 1739 587 τοῦ
1803 531 2056 603 Ἰερεμίοι

2255 523 2471 579 Baruch
2501 523 2704 579 missus
2737 534 2768 575 a
2792 516 3053 583 Jeremia,
3081 525 3141 575 ut
3172 518 3227 574 in
3258 517 3545 575 civitatem
3572 520 3774 577 vatici-

477 632 548 685 τὰ
587 630 734 684 κατά
750 630 853 702 τῆς
876 629 1094 693 πόλεως
1131 627 1400 693 ἐξειπεῖν,
1423 623 1686 688 δεδοικὼς
1710 624 1814 696 τὴν
1840 621 1938 677 τοῦ
1971 622 2075 693 βα⁴

475 724 670 788 σιλὲως
692 724 889 797 ὀργήν,
928 723 1028 777 καὶ
1055 721 1168 776 τῶν
1201 719 1409 776 λοιπῶν
1437 719 1544 789 τὴν
1575 717 1867 790 ὠμότητα,
1911 714 2075 773 ἀπιέ-

472 834 563 871 ναι
587 816 690 870 οὐκ
729 815 1009 883 ἐϐούλετο,
1050 815 1255 870 ὲννοῶν
1283 813 1342 868 δὲ
1383 811 1577 877 πάλιν,
1632 812 1719 866 ὅτι
1765 812 1869 883 οὐχ
1902 812 1933 865 6
1973 826 2076 864 τυ-

470 906 588 979 χὼν
623 904 874 971 κίνδυνός
921 906 1042 961 ἐστι
1081 904 1407 978 παραϐῆναι
1461 900 1563 957 τοῦ
1620 902 1909 974 προφήτου
1943 901 2074 965 τοὺς

470 1001 668 1070 λόγους
698 998 884 1073 (τοῦτο
902 999 1013 1070 γάρ
1031 1001 1151 1054 ἐστι
1170 1000 1249 1070 τῷ
1272 997 1394 1070 Θεῷ
1423 996 1708 1070 πέμποντι
1740 993 2072 1067 ἀντειπεῖν),

473 1094 534 1146 ἐν
565 1093 908 1165 στενοχωρίᾳ
954 1091 1247 1163 κατείχετο
1272 1106 1291 1123 ·
1339 1090 1525 1145 ἀπιών
1561 1107 1625 1144 τε
1684 1089 1798 1160 γὰρ
1838 1086 2073 1141 θάνατον

480 1184 828 1256 προσεδόκα,
864 1182 959 1239 καὶ
992 1186 1071 1257 μὴ
1094 1185 1428 1256 πειθόμενος
1457 1183 1521 1238 ob
1555 1179 1946 1253 διαφεύξεσθαι
1967 1179 2071 1250 τὴν

468 1274 767 1347 τιμωρίαν,
799 1275 926 1330 οὔτε
946 1275 1027 1347 τῷ
1057 1274 1180 1347 Θεῷ
1207 1274 1596 1348 προσκρούων.
1625 1274 1702 1329 Τὸ
1722 1269 1839 1328 οὖν·
1861 1275 2067 1341 Προσ-

468 1367 648 1435 ἐθηκε
671 1369 890 1438 Κύριος
918 1370 1115 1423 κόπον
1151 1367 1256 1423 ἐπὶ
1283 1368 1480 1424 πόνον
1517 1385 1641 1438 μου
1664 1376 1680 1399 θ’
1725 1370 1919 1423 πόνον
1964 1363 2070 1435 μὲν

469 1458 630 1514 καλεῖ
657 1458 759 1529 τὴν
785 1457 963 1528 λύπην
990 1453 1063 1528 ἦν
1082 1454 1235 1529 εἶχον
1252 1456 1388 1530 περὶ
1415 1456 1513 1511 τοῦ
1541 1453 1673 1511 λαοῦ
1695 1469 1709 1482 ’
1764 1448 1959 1502 κόπον
2007 1446 2070 1503 δὲ

466 1549 572 1620 τῆς
605 1549 792 1622 ψυχῆς
815 1551 917 1622 τὴν
952 1549 1136 1616 ἀνίαν,
1164 1549 1264 1604 καὶ
1306 1550 1411 1621 τὴν
1451 1547 1587 1619 περὶ
1618 1545 1716 1600 τοῦ
1770 1541 2066 1614 μέλλοντος

468 1644 751 1716 φροντίδα.
782 1645 857 1699 Τὸ
889 1644 971 1710 δὲ,
1008 1643 1374 1715 Ἔκοιμήθην
1410 1642 1484 1697 ἐν
1529 1636 1917 1708 στεναγμοῖς,
1963 1636 2065 1691 καὶ

466 1735 823 1792 ἀνάπαυσιν
852 1739 968 1807 οὐχ
994 1732 1183 1807 εὗρον
1202 1755 1217 1769 θ
1246 1737 1325 1802 ὡς
1345 1738 1405 1791 ὲν
1437 1734 1687 1809 φροντίδι
1717 1730 1975 1804 ἐσχηκὼς
2001 1728 2066 1785 τὸ

468 1829 726 1902 πρᾶγμα,
760 1826 906 1888 ὥστε
933 1829 1073 1902 μήτε
1104 1828 1280 1886 ὕπνου
1306 1828 1455 1901 μετά
1473 1827 1721 1892 ἀνέσεως
1744 1826 1953 1897 τυχεῖν.

522 2104 728 2175 οὕτως
742 2101 877 2163 ειπε
899 2107 1136 2175 Κύριος-⁸
1156 2106 1318 2166 Ἰδοὺ
1337 2106 1377 2165 ἁ
1398 2107 1767 2179 ᾠκοδόμησα
1780 2107 1900 2179 ἐγὼ
1918 2111 2061 2164 καθ-

456 2193 608 2266 ελῶ,
637 2197 679 2254 d
712 2199 1029 2270 ἐφύτευσα
1079 2200 1200 2272 ἐγὼ
1250 2201 1533 2268 saeclum,
1581 2200 1684 2257 καὶ
1717 2200 2061 2272 σύμπασαν

456 2289 575 2361 τὴν
602 2289 723 2362 γῆν
748 2292 1018 2361 ἐκείνην,
1045 2293 1147 2348 καί
1184 2293 1268 2350 σὺ
1296 2292 1491 2364 ζητεῖς
1516 2292 1757 2360 σεαυτῷ
1780 2292 2059 2365 mydia;

449 2381 539 2453 μὴ
571 2381 752 2453 ζήτει.

526 2476 846 2547 Τουτέστιν,
877 2464 959 2535 Ob
986 2482 1348 2554 προσήκοντα
1376 2479 1632 2553 λογισμῷ
1672 2480 1879 2553 δικαίῳ
1905 2480 2057 2554 εῖληο

458 2586 587 2639 φας.
615 2570 716 2626 Διά
749 2572 862 2642 γὰρ
889 2573 992 2645 τὴν
1025 2574 1290 2630 ἀσέϐειαν
1326 2574 1426 2631 τοῦ
1453 2574 1701 2648 πλήθους
1744 2575 1893 2631 κατά
1916 2575 2056 2631 πάν·-

452 2677 568 2719 των
604 2664 1067 2736 ἀποφηναμένου,
1112 2668 1208 2723 καὶ
1256 2667 1593 2739 βουλομένου
1665 2684 1770 2740 μου
1811 2667 1906 2723 διὰ
1952 2668 2055 2739 τῆς

457 2753 693 2827 ἀπειλῆς
724 2757 1041 2824 ἀπαλλάξαι
1093 2762 1207 2815 τῶν
1245 2761 1537 2830 κινδύνων,
1573 2763 1640 2818 σὺ
1665 2762 1792 2818 οὐδὲ
1820 2763 2055 2835 ἀθυμεῖν

455 2844 567 2913 Πσ.
602 2849 891 2925 εὐθυμεῖν]
926 2851 1158 2921 ἐθέλεις,
1205 2854 1240 2927 ἢ
1270 2856 1534 2928 φροντίδα
1562 2855 1690 2911 τινὰ
1722 2855 1820 2912 τοῦ
1864 2856 2054 2928 πράγ-

455 2956 629 3013 ματος
655 2943 952 3000 ποιεῖσθαι.
1002 2946 1078 3000 Τὸ
1124 2948 1259 3021 γὰρ,
1307 2949 1392 3005 Σὺ
1424 2949 1622 3020 ζητεῖς
1669 2948 1914 3017 σεαυτῷ
1953 2967 2054 3021 μευ

453 3033 634 3107 τάλα,
651 3036 812 3092 τοῦτο
835 3039 1099 3111 σημαίνει
1123 3058 1138 3071 ·
1166 3042 1443 3109 τουτέστι,
1470 3042 1536 3098 τὸ
1566 3044 1705 3116 μηδὲ
1730 3044 2051 3099 λυπεῖσθαι·

450 3128 535 3181 ὅτι
558 3127 671 3202 γὰρ
695 3133 758 3186 οὐ
782 3135 913 3206 περὶ
952 3137 1246 3209 συμφορᾶς
1275 3136 1410 3192 αὐτό
1450 3154 1611 3209 φησι,
1642 3137 1840 3209 μηνύει
1868 3138 1931 3192 τὸ
1954 3139 2050 3192 έπ-

451 3221 728 3295 αγόμενον
745 3240 761 3257 ·
788 3228 926 3299 φησι
952 3229 1063 3302 γάρ
1080 3244 1098 3265 ο

2185 617 2276 671 nia
2313 616 2580 683 ediceret,
2612 629 2738 669 cum
2767 613 2904 667 iram
2939 610 3084 681 regis
3121 618 3179 666 et
3222 610 3555 680 reliquorum
3592 608 3785 668 imma-
3815 679 3823 700 l

2180 709 2419 764 nitatem
2447 715 2699 776 paveret,
2730 720 2929 760 munus
2967 702 3073 760 hoc
3103 705 3397 759 recusabat
3436 713 3533 760 :et
3560 720 3629 762 ex
3675 705 3781 761 alia

2176 808 2357 872 parte,
2391 814 2515 856 cum
2540 814 2649 854 una
2675 813 2863 855 secum
2893 794 3301 864 consideraret,
3330 795 3635 867 periculum
3670 812 3780 853 non

2175 895 2640 950 contemnendum
2686 891 2977 947 imminere
3017 891 3063 947 si
3102 890 3267 948 verba
3301 906 3411 947 non
3445 903 3781 960 exsequere-

2177 995 2284 1049 tur.
2342 987 2447 1042 hoc
2481 986 2629 1042 enim
2663 995 2751 1041 est
2786 983 2899 1041 Deo
2953 984 3189 1040 mittenti
3239 998 3299 1041 se
3347 997 3646 1054 opponere,
3676 998 3779 1037 an-

2173 1077 2369 1148 gustiis
2414 1077 2582 1132 animi
2638 1079 3027 1147 premebatur;
3076 1093 3203 1131 nam
3252 1084 3328 1140 et,
3379 1076 3427 1135 si
3462 1076 3591 1145 iret,
3628 1091 3779 1131 πηοί-ο

2175 1183 2283 1227 tem
2318 1171 2424 1227 sibi
2445 1182 2695 1243 paratam
2727 1171 3118 1243 exspectabat,
3151 1181 3229 1238 el,
3259 1172 3439 1226 sinon
3474 1170 3775 1236 obedisset,

2174 1279 2283 1318 non
2320 1279 2483 1333 posse
2518 1278 2579 1321 se
2624 1263 2865 1335 etl'ugere
2898 1264 3239 1335 punitionem
3276 1271 3459 1329 norat,
3495 1277 3617 1333 quae
3637 1262 3778 1316 divi-

2173 1358 2262 1411 nis
2310 1357 2585 1413 mandatis
2638 1358 2991 1414 resistentem
3048 1359 3332 1412 manebat.
3369 1355 3541 1429 Igitur
3592 1354 3773 1411 illud:

2174 1449 2397 1527 Addidit
2448 1450 2711 1505 Dominus
2771 1450 3010 1504 laborem
3062 1465 3222 1521 super
3271 1449 3509 1504 dolorem
3562 1462 3772 1512 meum,

2172 1542 2423 1601 dolorum
2482 1552 2642 1598 vocat
2697 1548 3220 1614 mmrorem,'qucm
3252 1539 3493 1598 habebat
3526 1555 3626 1610 pro
3677 1555 3777 1610 po-

2171 1638 2334 1707 pulo;
2401 1636 2669 1700 laborem,
2719 1636 2887 1690 animi
2942 1634 3334 1710 amictiouem,
3384 1642 3440 1690 et
3484 1634 3635 1690 circa
3685 1646 3774 1687 res

2170 1726 2385 1784 futuras
2411 1728 2863 1794 sollicitudinem,
2895 1726 3132 1782 Dormivi
3156 1773 3164 1801 κ.
3185 1727 3242 1784 in
3272 1727 3577 1803 gemitibus,
3602 1739 3651 1782 et
3690 1743 3774 1782 re-

2170 1823 2345 1892 quiem
2385 1838 2491 1878 non
2543 1822 2718 1877 inueni
2768 1835 2791 1876 :
2840 1822 2998 1893 quasi
3052 1837 3167 1878 rem
3221 1837 3349 1879 cum
3403 1822 3774 1880 sollicitudine

2097 1908 2464 1984 Bmeditans,
2522 1919 2598 1973 ita
2657 1927 2719 1973 ut
2776 1932 2879 1975 nec
2927 1932 3123 1985 somno
3183 1917 3370 1988 quiete
3421 1915 3586 1985 potiri
3638 1915 3772 1971 mihi

2170 2024 2494 2069 concessum
2517 2008 2706 2069 fuerit.

2241 2101 2411 2160 Vnus.
2436 2103 2494 2161 4.
2529 2102 2621 2160 Sic
2650 2104 2787 2158 dixit
2818 2102 3079 2158 Dominus
3105 2118 3125 2157 :
3160 2104 3299 2159 Ecce
3328 2119 3449 2174 qua'
3478 2102 3770 2171 a'tliﬁcavi,

2186 2211 2282 2267 ego
2314 2196 2606 2259 destruant,
2633 2214 2755 2269 qua!
2771 2199 3028 2267 plantasi,
3055 2212 3150 2269 ego
3177 2196 3364 2263 evelle,
3390 2207 3439 2253 et
3477 2197 3771 2252 universam

2168 2297 2366 2343 terram
2386 2288 2558 2356 illam,
2584 2299 2633 2345 et
2666 2300 2723 2345 tu
2739 2274 2936 2361 quwris
2961 2292 3058 2346 tibi
3079 2289 3352 2362 grandia?
3376 2290 3485 2345 noli
3510 2305 3768 2361 quarere.

2237 2474 2353 2532 Hoc
2372 2484 2481 2541 est,
2515 2477 2773 2549 cogitasti
2796 2493 2919 2549 quae
2943 2478 3111 2551 iusta:
3163 2480 3390 2537 minime
3428 2468 3770 2537 Conveniunt

2166 2567 2611 2638 ratiocinationi;
2656 2584 2782 2626 cum
2829 2570 2978 2626 enim
3009 2582 3236 2643 propter
3283 2572 3470 2642 populi
3508 2573 3764 2642 impieta-

2169 2670 2280 2718 tem
2315 2674 2508 2722 contra
2537 2679 2729 2721 omnes
2756 2664 3135 2737 decernerem,
3175 2681 3239 2721 ac
3269 2681 3371 2735 per
3400 2665 3579 2722 minas
3607 2681 3638 2722 e
3672 2682 3767 2737 pe-

2163 2757 2351 2815 riculis
2375 2757 2538 2814 velim
2570 2772 2790 2829 eruere,
2820 2766 2876 2815 tu
2909 2773 3011 2815 nec
3058 2758 3302 2815 dolorem
3337 2774 3442 2817 nec
3496 2746 3766 2827 sollicitu-

2163 2850 2345 2907 dinem
2381 2851 2465 2909 vis
2493 2850 2798 2909 dimittere.
2848 2849 3070 2907 Etenim
3114 2851 3292 2908 illud:
3335 2851 3416 2906 Tu
3444 2852 3641 2923 quaeris
3674 2852 3769 2906 tibi

2161 2943 2415 3014 grandia,
2459 2944 2566 3000 hoc
2595 2944 2872 3016 signiﬁcat
2915 2962 2933 3002 :
2982 2942 3063 3001 Ne
3092 2959 3334 3015 mirarere
3363 2955 3596 3018 angatur
3618 2947 3769 3002 vide-

2163 3036 2290 3092 licet
2316 3055 2330 3090 :
2361 3037 2467 3093 hoc
2497 3047 2681 3093 autem
2717 3052 2825 3093 non
2858 3037 3246 3108 pronuntiasse
3272 3038 3340 3095 de
3369 3038 3682 3095 calamitate
3709 3039 3765 3096 id

2163 3129 2362 3187 indicat
2393 3133 2542 3202 quod
2564 3130 2815 3203 sequitur
2832 3156 2855 3195 :
2881 3132 3015 3191 dicit
3040 3133 3187 3191 enim
3215 3147 3232 3187 ι

538 3284 690 3382 ’ἰδοὺ
852 3284 1064 3391 ’ἐπάγω
1080 3320 1238 3377 κακὰ
1263 3321 1368 3376 ἐπὶ
1396 3321 1612 3379 πᾶσαν
1633 3322 1860 3391 σάρκα,
1884 3324 2056 3394 λέγει

2229 3317 2369 3373 Ecce
2405 3334 2500 3389 ego
2544 3320 2745 3377 induco
2772 3320 2921 3376 male
2969 3336 3132 3390 super
3160 3336 3370 3376 omnem
3409 3338 3648 3383 carnem,
3681 3333 3760 3377 au

448 3407 690 3477 Κύριος,
722 3410 825 3464 καὶ
855 3410 1031 3465 δώσω
1058 3410 1175 3480 τὴν
1201 3411 1420 3482 ψυχήν
1449 3428 1572 3468 σου
1600 3415 1692 3478 είς
1723 3412 1947 3484 εὕρεμα
1981 3414 2054 3472 ἐν

451 3500 635 3558 παντί
666 3504 848 3568 τόπῳ,
885 3496 960 3560 οὗ
984 3503 1096 3560 ἐὰν
1114 3502 1353 3571 βαδίσῃ
1372 3503 1520 3562 ἐκεῖ.

523 3592 818 3647 Τουτέστι⁴
846 3595 940 3666 Μὴ
968 3594 1139 3665 φοϐοῦ
1167 3612 1181 3625 ο
1240 3595 1499 3651 ἀπελθὼν
1551 3595 1678 3650 είπὲ
1710 3596 1791 3668 τῷ
1827 3595 1945 3668 λαῷ
1981 3596 2053 3651 τὰ

452 3684 609 3755 παρά
629 3685 727 3739 τοῦ
754 3688 1041 3760 προφήτου
1072 3688 1370 3761 λεγόμενα,
1397 3687 1460 3745 εὖ
1498 3689 1681 3757 εἰδὼς,
1714 3691 1794 3757 ὡς
1840 3692 1902 3745 οὐ
1933 3708 2051 3746 κοι-

451 3779 718 3851 νωνήσεις
739 3781 929 3845 αὐτοῖς
959 3782 1063 3853 τῆς
1112 3784 1428 3856 συμφορᾶς,
1457 3783 1584 3839 οὐδὲ
1635 3801 1690 3839 τι
1727 3783 2049 3857 διαθήσουσί

452 3886 515 3924 σε
537 3873 710 3928 κακόν
735 3886 751 3905 ⁸
777 3874 873 3929 τὸν
900 3874 961 3929 δὲ
990 3876 1198 3948 τρόπον
1221 3876 1326 3948 τῆς
1353 3877 1636 3952 σωτηρίας
1673 3876 1938 3950 ἀνωτέρω
1967 3874 2052 3931 τέ-

450 3963 636 4021 θεικεν
660 3968 692 4022 6
719 3968 1039 4042 Προφήτης,
1058 3970 1262 4043 φήσας·
1284 3973 1400 4032 Καὶ
1420 3964 1805 4046 κατέκρυψεν
1820 3971 2051 4041 αὐτοὺς

448 4060 670 4131 Κύριος
707 4060 809 4117 καί
851 4065 966 4135 οὐχ
999 4064 1384 4134 εὑρίσκοντο.

520 4154 631 4208 Kal
660 4153 744 4208 σὺ
775 4153 1084 4226 ζητήσεις.

519 4244 668 4300 Μίαν
703 4246 860 4301 πόλιν
881 4247 1013 4320 ὅλην
1042 4248 1359 4321 ἐξαρπάσαι
1400 4250 1670 4308 κινδύνων
1726 4270 2048 4328 προσκρου-

452 4338 627 4398 σασάν
670 4356 760 4411 μοι
792 4339 1001 4413 ζητεῖς.

517 4430 632 4484 Kal
653 4430 830 4487 δώσω
866 4433 985 4505 τὴν
996 4437 1233 4507 ψυχήν.

517 4521 698 4579 Ὅπου
724 4524 771 4578 δ’
806 4524 879 4580 ἂν
905 4523 995 4606 ᾗς,
1017 4528 1082 4590 οὐ
1133 4529 1210 4602 μὴ
1240 4529 1408 4604 πείσῃ
1450 4530 1649 4587 δεινόν.
1688 4532 1834 4589 Ἀλλ’
1891 4534 2047 4604 ὅμως

2156 3408 2452 3475 Dominus,
2474 3421 2524 3466 et
2550 3412 2691 3467 dabo
2713 3413 2953 3468 animum
2976 3420 3124 3466 tuam
3146 3413 3207 3468 in
3236 3429 3345 3468 rem
3378 3414 3641 3469 insentant
3661 3430 3682 3471 :
3704 3418 3763 3471 in

2155 3505 2301 3558 omni
2325 3504 2443 3558 loco
2496 3520 2813 3576 quocunque
2839 3504 2997 3559 ireris
3018 3505 3111 3558 ibi.

2233 3593 2403 3661 Quasi
2435 3593 2837 3652 diceret:Noli
2892 3595 3091 3651 timere
3135 3595 3359 3665 abiens;
3410 3597 3499 3654 dic
3560 3599 3761 3669 popqu

2153 3684 2295 3741 dicta
2327 3685 2633 3756 prophetae,
2665 3700 2766 3757 pro
2793 3695 2948 3740 certo
2992 3685 3206 3743 habens
3228 3696 3282 3743 te
3329 3687 3493 3758 hujus
3525 3688 3758 3745 calami-

2154 3778 2283 3834 tatis
2314 3778 2542 3835 miuime
2569 3778 2689 3836 [ore
2723 3778 3074 3850 participem,
3106 3795 3287 3853 neque
3310 3780 3516 3852 aliquid
3541 3781 3637 3838 tibi
3666 3783 3758 3836 in-

2151 3872 2331 3927 ferent
2361 3871 2493 3930 mali
2538 3888 2556 3929 :
2607 3872 2831 3929 modum
2889 3871 3210 3930 salvationis
3268 3889 3436 3945 supra
3502 3874 3758 3944 exposuit

2150 3964 2449 4039 Propheta,
2478 3981 2602 4022 cum
2631 3966 2810 4024 dixit:
2838 3964 2911 4021 Et
2945 3965 3236 4025 occultavit
3268 3984 3358 4026 eos
3387 3968 3676 4035 Dominus,
3705 3977 3756 4025 et

2151 4072 2255 4113 non
2289 4058 2715 4113 inveniebantur.

2224 4153 2388 4207 Vens.
2425 4151 2480 4208 5.
2522 4152 2593 4207 Et
2624 4166 2682 4207 tu
2709 4168 2942 4224 qnwres.

2224 4242 2401 4299 Unam
2458 4243 2730 4316 integram
2789 4246 3074 4304 civitatem
3120 4259 3155 4303 ο
3207 4242 3470 4315 periculis
3534 4241 3754 4313 eripere

2150 4333 2283 4389 mihi
2305 4331 2572 4389 offensam
2606 4334 2830 4404 quaeris.

2220 4424 2292 4480 Et
2319 4425 2458 4481 dabo
2481 4427 2722 4482 animant
2752 4435 2927 4483 tum.

2221 4518 2549 4590 Ubicunque
2576 4519 2772 4587 fueris,
2808 4522 2940 4577 mali
2968 4521 3107 4579 nihil
3154 4521 3425 4593 patieris:
3455 4530 3512 4576 et
3558 4529 3747 4576 tamen

446 4613 544 4668 καὶ
570 4614 749 4682 οὕτως
774 4610 1053 4677 ἐπέκειτο.
1083 4621 1207 4677 Ἵνα
1240 4623 1448 4698 μάθῃς,
1485 4625 1569 4679 ὅτι
1594 4625 1720 4698 οὐχὶ
1746 4626 1811 4680 τὸ
1844 4626 2044 4681 ἑαυτοῦ

2163 4611 2243 4667 ille
2271 4612 2530 4673 instabat.
2563 4611 2675 4669 Sed
2707 4621 2766 4668 et
2793 4612 2874 4670 sic
2901 4624 2961 4671 ut
2996 4613 3153 4670 noris
3179 4613 3331 4669 illum
3358 4628 3465 4671 non
3495 4613 3623 4681 sibi,
3651 4613 3754 4671 sed

446 4707 698 4778 ἐσκόπει,
725 4710 867 4766 ἀλλά
918 4713 980 4767 τὸ
1011 4713 1127 4771 τῶν
1172 4715 1409 4772 πολλῶν.
1445 4717 1668 4791 ,Ἡμεῖς
1716 4718 1810 4784 δὲ,
1836 4719 1928 4773 ὅτε
1976 4718 2049 4773 τὰ

446 4799 696 4872 ἡμέτερα
713 4802 774 4856 ἐν
801 4803 1079 4878 ἀσφαλείᾳ
1093 4800 1182 4878 ἦν,
1211 4808 1334 4865 τότε
1353 4809 1464 4866 τῶν
1478 4809 1684 4867 λοιπῶν
1707 4810 2048 4885 ἐποιούμεθα

445 4890 627 4962 λόγον.

517 4988 539 5010 ⁶
559 4985 678 5041 Exi
704 4986 970 5061 δύναμιν
1014 4992 1231 5061 Φαραὼ
1254 4996 1471 5065 Nexaris
1520 4996 1834 5064 ,ϐασιλέως
1864 4997 2044 5068 Αίγύο

444 5089 621 5145 πτου,
645 5076 716 5144 ὃς
741 5075 824 5150 ἦν
846 5080 1097 5152 ποταμῷ
1115 5085 1409 5159 Εὐφράτῃ
1430 5087 1502 5141 ἐν
1522 5085 1787 5157 Χάρμης,
1810 5089 1886 5143 ὃν
1898 5088 2048 5143 ἐπά-

444 5166 593 5232 ταξε
647 5170 1197 5243 Ναϐουχοδονόσορ
1227 5176 1545 5243 ,βασιλεὺς
1582 5177 1946 5245 Βαϐυλῶνος
1973 5179 2046 5233 ἐν

442 5257 525 5324 τῷ
574 5258 697 5315 ἔτει
744 5261 828 5329 τῷ
890 5267 1154 5337 τετάρτῳ
1207 5268 1344 5329 viai}
1411 5268 1676 5343 Ἰωακεὶμ
1727 5271 2044 5343 ,βασιλέως

456 5351 674 5408 Ἰούδα.

513 5439 642 5497 Ὅτι
672 5443 848 5501 ταῦτα
876 5446 999 5502 τότε
1048 5448 1293 5523 εἴρηταιο
1322 5455 1386 5509 οὖ
1416 5454 1527 5528 γάρ
1571 5458 1723 5511 ἐστιν
1747 5456 1897 5530 ἁρχὴ
1942 5459 2045 5531 τῆς

441 5532 725 5603 Αἰγύπτου
752 5537 1023 5608 ὁράσεως,
1063 5540 1203 5608 ἀλλ’,
1233 5544 1311 5608 ὡς
1361 5546 1634 5619 προέφην,
1690 5549 1760 5604 τά
1788 5551 1911 5605 τότε
1944 5554 2043 5625 ρης

443 5625 606 5681 θέντα
628 5628 1064 5704 ὑπομιμνήσκει.
1094 5627 1271 5702 Οὗτος
1285 5637 1401 5711 γὰρ
1426 5642 1458 5694 6
1489 5640 1691 5711 Νεχαὼ
1718 5642 1933 5699 ἀνελὼν
1950 5645 2041 5701 τὸν

452 5718 670 5776 Ἰωσίαν
727 5723 1069 5795 κατέστησεν
1112 5728 1367 5802 Ἰωάχαζ.
1438 5733 1717 5791 Ἐπελθὼν
1742 5737 1803 5794 δὲ
1852 5740 1881 5792 6
1928 5740 2040 5795 Να-

440 5810 855 5905 βουχοδονόσορ,
886 5819 1070 5874 ἀνεῖλε
1129 5822 1230 5893 μὲν
1277 5822 1371 5880 τὸν
1428 5825 1685 5901 Ἰωάχαζ,
1728 5832 2036 5905 κατέστησε

439 5903 499 5966 ἃ
519 5906 613 5992 τόν
642 5909 905 5986 ἰωακείμ
929 5929 942 5946 -
971 5912 1049 5981 ὡς
1075 5913 1169 5982 οὖν
1194 5917 1293 5982 τῆς
1317 5918 1488 5981 αὑτοῦ
1520 5920 1806 5999 βασιλείας
1841 5903 2027 6000 παρα-

2155 4705 2641 4765 multorumsaluti
2666 4707 2977 4764 consulere.
3009 4707 3083 4763 At
3126 4723 3230 4764 nos
3268 4723 3393 4764 cum
3427 4722 3517 4764 res
3549 4719 3755 4764 nostrai

2153 4805 2269 4853 tuto
2294 4797 2416 4856 loco
2454 4807 2607 4867 sunt,
2641 4807 2773 4856 tunc
2806 4798 3041 4857 aliorum
3081 4798 3327 4870 gerimus
3358 4813 3571 4854 curam.
3630 4802 3637 4805 “

2219 4989 2236 5009 ⁶
2269 4989 2435 5045 Vens.
2467 4989 2526 5045 2.
2559 4988 2736 5056 Super
2766 4990 3013 5046 virtutem
3039 4989 3342 5045 Pharaonis
3368 4988 3585 5045 Nechao
3609 4990 3750 5060 regis

2147 5080 2392 5153 Egypli,
2428 5082 2655 5151 quierat
2688 5081 2760 5135 ad
2781 5083 2981 5152 ﬂumen
3028 5081 3354 5151 Euphraten:
3397 5082 3453 5136 in
3479 5081 3748 5145 Charmis,

2145 5191 2299 5245 quem
2309 5175 2565 5244 percussit
2584 5171 3079 5229 Nabuchodonosor
3100 5188 3193 5229 res:
3210 5170 3507 5244 Babylonis
3528 5173 3584 5226 in
3605 5187 3750 5225 anna

2147 5276 2337 5339 quarto
2371 5264 2625 5323 Joacln'm
2671 5270 2811 5338 regis
2836 5265 3008 5323 Iuda.

2216 5454 2371 5522 Quod
2389 5454 2506 5510 base
2525 5426 2655 5510 tunc
2673 5453 2821 5510 dicta
2845 5451 2983 5521 sint,
3006 5466 3113 5509 non
3136 5451 3282 5509 enim
3305 5458 3389 5506 est
3411 5443 3746 5520 principium

2145 5548 2371 5604 visionis
2400 5546 2644 5621 Egypti,
2673 5546 2794 5612 sed,
2829 5553 2891 5600 ut
2925 5543 3250 5613 praemonui,
3275 5541 3525 5598 meminit
3548 5556 3742 5596 eorum

2144 5657 2267 5713 quia:
2297 5650 2423 5699 tunc
2448 5648 2761 5699 evenerant.
2807 5638 2909 5696 Hic
2942 5638 3146 5710 quippe
3195 5634 3439 5704 Nechao,
3471 5634 3627 5692 Josia
3660 5637 3744 5691 ina

2148 5733 2398 5801 terfecto,
2424 5733 2548 5790 loco
2598 5733 2747 5790 illius
2790 5731 3035 5789 Joachar.
3063 5729 3352 5787 constituit
3389 5747 3404 5786 :
3444 5744 3572 5785 cum
3612 5742 3745 5794 vero

2144 5829 2653 5886 Nabuchodonosor
2683 5826 3024 5895 advenisset,
3051 5824 3260 5882 occidit
3293 5821 3558 5889 Joachas,
3596 5831 3655 5876 et
3687 5821 3740 5874 in

2143 5926 2263 5997 ejus
2299 5927 2485 5987 locum
2510 5926 2694 5999 posuit
2724 5924 3015 5994 Joachim;
3061 5924 3209 5983 velut
3245 5923 3412 5997 igitur
3445 5934 3547 5981 suo
3570 5930 3743 5987 regno
