4084 6452
373 393 508 450 1019

1121 385 1687 444 SUPPLEMENTUM
1728 389 1820 444 AD
1862 389 1915 444 S.
1959 389 2011 445 J.
2055 391 2554 453 CllRYSOSTOMI
2593 392 2846 450 OPERA.

3495 395 3518 448 l
3528 391 3635 447 020

371 505 662 573 discerpto,
688 499 982 573 Egyptius
1003 501 1056 555 in
1074 501 1410 570 Euphratem
1431 514 1488 553 se
1512 501 1817 566 conferens,
1841 517 1943 555 una

2055 507 2350 578 σπωμένης
2381 507 2410 558 ὁ
2444 507 2748 576 Αἰγύπτιος
2782 506 2866 567 είς
2887 503 2978 558 τὸν
3014 502 3316 574 Εὐφράτην
3342 504 3634 575 γενόμενος

368 611 490 650 cum
527 594 1063 650 Nabuchodonosore
1099 608 1288 648 manus
1337 596 1597 648 conserit.
1629 592 1794 663 Igitur
1822 608 1946 648 cum

366 689 540 742 Jmlaai
577 702 766 757 magna
797 685 900 741 sibi
929 687 997 741 de
1021 686 1398 756 Egyptiorum
1434 688 1626 741 robore
1661 687 1945 755 promitte-

370 788 510 843 rent,
543 780 889 848 maximeque
921 779 974 832 in
1007 793 1195 833 eorum
1235 779 1466 833 ﬁderent
1498 779 1722 841 auxilio,
1755 779 1947 831 etcla-

369 873 489 926 dem
524 873 782 936 minatur,
810 881 864 927 et
903 872 1113 925 ruinam
1140 871 1379 937 Nechao,
1407 879 1461 924 et
1484 872 1682 926 bellum
1715 872 1943 925 indicit:

369 976 422 1018 et
449 964 829 1035 Egyptiorum
851 965 1115 1018 auxilium
1141 963 1304 1018 inane
1325 962 1442 1019 fore
1468 963 1795 1017 determinat
1817 978 1950 1016 con-

373 1068 454 1110 tra
489 1057 806 1110 resistentes
838 1054 1075 1113 Iudaeos.

440 1147 591 1200 Alius
614 1155 729 1199 erat
761 1145 973 1199 Pharao
1004 1147 1090 1200 hic
1119 1144 1339 1212 Vaphre
1370 1160 1399 1198 a
1438 1143 1679 1199 Nechao.
1709 1141 1943 1214 (Consi-

369 1240 496 1290 dera
538 1238 807 1304 quomodo
837 1245 995 1289 antea
1037 1251 1253 1305 quoque
1293 1236 1434 1290 Deus
1469 1234 1738 1304 exemplis
1770 1234 1820 1287 in
1859 1248 1950 1288 sa-

369 1343 490 1380 nam
522 1343 615 1381 eos
647 1337 882 1381 mentem
925 1329 1263 1397 revocabat.)
1295 1325 1541 1381 Victoria
1583 1327 1669 1381 hic
1713 1327 1951 1383 maxime

365 1435 660 1490 oppressus
683 1420 900 1490 quando
919 1428 972 1473 et
1000 1417 1245 1474 Joachim
1280 1421 1498 1475 occisus
1548 1432 1631 1475 est
1655 1438 1670 1488 ;
1704 1420 1836 1473 nihil
1865 1430 1947 1474 ta-

367 1528 487 1566 men
527 1515 809 1581 probiores
857 1524 1176 1569 evaserunt.
1212 1513 1279 1568 Et
1315 1513 1435 1568 vide
1466 1513 1612 1583 quod
1670 1513 1950 1583 profectus

365 1614 452 1659 cst
477 1605 544 1658 ad
579 1605 689 1675 Eph
702 1615 894 1660 ratem.

445 1695 604 1750 Vnus.
633 1697 687 1750 5.
714 1696 998 1751 Assumite.

438 1789 618 1855 Quare
645 1788 812 1857 igitur
844 1787 1147 1859 praphetia:
1172 1788 1275 1843 hoc
1325 1790 1492 1843 sumit
1515 1787 1728 1843 initium
1760 1787 1948 1842 dicens

369 1888 427 1932 ut
457 1894 515 1933 se
538 1877 707 1933 armis
732 1878 1058 1933 induerent?
1086 1888 1140 1934 et
1164 1890 1421 1933 accurate
1443 1879 1704 1947 exprimit
1727 1878 1948 1932 univer-
1982 1865 2026 1924 Β

369 1987 487 2026 sam
519 1985 706 2026 eorum
737 1983 1072 2026 armaturam
1109 1971 1221 2027 fere
1256 1972 1430 2027 instar
1461 1973 1748 2028 ductorum
1780 1985 1945 2026 exer-

369 2067 534 2127 citus,
570 2063 662 2134 qui
714 2063 918 2118 milites
949 2066 1018 2116 ad
1066 2078 1304 2132 pugnant
1357 2057 1636 2118 instruunt
1667 2071 1722 2118 et
1755 2063 1950 2117 cohor-

372 2155 589 2210 tantur?
622 2155 704 2210 An
733 2169 862 2211 vero
892 2157 1006 2212 haec
1038 2156 1246 2211 ironice
1269 2154 1499 2227 profert.

441 2340 605 2394 Vxns.
636 2341 688 2396 5.
711 2341 848 2406 Quia
874 2341 1058 2411 fortes.

442 2433 600 2499 Vide,
631 2437 848 2490 modum
879 2437 1043 2492 etiam
1075 2438 1194 2494 belli
1223 2438 1375 2508 quasi
1402 2453 1643 2511 praesens
1670 2437 1952 2507 prosequi-

371 2535 479 2590 tur,
513 2529 781 2596 quomodo
813 2529 1115 2598 capientur.

443 2619 606 2675 Vsus.
638 2620 692 2676 6.
727 2620 850 2676 Non
874 2622 1066 2693 fugiat.

441 2712 559 2768 Non
614 2715 809 2784 pedum
857 2717 1136 2784 celeritas,
1174 2734 1282 2775 non
1342 2718 1593 2788 corporis
1628 2721 1813 2783 robur,
1849 2733 1952 2772 nec

370 2801 664 2870 quidquam
692 2803 837 2859 aliud
867 2807 1110 2876 prodest,
1145 2823 1269 2864 cum
1299 2809 1482 2864 omnia
1533 2809 1809 2874 deﬁciant,
1849 2809 1950 2862 nisi

370 2891 512 2946 adsit
537 2892 630 2948 Dei
654 2895 935 2954 auxilium.

445 3072 610 3127 Vens.
643 3073 695 3128 7.
729 3072 856 3139 Quis
895 3085 971 3129 eu
996 3077 1094 3129 iste
1126 3075 1217 3146 qui
1243 3078 1397 3147 quasi
1418 3079 1636 3148 ﬂumen.

443 3162 560 3216 Non
615 3171 824 3218 tantum
880 3175 1104 3235 propter
1147 3181 1337 3222 eorum
1400 3169 1806 3224 multitudinem
1857 3185 2024 3264 eosc

2053 599 2350 669 συμϐάλλει
2401 600 2480 670 τῷ
2531 597 3034 669 Ναϐουχοδονόσορ.
3125 595 3403 650 Ἰουδαίων
3451 597 3635 650 τοίνυν

2053 689 2266 759 μεγάλα
2298 690 2426 760 περὶ
2461 689 2559 758 τῆς
2595 688 2884 759 δυνάμεως
2915 685 3230 754 Αἰγυπτίων
3261 683 3631 755 φρονούντων,

2051 780 2145 832 καὶ
2177 778 2314 849 πρὸς
2341 779 2440 851 τὴν
2457 780 2685 832 ἐκείνων
2716 777 3037 848 συμμαχίαν
3061 776 3392 846 κεχηνότων,
3417 776 3636 828 ἀπειλεῖ

2050 871 2144 923 καὶ
2175 871 2272 941 τὴν
2305 867 2498 944 ἧτταν,
2545 872 2640 924 καὶ
2678 871 2778 941 τὴν
2823 868 3098 922 ἀπώλειαν
3136 867 3230 920 τοῦ
3283 867 3503 937 Νεχαὼ,
3542 869 3639 920 καὶ

2052 961 2296 1032 κηρύξας
2333 963 2594 1032 πόλεμον,
2636 962 2731 1014 καὶ
2781 959 3019 1030 ματαίαν
3057 957 3380 1028 συμμαχίαν
3419 958 3638 1027 ἀποφη-

2051 1056 2282 1125 νάμενος
2309 1055 2385 1118 ὡς
2414 1054 2551 1124 πρὸς
2594 1052 2888 1114 Ἰουδαίους
2913 1050 3400 1119 ἀποτεινομένους.

2127 1147 2320 1210 Ἀλλος
2361 1142 2430 1218 ἦν
2459 1147 2488 1199 ὁ
2515 1145 2721 1216 Φαραὼ
2773 1147 2801 1198 ὁ
2843 1143 3109 1215 Οὐαφρὴν
3155 1134 3312 1206 οὗτος
3359 1143 3388 1193 ὁ
3439 1141 3640 1212 Νεχαώ

2053 1239 2172 1312 [τοῦ
2232 1239 2475 1310 Naxum].
2513 1240 2658 1309 Ὅρα
2717 1239 2836 1301 πῶς
2890 1238 2978 1291 διὰ
3027 1236 3491 1306 παραδειγμάτων
3542 1237 3639 1290 καὶ

2052 1332 2364 1404 ἔμπροσθεν
2419 1332 2620 1395 αὐτοὺς
2659 1329 3030 1401 ὲσωφρόνιζεν
3071 1332 3100 1382 ὁ
3144 1330 3296 1392 Θεός.
3352 1326 3637 1396 Ἦττηθεὶς

2053 1425 2262 1494 σφόδρα
2297 1419 2477 1488 οὗτος,
2513 1425 2602 1476 ὅτε
2632 1424 2728 1478 καὶ
2769 1423 3028 1492 Ἰωακεὶμ
3065 1420 3311 1494 ἀνῃρέθη
3341 1436 3355 1451 ο
3395 1420 3490 1473 καὶ
3541 1420 3638 1472 οὐ-

2051 1518 2139 1571 δὲν
2171 1517 2572 1586 ἐπιεικέστεροι
2613 1515 2902 1585 γεγόνασι.
2929 1515 3042 1568 Καὶ
3092 1515 3194 1585 ὅρα
3230 1513 3335 1568 ποῦ
3387 1514 3637 1583 ἀπήντη-

2055 1626 2168 1675 σεν,
2193 1609 2288 1661 ἐπὶ
2317 1609 2604 1679 Εὐφράτῃ.

2135 1699 2518 1755 Ἀναλάϐετε.

2123 1792 2282 1855 Τίνος
2313 1787 2406 1845 οὖν
2431 1791 2620 1844 ἕνεκεν
2659 1790 2893 1862 ἄρχεται
2926 1789 3028 1860 τῆς
3055 1789 3418 1861 προφητείας,
3452 1788 3637 1858 λέγων

2054 1882 2519 1948 καθοπλίζεσθαι;
2585 1883 2681 1936 καὶ
2732 1881 2872 1952 μετὰ
2927 1880 3132 1951 πολλῆς
3184 1880 3285 1949 τῆς
3347 1880 3636 1952 ἀκριϐείας

2054 1976 2236 2030 ἔπεισι
2285 1975 2386 2045 τὴν
2418 1974 2635 2028 ὅπλισιν
2679 1973 2864 2028 αὐτῶν
2903 1975 3120 2039 πᾶσαν,
3167 1973 3457 2043 μονονουχὶ
3508 1972 3636 2036 τοὺς

2055 2069 2396 2140 στρατηγοὺς
2431 2065 2772 2137 μιμούμενος
2818 2066 2947 2130 τούς
2990 2066 3225 2134 ἄγοντας
3260 2065 3343 2128 εἰς
3375 2064 3632 2134 πόλεμον,

2054 2162 2149 2215 καὶ
2204 2157 2793 2230 παρακελευομένους;
2826 2158 2946 2229 ἢτοι
2996 2155 3430 2228 είρωνευόμενος
3475 2153 3636 2208 τοῦτό

2056 2269 2215 2323 φησι.
2403 2295 2406 2300 .

2125 2344 2281 2397 Διότι
2313 2345 2367 2398 οἱ
2393 2341 2653 2411 ἰσχυροί.

2127 2435 2293 2504 Ὅρα,
2321 2433 2532 2488 καὶτὸν
2555 2431 2757 2503 τρόπον
2801 2431 2952 2501 λέγει
3003 2431 3098 2485 τοῦ
3156 2430 3418 2502 πολέμου,
3448 2430 3640 2503 ὥσπερ

2054 2528 2268 2598 παρὼν,
2298 2527 2406 2581 τίνι
2441 2526 2631 2597 τρόπῳ
2654 2524 2978 2580 ἁλώσονται.

2126 2624 2184 2675 Μ
2188 2620 2223 2690 ὴ
2264 2618 2549 2691 φευγέτω.

2126 2709 2262 2764 Οὔτε
2290 2710 2484 2764 ’ποδῶν
2513 2709 2774 2780 ταχύτης,
2811 2707 2935 2762 οὔτε
2985 2706 3240 2778 σώματος
3287 2708 3460 2778 ίσχύς,
3511 2706 3637 2761 οὔτε

2056 2800 2184 2854 ἄλλο
2240 2799 2396 2854 οὐδὲν
2451 2798 2674 2869 ὠφελεῖ,
2724 2797 2946 2850 πάντων
3002 2796 3487 2867 περιϐεϐλημένων
3523 2795 3635 2869 [ἵσ.

2056 2887 2571 2961 ἅπο6ε6λημένων],
2610 2890 2658 2942 εἰ
2713 2889 2788 2959 μὴ
2822 2887 3153 2959 πάρεστινὴ
3185 2886 3280 2940 τοῦ
3308 2886 3448 2940 Θεοῦ
3507 2887 3639 2958 βοή-

2057 2981 2200 3036 θεια.

2134 3073 2228 3138 Τίς
2245 3066 2423 3137 οὗτος
2451 3072 2531 3137 ὠς
2555 3073 2844 3141 ποταμός.

2129 3167 2204 3219 Οὐ
2233 3165 2320 3218 διὰ
2361 3165 2422 3217 τὸ
2459 3164 2689 3236 μέγεθος
2734 3165 2827 3216 καὶ
2879 3163 3042 3235 μόνον
3096 3163 3280 3216 αὐτῶν
3317 3162 3398 3234 τῷ
3458 3162 3640 3233 Νείλῳ

371 3253 491 3307 Nilo
521 3265 821 3325 comparat,
865 3259 959 3312 sed
995 3258 1160 3314 etiam
1208 3261 1350 3330 quod
1403 3261 1609 3316 scirent
1640 3261 1862 3325 ﬂulnen.
1893 3273 1950 3318 et

2058 3257 2427 3331 παραϐάλλει,
2463 3258 2600 3311 ἀλλὰ
2639 3259 2732 3311 καὶ
2759 3258 2849 3311 διὰ
2877 3257 2937 3311 τὸ
2969 3258 3167 3312 εἰδέναι
3190 3258 3390 3320 αὐτοὺς
3420 3255 3512 3310 τὸν
3544 3273 3640 3308 πο·

371 3347 708 3402 subitaneum
759 3348 877 3415 ejus
924 3349 1356 3416 incrementum;
1406 3362 1460 3406 et
1509 3354 1802 3407 ostendite
1842 3357 1950 3410 Deo

369 3449 743 3508 comparatum
768 3439 999 3509 bellum;
1039 3458 1163 3497 nam
1189 3456 1245 3500 et
1272 3442 1467 3500 ﬂuvius
1500 3445 1762 3502 divinitus
1789 3461 1951 3515 auge-

374 3541 481 3584 tur.

444 3623 604 3678 Vens.
642 3625 730 3680 10.
768 3624 996 3682 Victima
1027 3629 1186 3683 enim.

439 3716 510 3772 Ut
543 3720 859 3774 ostenderet
899 3735 1064 3789 quam
1109 3721 1218 3775 Deo
1247 3728 1460 3788 gratum
1491 3730 1638 3775 esset
1666 3722 1788 3786 hoc,
1817 3722 1951 3776 nihil

372 3812 683 3866 humanitus
709 3811 786 3867 lit.
818 3812 1075 3882 Alioquin
1113 3813 1462 3882 accingimini
1500 3828 1591 3868 vos
1629 3832 1643 3867 :
1690 3830 1794 3868 non
1827 3831 1954 3884 pro-

374 3903 565 3966 hibeo;
599 3909 657 3955 ut
703 3902 964 3958 noveritis
995 3902 1201 3958 frustra
1251 3919 1374 3960 esse
1430 3906 1541 3960 Deo
1583 3905 1782 3960 bellum
1813 3907 1952 3960 indi-

371 4007 520 4046 cere.

447 4082 608 4140 Vnus.
650 4086 734 4139 ll.
766 4086 999 4142 Ascende
1025 4085 1252 4151 Galaad,
1279 4098 1326 4142 et
1343 4104 1489 4142 sume
1511 4088 1734 4142 resinam
1761 4089 1954 4159 virgini

367 4179 496 4248 ﬁlia:
533 4177 773 4249 ngypti.
829 4177 896 4234 In
945 4197 1133 4236 uanum
1195 4181 1560 4250 multiplicasti
1603 4182 1951 4237 medicamina

371 4287 487 4328 tua.
531 4269 748 4327 Utilitas
778 4289 880 4326 non
917 4283 988 4328 est
1022 4274 1172 4329 inte.

446 4363 557 4418 lluc
584 4373 683 4428 est,
713 4373 771 4420 et
803 4374 857 4418 tu
895 4381 998 4419 una
1034 4381 1157 4420 cum
1190 4365 1412 4438 reliquis
1452 4382 1608 4438 opem
1662 4369 1803 4424 l’eres
1849 4369 1946 4424 illi.

371 4456 576 4511 Galaad
601 4456 747 4511 enim
780 4455 1058 4513 Israelitas
1098 4468 1393 4528 nuncupat,
1428 4475 1492 4514 ex
1539 4459 1658 4515 loco
1707 4460 1927 4516 nomine

2053 3348 2250 3418 ταμὸν,
2282 3349 2376 3406 καὶ
2424 3346 2522 3418 τὴν
2566 3347 2774 3418 ἁθρόαν
2832 3348 3017 3418 ὁρμήν
3049 3362 3062 3376 ·
3119 3347 3212 3401 καὶ
3257 3346 3493 3412 δεικνὺς,
3553 3347 3637 3400 ὃτι

2055 3443 2206 3512 παρὰ
2235 3443 2330 3495 τοῦ
2360 3441 2496 3494 Θεοῦ
2523 3442 2556 3512 ἡ
2587 3440 2893 3513 στρατηγία
2920 3457 2934 3473 ο
2976 3441 3073 3494 καὶ
3125 3441 3236 3512 γάρ
3286 3442 3498 3504 ἐκεῖνος
3533 3439 3634 3492 ὐπὸ

2053 3535 2191 3589 Θεοῦ
2232 3535 2412 3599 αὔξει.

2125 3628 2256 3682 Ὅτι
2282 3627 2486 3682 θυσία.

2127 3721 2248 3774 Ἵνα
2277 3720 2448 3791 δείξῃ,
2486 3719 2605 3784 πῶς
2629 3718 2918 3790 εὐφραίνει
2950 3718 3041 3772 τὸν
3068 3717 3201 3771 Θεὸν
3259 3716 3322 3769 τὸ
3370 3717 3628 3788 πρᾶγμα,

2054 3811 2206 3865 οὐδὲν
2257 3810 2603 3881 ἀνθρώπινον
2650 3810 2928 3880 γίγνεται.
2957 3810 3115 3863 Ἐπεὶ
3150 3807 3638 3879 παρασκευάζεσθε

2055 3903 2234 3972 ὑμεῖς,
2255 3903 2409 3956 οὐδὲν
2438 3903 2657 3970 κωλύω,
2688 3904 2776 3958 ἵνα
2811 3903 3046 3974 μάθητε,
3099 3901 3163 3956 τὸ
3221 3902 3329 3974 πρὸ
3377 3902 3472 3958 τὸν
3501 3901 3636 3955 Θεὸν

2056 3994 2316 4064 πολεμεῖν
2347 3995 2624 4066 περιττόν.

2140 4090 2418 4158 Ἀνάϐηθι
2441 4090 2712 4156 Γαλαὰδ,
2747 4090 2845 4144 καί
2873 4091 3022 4144 λάϐε
3059 4091 3320 4160 ῥητίνην
3371 4087 3642 4156 παρθένῳ

2055 4183 2298 4250 θυγατρὶ
2325 4184 2645 4251 Αἰγύπτου.
2683 4184 2787 4249 Εἰς
2816 4183 3000 4236 κενὸν
3042 4182 3396 4251 ἐπλήθυνας
3423 4179 3642 4250 ίάματά

2054 4286 2194 4325 σου.
2229 4271 2506 4340 Ὠφέλειιι
2540 4275 2652 4326 οὐκ
2683 4274 2816 4326 ἐστι
2837 4289 2959 4326 σοι.

2125 4363 2410 4426 Τουτέστι,
2449 4362 2782 4434 Σύμπραξον
2810 4363 2948 4434 αὐτῇ
2982 4363 3078 4416 καὶ
3112 4363 3175 4416 σύ
3206 4362 3351 4432 μετὰ
3383 4361 3491 4415 τῶν
3523 4361 3638 4415 λοι-

2056 4453 2195 4508 πῶν.
2225 4453 2441 4508 Γαλαὰδ
2471 4455 2579 4525 γὰρ
2613 4455 2741 4519 τοὺς
2779 4453 3128 4524 Ἰσραηλίτας
3175 4453 3351 4521 λέγει,
3402 4453 3518 4508 ἀπὸ
3543 4451 3639 4505 τοῦ

373 4549 574 4604 accolis
598 4550 723 4603 dato
753 4567 767 4603 :
801 4559 921 4604 erat
947 4560 1002 4604 et
1031 4553 1377 4607 sacerdotum
1401 4553 1616 4618 civitas,
1652 4554 1794 4607 unde
1824 4554 1902 4608 ait
1934 4571 1948 4608 :

2062 4550 2228 4600 τόπου
2254 4547 2529 4618 ὀνομάσας
2558 4548 2686 4612 τοὺς
2721 4546 3093 4611 ἐνοικοῦντας.
3120 4542 3230 4599 Ἦν
3253 4547 3310 4600 δὲ
3333 4547 3426 4600 καὶ
3450 4546 3640 4617 ἱερέων

377 4641 540 4692 Sume
563 4640 809 4706 resinam,
841 4641 944 4695 hoc
971 4650 1078 4708 est,
1109 4643 1485 4711 emplastrum.
1510 4643 1589 4698 Ac
1615 4644 1659 4697 si
1705 4645 1910 4700 diceret
1935 4664 1949 4700 :

376 4731 840 4798 Quemadmodum
871 4732 1001 4786 olim
1038 4735 1203 4788 Deum
1236 4735 1424 4788 colens
1453 4736 1650 4805 populo
1685 4752 1840 4806 opem
1871 4737 1953 4792 fe-

378 4826 535 4881 rebas
562 4841 656 4894 per
690 4825 1080 4890 sacerdotium,
1105 4827 1186 4881 sic
1211 4842 1375 4893 nunc,
1405 4842 1530 4882 cmn
1561 4829 1743 4898 iniqua
1769 4845 1951 4899 geras,

376 4917 686 4973 vulneratos
715 4917 769 4972 in
807 4917 949 4972 bello
999 4916 1273 4971 medicare
1309 4917 1393 4971 l'ac
1418 4917 1618 4971 valeas.
1674 4917 1953 4989 lmprope-

379 5010 566 5064 rabant
597 5009 744 5063 enim
779 5009 886 5063 illis
929 5023 1073 5078 saepe
1102 5008 1154 5062 in
1199 5008 1399 5077 praeliis
1423 5023 1544 5062 cum
1580 5010 1827 5066 hnstibus
1860 5011 1952 5065 ha-

377 5101 505 5156 hitis
538 5101 764 5156 salutem
803 5115 898 5154 eos
928 5102 1152 5168 adeptos
1184 5101 1253 5154 ob
1290 5100 1695 5168 prophetarum,
1750 5101 1843 5170 qui
1881 5099 1953 5155 ibi

379 5193 714 5257 habitabant,
747 5192 959 5257 merita,
990 5207 1054 5247 ac
1087 5193 1131 5246 si
1168 5193 1376 5247 diceret
1407 5211 1420 5247 :
1460 5192 1617 5247 Nunc
1643 5208 1762 5263 qua:
1790 5194 1955 5262 impie

379 5285 516 5354 agis,
558 5283 824 5338 idolorum
859 5291 1010 5338 utere
1043 5285 1248 5339 auxilio
1283 5285 1334 5338 in
1376 5285 1538 5340 rebus
1569 5285 1952 5355 prmsentibus,

379 5387 435 5430 et
461 5375 726 5430 auxiliare
747 5373 1024 5446 Egyptio,
1052 5391 1214 5446 quem
1249 5382 1441 5434 ducem
1475 5379 1740 5449 sequeris.

452 5561 567 5618 Hoc
596 5563 762 5618 etiam
807 5565 1012 5621 ironice
1052 5567 1148 5622 ait.
1176 5566 1310 5623 Nam
1334 5567 1596 5638 quidquid
1635 5570 1954 5638 tentaveris,

372 5662 437 5719 et
463 5669 814 5723 quoscunque
839 5657 1134 5715 auxiliares
1162 5658 1467 5721 vocaveris,
1498 5657 1658 5713 inane
1680 5660 1804 5714 erit.

459 5743 620 5802 Vens.
655 5745 742 5800 l2.
772 5747 911 5814 Quia
951 5761 1212 5819 pugnator
1235 5755 1485 5806 adversus
1515 5763 1878 5820 pngnatorem.

453 5830 568 5890 Hoc
598 5845 703 5905 εει,
735 5845 788 5892 et
815 5837 1134 5898 auxiliarius
1163 5853 1217 5898 et
1251 5845 1500 5914 princeps
1526 5845 1578 5898 in
1615 5844 1841 5912 idipsum
1878 5858 1959 5896 ce-

2058 4640 2236 4706 πόλις,
2266 4641 2349 4695 διό
2376 4657 2547 4711 φησι·
2603 4639 2759 4695 Λάϐε
2773 4641 3055 4708 ῥητίνην,
3089 4639 3396 4703 τουτέστιν,
3430 4639 3641 4708 ἐμπλα-

2059 4749 2240 4804 στρον.
2279 4735 2397 4787 Ἵνα
2431 4733 2562 4803 εῖπη
2583 4772 2598 4797 ,
2635 4735 2726 4797 Ὧς
2751 4734 2920 4787 πάλαι
2949 4731 3254 4786 εὐσεϐοῦσα
3285 4732 3531 4803 season;
3559 4730 3639 4801 τῷ

2056 4825 2170 4895 λαῷ
2197 4825 2284 4878 διὰ
2313 4826 2417 4896 τῆς
2443 4827 2745 4896 ίερατείας,
2779 4826 2922 4879 οὓτω
2957 4825 3054 4879 νῦν
3099 4825 3497 4896 παρανομοῦσα
3545 4824 3638 4878 δυ·-

2058 4918 2250 4987 νήθητι
2273 4917 2528 4972 ίάσασθαι
2549 4919 2674 4982 τοὺς
2693 4937 2720 4971 τ
2729 4917 3202 4990 ραυματισθέντας
3220 4919 3279 4971 ὲν
3300 4917 3378 4988 τῷ
3396 4918 3637 4988 πολέμῳ·

2058 5009 2334 5074 ὠνείδιζον
2363 5011 2420 5063 δὲ
2450 5011 2661 5075 αὐτοῖς,
2686 5010 2762 5074 ὡς
2797 5009 3060 5072 πολλάκις
3095 5009 3184 5062 διὰ
3207 5009 3507 5081 προφητῶν
3529 5011 3640 5062 τῶν

2059 5102 2248 5155 αὐτόθι
2273 5103 2677 5156 κατοικούντων
2723 5103 2825 5173 τῆς
2880 5103 3161 5173 σωτηρίας
3202 5101 3546 5168 ἀξιωθέντων
3579 5102 3640 5156 ἐν

2055 5199 2180 5256 ταῖς
2196 5196 2332 5267 πρὸς
2356 5198 2483 5260 τοὺς
2509 5197 2793 5261 ἐναντίους
2833 5196 3056 5266 μάχαις.
3093 5197 3212 5249 Ἵνα
3241 5194 3392 5266 εἴπῃ,
3417 5195 3499 5248 ὅτι
3523 5192 3640 5248 Νῦν

2058 5287 2355 5352 ἁσεϐοῦσα,
2395 5289 2602 5359 χρῆσαι
2657 5289 2721 5342 ὲκ
2765 5291 2864 5359 τῆς
2905 5288 3016 5342 τῶν
3064 5287 3300 5343 εἰδώλων
3342 5287 3640 5357 συνεργίας

2057 5383 2170 5444 τοῖς
2199 5380 2609 5452 προκειμένοις,
2645 5381 2741 5434 καλ.
2785 5379 3056 5452 βοήθησον
3101 5379 3180 5452 τῷ
3231 5379 3537 5449 Αἰγυπτίῳ,
3581 5379 3640 5433 ὃν

2060 5472 2372 5542 προστάτην
2401 5474 2512 5542 ἡγῇ
2525 5509 2537 5524 .

2134 5563 2245 5616 Καὶ
2272 5563 2436 5616 τοῦτο
2487 5563 2918 5635 εἰρωνευόμενος
2947 5580 2962 5595 ο
3001 5565 3084 5619 ὅτι
3138 5566 3240 5618 ὅσα
3272 5563 3338 5618 ἂν
3384 5565 3638 5633 ποιήσῃς,

2063 5655 2156 5708 καὶ
2189 5656 2510 5725 συμμάχους
2541 5656 2701 5719 ὅσους
2756 5656 2823 5710 ἂν
2857 5657 3117 5730 καλέσῃς,
3158 5657 3333 5711 ταῦτα
3385 5655 3636 5727 περιττά.

2137 5747 2266 5800 Ὅτι
2295 5746 2574 5816 μαχητὴς
2609 5749 2761 5817 πρὸς
2780 5750 3066 5820 μαχητήν
3094 5750 3427 5819 ἠσθένησε.

2138 5837 2422 5907 Τουτέστι,
2455 5841 2549 5894 καὶ
2571 5843 2598 5895 ὁ
2638 5840 2946 5913 σύμμαχος,
2974 5843 3068 5897 καί
3098 5840 3394 5909 ὁέξαρχος,
3429 5837 3529 5894 ἐπὶ
3571 5836 3639 5891 τὸ
