4084 6456
436 399 571 454 M91

1547 390 1980 449 FRAGMENTA
2018 389 2086 445 1N
2125 390 2499 446 JEREMlAM.

3577 396 3718 452 402'!

423 514 572 568 αὐτὸ
617 509 851 565 ἔπεσον
899 507 1246 578 ἀμφότεροι·
1283 508 1374 561 ἵνα
1413 507 1569 578 εἴπῃ,
1631 505 1824 569 Οὐδεὶς
1856 522 2015 576 περι-

2128 505 2367 558 ciderunt
2413 505 2643 573 utrique.
2678 504 2847 572 Quasi
2874 491 3086 564 diceret
3120 526 3134 562 :
3166 508 3357 565 Nullus
3393 521 3461 566 ex
3511 512 3594 567 his
3621 515 3714 582 qui

421 609 651 680 ελείφοη
674 610 786 662 τῶν
811 611 954 678 μετά
982 607 1076 660 τοῦ
1101 603 1319 674 Νεχαώ.
1357 603 1504 668 Ἕως
1529 603 1721 655 τούτου
1748 606 1816 656 τά
1848 601 2018 655 πάλαι

2128 609 2246 648 cum
2297 594 2518 650 Nechao
2556 606 2737 660 erant,
2793 600 3079 654 remansit.
3137 599 3432 672 liuettsqne
3480 603 3717 672 antiqme

425 703 692 776 διηγητά,
732 704 830 756 καὶ
874 701 1063 756 λοιπὸν
1095 701 1331 772 ἄρχεται
1383 698 1488 769 τῆς
1536 697 1657 750 κατ’
1699 696 2019 766 Αἰγυπτίων

2128 689 2494 753 narrationes,
2519 699 2578 744 et
2616 689 2742 744 hinc
2765 701 2954 745 contra
2977 691 3268 764 Egyptios
3305 695 3530 750 visionis
3563 697 3717 752 ducit

423 798 694 860 ὁράσεως.

567 815 642 849 εω
680 835 694 848 .

459 815 570 941 9:66
607 815 859 955 δῗάδηλον
882 884 986 955 τῆς
1016 884 1330 956 συμφορᾶς,
1364 883 1448 937 ὅτι
1495 881 1809 952 ἠσθένησαν
1863 881 1921 933 ἐν
1948 881 2016 950 τῇ

425 980 764 1053 παρατάξει.

499 1075 834 1141 Ἐπίστηθι,
897 1071 995 1125 καὶ
1047 1069 1377 1138 ἐτοίμασον
1412 1065 1668 1137 σεαυτῇ,
1735 1066 1828 1120 ὅτι
1873 1082 2018 1119 κατ-

424 1168 612 1238 έφαγε
629 1165 898 1237 μάχαιρα
928 1163 1043 1232 τὴν
1072 1161 1346 1231 σμίλακα
1369 1178 1510 1216 σου.

500 1258 786 1321 Τουτέστι,
827 1257 928 1326 τὴν
973 1255 1207 1326 δύναμίν
1263 1271 1383 1316 σου,
1424 1253 1457 1323 ἢ
1510 1253 1611 1324 τὴν
1665 1249 1971 1318 ἀσφάλειαν
2001 1263 2016 1279 ο

427 1353 702 1423 ἐχρήσατο
731 1349 788 1401 δέ
824 1347 1133 1418 μεταφορᾷ.
1186 1345 1398 1416 Σμίλαξ
1445 1343 1555 1414 γὰρ
1597 1341 1810 1397 ἀκανοά
1862 1340 2013 1392 ἐστιν

427 1447 522 1499 ἐπ)⁸
553 1444 688 1497 πολὺ
715 1441 1094 1510 ἐκτεινομένη,
1125 1432 1159 1513 ᾖ
1191 1438 1491 1508 κέχρηνται
1513 1434 1753 1506 μάλιστα
1801 1433 1858 1484 ἐν
1906 1431 2021 1494 τοῖς

427 1538 645 1610 ἀγροῖς,
671 1536 722 1588 οἱ
759 1533 1054 1604 φραγμοὺς
1087 1528 1393 1592 ποιοῦντες,
1428 1527 1517 1580 διὰ
1550 1525 1612 1578 τὸ
1656 1523 2022 1595 περιπλοκαῖς

428 1627 738 1701 κεχρῆσθαι
763 1624 1012 1689 πολλαῖς,
1048 1623 1146 1677 καὶ
1179 1621 1404 1692 ἀσφαλῆ
1427 1620 1519 1674 τὸν
1552 1617 1813 1691 φραγμὸν
1849 1614 2021 1687 ἐργά-

430 1723 643 1789 ζεσθαι.

502 1815 630 1868 Ὅτι
661 1813 946 1883 κατέφαγε
975 1809 1228 1883 μάχαιρα
1255 1807 1355 1878 τὴν
1390 1805 1634 1877 σμίλακά
1659 1820 1784 1856 σου·
1819 1801 2020 1874 βοτάνη

429 1905 548 1958 ἐστὶ
588 1904 765 1958 πάντα
801 1901 1262 1973 κατατρώγουσα.

503 1995 671 2049 Atat!
704 1994 934 2064 ἔφυγεν
973 1995 1005 2047 ὀ
1037 1993 1275 2062 μόσχος
1305 2005 1423 2043 σου
1448 1990 1480 2042 ό
1519 1986 1842 2050 ἐκλεκτός;

514 2086 604 2150 Ὦς
643 2085 782 2156 πρὸς
821 2083 1118 2146 Ἰουδαίους
1162 2082 1336 2150 λέγει.
1372 2079 1592 2148 Μόσχον
1644 2077 1701 2130 δε
1740 2077 1892 2144 λέγει
1931 2075 2022 2128 τὸν

431 2178 755 2246 Αἰγύπτιον,
791 2176 867 2240 ὡς
895 2175 1142 2246 ἰσχυρόν.
1175 2172 1397 2242 Ἐπειδὴ
1443 2170 1705 2241 τοιαύτην
1744 2171 1878 2242 περὶ
1925 2168 2023 2221 αὺο

429 2271 525 2325 τοῦ
547 2270 647 2341 τὴν
679 2267 950 2339 ὑπόληψιν
983 2262 1154 2338 εἶχον.
1177 2262 1312 2320 Εἶτα
1335 2267 1368 2336 ἡ
1405 2263 1556 2318 αἰτία
1578 2280 1593 2294 ·

506 2365 629 2418 Οὐκ
657 2364 918 2432 ἔμεινεν,
945 2361 1035 2415 ὅτι
1063 2361 1278 2429 Κύριος
1301 2357 1656 2427 παρέλυσεν
1689 2355 1900 2411 αὐτόν.

501 2458 578 2514 Οὐ
606 2457 716 2528 γάρ
732 2457 798 2527 τῇ
823 2452 919 2508 τοῦ
940 2453 1076 2507 Θεοῦ
1099 2454 1375 2527 ἀποφάσει
1417 2451 1651 2522 ἠδύνατο
1679 2447 2019 2519 ἀντιστῆναι.

513 2641 574 2696 Ὅ
597 2640 854 2712 βασιλεύς
917 2657 1035 2703 σου,
1078 2636 1449 2707 ἀληθέστερον
1497 2635 1554 2687 δέ
1601 2636 1630 2687 ὁ
1679 2635 1804 2700 θεὸς
1851 2636 2024 2706 Δίγυ-

433 2734 630 2801 πτίων,
667 2735 695 2786 ὁ
717 2735 885 2797 Ἀπις
909 2748 923 2762 ⁸
958 2731 1102 2786 οὕτω
1131 2730 1240 2800 γὰρ
1271 2729 1500 2782 ἐκάλουν
1519 2729 1611 2781 τὸν
1643 2729 1866 2800 μόσχον,
1899 2729 2028 2800 ἀχυ-

436 2829 678 2899 ροφάγον
709 2827 840 2880 ὄντα
869 2825 964 2880 καὶ
987 2824 1121 2878 Θεὸν
1155 2821 1542 2892 νομιζόμενον.

505 2920 816 2984 Ἕκαστος
848 2917 1002 2984 πρὸς
1029 2919 1138 2969 τὸν
1189 2915 1464 2982 πλησίον
1502 2913 1692 2966 αὐτοῦ
1736 2912 2026 2977 ἐλάλουν,

434 3011 534 3065 καὶ
573 3006 770 3064 εἷπον·
819 3007 1216 3078 Ἀναστῶμεν,
1242 3009 1340 3061 καὶ
1375 3006 1850 3077 ἀναστρέψωμεν
1879 3009 2030 3076 πρὸς

431 3104 540 3158 τὸν
571 3101 727 3158 λαὸν
761 3101 933 3171 ἡμῶν
953 3101 1070 3158 ἀπὸ
1096 3100 1428 3170 προσώπου
1466 3101 1772 3170 μαχαίρας
1809 3099 2029 3168 Ἐλλη-

432 3195 633 3266 νικῆς.

504 3294 601 3360 Τὸ,
650 3293 934 3358 ἕκαστος,
1002 3291 1285 3356 τουτέστι,
1361 3290 1471 3344 τῶν
1525 3291 1854 3361 συμμάχων.
1909 3291 2027 3344 Ἵνα

432 3386 589 3456 εῐπγγ
626 3386 690 3437 Ἔ
703 3401 914 3452 γνωσαν
943 3384 1067 3437 τότε
1097 3384 1277 3452 μάτην
1307 3381 1732 3451 ἐπικουροῦντες
1765 3383 1841 3448 τῷ
1861 3384 2030 3449 Λίγυ-

432 3477 597 3547 πτίῳ.
621 3477 695 3528 Τὸ
713 3477 791 3539 δὲ,
813 3475 934 3529 ἀπὸ
955 3473 1284 3542 προσώπου
1303 3490 1389 3541 μα
1395 3473 1607 3540 χαίρας
1633 3471 2025 3539 Ἑλληνικῆς,

434 3569 534 3620 οὐκ
567 3565 745 3628 ἄλλως
779 3565 891 3636 [ἵσ.
959 3567 1019 3617 οὐ
1070 3563 1280 3635 καλῶς]
1343 3566 1716 3635 ἡρμήνευται.
1803 3563 1861 3616 Ὀ
1919 3565 2028 3633 γάρ

446 3657 700 3727 Ἐϐραῖος
729 3656 905 3718 οὕτως
940 3655 1090 3725 ἔχει·
1136 3655 1282 3709 Ἀπὸ
1317 3657 1624 3724 μαχαίρας
1676 3653 1881 3720 ὀξείας
1928 3654 2028 3708 καὶ

434 3747 728 3819 σφοδρᾶς.
764 3749 957 3802 Ἔστιν
983 3748 1042 3802 δὲ
1082 3747 1368 3802 κάνταῦθα
1410 3746 1518 3800 ἀπὸ
1553 3747 1657 3816 τῆς
1702 3747 2028 3816 ἐπωνυμίας

435 3841 469 3910 ἡ
503 3837 778 3910 ἐναλλαγὴ
816 3838 918 3907 τῆς
946 3837 1268 3908 ἑρμηνείας.
1297 3836 1370 3889 Τὸ
1423 3835 1531 3906 γὰρ
1581 3835 1877 3889 Ἰωάνναν
1928 3853 2028 3908 ση-

437 3931 624 4001 μαίνει
658 3929 987 3996 ”Ελληνες,
1018 3926 1208 3998 ἐπειδὴ
1247 3927 1356 3980 άπὸ
1383 3926 1580 3978 τούτου
1621 3927 1831 3990 Ἴωνες.
1875 3926 1949 3981 Τὸ
1969 3927 2027 3981 δὲ

433 4023 581 4078 ὶῶνα
608 4023 868 4094 σημαίνει
902 4022 962 4074 τὸ
993 4021 1106 4086 ὀξὺ
1137 4021 1234 4074 καὶ⁹
1286 4020 1597 4090 τμητικόν.
1634 4019 1767 4072 Ἀπὸ
1797 4015 1889 4074 οὖν
1927 4021 2029 4092 τῆς

431 4116 776 4187 ὁμοιότητος,
806 4115 929 4168 ἀντὶ
957 4115 1073 4174 τοῦ,
1100 4114 1414 4182 Μαχαίρας
1456 4111 1681 4179 ὀξείας,
1708 4115 2029 4185 Mala/pag

446 4204 816 4276 Ἑλληνικῆς
837 4206 1217 4277 ήρμήνευσαν.

503 4300 670 4371 Ὅρα,
701 4299 820 4361 πῶς
853 4298 1034 4352 πάντα
1073 4295 1323 4368 ἀκριϐῶς
1351 4295 1669 4368 διαγράφει,
1705 4297 1803 4351 καὶ
1855 4297 2030 4353 ἐνδια-

430 4393 614 4466 τρίϐει
653 4393 762 4447 ἀπὸ
783 4392 877 4446 τοῦ
903 4392 1111 4463 σφόδρα
1141 4391 1390 4464 θαρρεῖν.

553 4487 868 4543 Καλέσατε
915 4487 985 4542 τὸ
1021 4486 1212 4556 ὄνομα
1250 4485 1462 4556 Φαραὼ
1500 4485 1814 4553 ,βασιλέως
1855 4487 2030 4557 Αίγύ-

2125 783 2478 850 principium.

2197 872 2381 928 Palam
2415 875 2554 929 facta
2585 873 2889 941 calamitas,
2923 875 2976 931 in
3006 878 3125 932 acie
3152 877 3501 934 defecerunt.

2193 1061 2358 1118 Vnus.
2394 1063 2480 1117 M.
2514 1063 2636 1126 Sta,
2678 1074 2724 1118 et
2747 1081 2991 1134 prwpara
3019 1066 3283 1136 tibi,quia
3307 1067 3716 1138 devoravitgla-

2121 1157 2241 1209 dius
2264 1156 2530 1209 smilacem
2557 1169 2724 1209 luam.

2198 1247 2468 1302 Virtutem
2499 1257 2646 1301 tuam
2683 1263 2898 1317 nempe,
2931 1248 3014 1303 vel
3044 1250 3394 1304 securitatem
3425 1267 3440 1304 :
3475 1265 3605 1304 usus
3635 1260 3721 1305 est

2126 1353 2308 1396 autem
2338 1344 2680 1411 metaphora.
2709 1341 2916 1396 Smilax
2943 1341 3086 1395 enim
3111 1352 3194 1396 est
3216 1343 3392 1412 spina,
3418 1359 3536 1411 qua:
3567 1343 3720 1398 valde

2124 1433 2462 1498 extenditur,
2495 1449 2671 1504 eaque
2711 1443 2942 1486 utuntur
2975 1435 3066 1504 qui
3121 1449 3283 1501 agros
3330 1435 3552 1505 sepihns
3606 1437 3719 1488 cir-

2125 1528 2405 1589 cumdant,
2437 1526 2684 1596 plurimis
2707 1526 2853 1580 enim
2883 1526 3344 1597 circumplexibus
3371 1535 3516 1582 tutas
3541 1528 3720 1583 reddit

2126 1633 2305 1689 sepes.

2195 1803 2463 1872 Quoniam
2493 1804 2775 1860 devoravit
2802 1805 3014 1876 gladius
3037 1806 3320 1862 smilacem
3347 1815 3526 1876 tuam;
3554 1809 3721 1865 herba

2126 1909 2210 1953 est
2233 1898 2413 1951 omnia
2448 1899 2765 1952 cort'odens.

2197 1989 2361 2044 Vens.
2399 1991 2482 2045 l5.
2522 1992 2706 2056 Quare
2727 1993 2862 2063 fugit
2891 1993 3082 2047 vitulus
3119 2004 3242 2047 tuus
3268 1993 3464 2048 electus
3491 1995 3517 2047 Ρ

2209 2085 2287 2137 ΑιΙ
2312 2082 2537 2139 Jmtmos
2570 2096 2782 2154 spectat
2806 2087 2893 2142 hic
2927 2102 3128 2142 sermo.
3157 2085 3396 2142 Vitulum
3429 2098 3608 2142 autem
3630 2095 3725 2157 ap-

2126 2175 2292 2245 pellat
2345 2175 2662 2247 (Egyptian:
2717 2177 2792 2231 uti
2855 2177 3082 2242 fortem,
3159 2196 3285 2233 cum
3347 2180 3509 2236 talem
3569 2181 3722 2236 illum

2128 2267 2414 2323 haberent.
2445 2269 2712 2340 Deinceps
2745 2269 2906 2324 all‘ert
2942 2272 3209 2326 rationem
3247 2290 3260 2326 :

2203 2363 2322 2416 Λόη
2355 2363 2607 2432 perstitit,
2635 2364 2760 2432 quia
2794 2363 3052 2418 Dominus
3095 2364 3340 2419 dissolvit
3368 2379 3514 2420 eum.

2199 2453 2385 2522 Neque
2441 2457 2586 2508 enim
2629 2455 3072 2511 determinationi
3119 2457 3320 2511 divin-.2
3367 2465 3576 2526 poterat
3633 2472 3723 2512 reo

2127 2546 2348 2601 sistere.

2201 2639 2315 2692 ltex
2353 2649 2496 2707 tuus,
2535 2639 2663 2704 imo,
2687 2638 2821 2708 Apis
2843 2638 3224 2711 .Egyptinrum
3253 2641 3424 2707 deus;
3465 2642 3544 2696 sic
3571 2639 3718 2696 enim

2129 2730 2360 2784 vitulum
2395 2730 2660 2784 vocabant
2705 2731 2890 2801 paleas
2934 2732 3341 2797 comedentem,
3385 2743 3440 2788 et
3470 2748 3568 2802 pro
3606 2733 3718 2787 Deo

2131 2823 2402 2878 habitum.

2196 2914 2358 2968 Vens.
2405 2913 2494 2970 16.
2533 2912 2901 2986 Unusquisque
2925 2917 2994 2969 ad
3028 2919 3332 2986 proximum
3368 2933 3522 2971 suum
3547 2919 3727 2988 taque-

2133 3009 2346 3071 bnntur,
2373 3017 2420 3061 et
2445 3009 2692 3061 dixerunt
2721 3023 2740 3061 :
2779 3007 3096 3079 Surgamus,
3121 3021 3167 3063 et
3191 3021 3520 3064 revertamur
3541 3013 3608 3062 ad
3629 3026 3726 3079 po-

2131 3100 2313 3171 pulant
2338 3109 2581 3154 nostrum
2606 3117 2637 3153 a
2677 3099 2816 3170 [acie
2839 3101 3007 3170 gladii
3031 3099 3228 3156 Gra'ci.

2208 3288 2580 3358 Unusquisque
2611 3287 3004 3343 {cederatorum
3039 3302 3254 3356 nempe.
3278 3287 3443 3355 Quasi
3467 3287 3677 3343 diceret
3708 3303 3724 3346 τ

2132 3380 2283 3433 Tunc
2309 3381 2510 3434 frustra
2542 3395 2602 3434 se
2641 3377 2916 3450 Aﬁgyptiis
2943 3380 3196 3434 auxiliari
3235 3389 3632 3450 c0gnoverunt.
3657 3381 3729 3434 ll-

2131 3472 2218 3526 lutl
2253 3487 2405 3536 vero,
2439 3491 2468 3524 a
2493 3473 2628 3540 facie
2653 3473 2824 3540 gladii
2858 3471 3051 3537 Gra'ci,
3085 3488 3188 3526 non
3224 3485 3372 3527 recte
3400 3473 3726 3542 interpreta-

2132 3576 2242 3619 tum
2273 3574 2376 3618 est.
2424 3564 2684 3620 llebrmus
2715 3566 2858 3620 enim
2893 3567 2963 3619 ita
3000 3567 3166 3620 habet
3214 3583 3227 3620 :
3265 3571 3301 3620 Α
3348 3567 3531 3636 gladio
3562 3576 3722 3620 acuto

2128 3667 2174 3711 et
2208 3657 2455 3712 violento.
2509 3656 2680 3712 Porro
2729 3665 2784 3711 et
2818 3657 2905 3712 hic
2959 3659 3242 3713 nominum
3293 3659 3594 3714 similitudo
3642 3659 3725 3712 di-

2130 3751 2444 3805 versitatem
2480 3749 2949 3819 interpretationis
3004 3752 3237 3820 peperit.
3293 3750 3507 3804 Etenim
3545 3749 3722 3803 Joan-

2131 3857 2265 3908 nam.
2306 3840 2577 3908 signiﬁcat
2653 3837 2887 3904 ercos,
2937 3856 3057 3894 cum
3114 3843 3179 3895 ab
3235 3841 3339 3894 hoc
3403 3840 3565 3895 Iones
3617 3840 3721 3892 orti

2129 3935 2255 3988 sint.
2310 3932 2454 3986 Jona
2489 3948 2617 3988 vero
2659 3933 2930 4003 signiﬁcat
2994 3942 3232 3997 acutum,
3281 3944 3335 3987 et
3373 3934 3568 3987 habens
3620 3933 3724 3986 rint

2127 4027 2344 4080 secandi
2383 4040 2404 4080 :
2445 4042 2474 4078 a
2523 4026 2884 4082 similitudine
2925 4028 3108 4098 itaque
3171 4042 3270 4097 pro
3313 4025 3492 4096 gladio
3542 4035 3722 4092 acuto,

2128 4116 2364 4188 gladium
2403 4134 2635 4190 gra'cum
2666 4119 3012 4190 interpretati
3038 4129 3185 4174 sunt.

2199 4299 2365 4366 Vide,
2399 4309 2458 4356 ut
2489 4313 2685 4358 exacte
2719 4302 2903 4357 omnia
2953 4301 3253 4367 describat,
3291 4302 3722 4374 immoretnrqne

2129 4391 2270 4459 quod
2307 4391 2620 4446 certissima
2646 4391 2719 4445 illi
2746 4391 2876 4448 sint.

2207 4485 2223 4505 ‘
2250 4479 2413 4536 Vens.
2436 4482 2526 4536 17.
2552 4481 2752 4537 Vocate
2771 4499 2957 4538 nomen
2980 4481 3282 4539 Pharaonis
3317 4487 3454 4558 regis
3475 4485 3722 4557 lEgypti,

431 4597 588 4638 πτου
614 4623 630 4648 ,
684 4581 932 4648 Σανωὲ,
1010 4579 1234 4651 Ἐϐτιρὲ,
1291 4582 1578 4651 Ἐλμοὴθ,
1621 4579 1828 4649 καιρὸς
1874 4593 2021 4649 παρ-

2131 4570 2326 4638 Sanoe,
2358 4570 2539 4638 Ebire,
2570 4571 2839 4641 Elmoeth,
2860 4583 3065 4644 tempus
3082 4576 3319 4632 transiit.

429 4677 689 4746 εγένετο.

501 4768 568 4820 Αἱ
599 4765 774 4832 λέξεις
801 4759 964 4819 αὗται
997 4765 1108 4818 εἰσὶ
1141 4765 1242 4835 μέν
1281 4763 1593 4836 Ἑϐραῖκαί.
1644 4764 1946 4836 Ἑρμηνεία
1971 4764 2029 4819 δέ

430 4878 550 4926 πως
580 4855 719 4913 εἶναι
753 4858 904 4912 δοκεῖ
930 4859 1041 4912 τῶν
1071 4856 1274 4922 λέξεων
1305 4857 1388 4910 τό·
1429 4858 1644 4927 Καιρὸς
1681 4856 2024 4929 ἀπεγένετο.

430 4953 504 5007 Τὸ
533 4952 640 5024 γὰρ
662 4951 844 5019 Σαὸν,
867 4947 1026 5021 ἦχον
1056 4950 1336 5020 σημαίνει,
1373 4950 1557 5014 εἰονεὶ,
1593 4950 1652 5002 τὸ
1675 4950 2024 5016 ἐξάκουστον,

429 5045 526 5099 καὶ
555 5045 890 5116 περεφημον.
915 5043 990 5096 Τὸ
1020 5041 1076 5095 δέ
1109 5039 1308 5108 Ἐϐῆρ,
1339 5039 1669 5109 παρῆλθες.
1703 5041 1776 5092 Τὸ
1791 5041 1849 5094 δὲ
1895 5040 2027 5095 Ἕλο

423 5135 610 5204 μοὴθ,
653 5135 1086 5204 παραγέγονεν.
1139 5132 1261 5186 Ἵνα
1303 5127 1397 5184 οῦν
1441 5132 1593 5197 εῑπη,
1625 5131 1707 5183 ὅτι
1756 5131 1784 5182 ὁ
1824 5131 2028 5202 Φαραὼ

428 5227 780 5294 ἐξάκουστος,
817 5227 913 5280 καὶ
944 5223 1224 5294 πανταχοῦ
1263 5225 1330 5294 τῇ
1362 5221 1491 5295 δόξῃ
1523 5221 1798 5292 βοώμενος
1818 5265 1832 5288 ,
1868 5215 2026 5287 οὗτος

427 5315 527 5384 τῆς
566 5316 882 5387 προσούσης
903 5315 1132 5382 ἐξέπεσε
1162 5313 1350 5383 τιμῆς,
1381 5315 1477 5367 καὶ
1507 5309 1610 5384 ἧκε
1641 5313 1741 5382 τῆς
1769 5313 1893 5366 κατ’
1922 5315 2024 5368 αὐ-

424 5404 524 5459 τοῦ
554 5407 886 5476 ἀποφάσεως
918 5408 946 5460 ὁ
972 5406 1189 5476 καιρός.
1223 5405 1296 5458 Τὸ
1314 5405 1393 5468 δὲ,
1421 5403 1736 5458 Καλέσατε
1757 5405 1822 5460 τὸ
1834 5406 2025 5478 ὄνομα

425 5497 636 5561 αὑτοῦ,
665 5497 806 5550 κατὰ
832 5496 895 5550 τὸ
919 5497 1019 5567 τῆς
1041 5496 1190 5559 Θείας
1223 5497 1450 5569 Γραφῆς
1499 5495 1718 5566 ἰδίωμα,
1757 5496 1819 5550 τὸ
1851 5497 2025 5571 ὄνομα

426 5590 552 5645 ἀντὶ
580 5591 908 5660 πράγματος
944 5589 1160 5643 ἐλαϐεν.

493 5684 701 5756 Καιρὸς
728 5683 1087 5756 παρεγένετο,
1115 5683 1214 5736 σὺν
1233 5685 1448 5756 ταραχῇ
1465 5679 1618 5756 ἦχος,
1645 5687 2017 5759 παραχθέντα,

427 5778 552 5850 ἦτοι
602 5776 740 5848 περὶ
773 5777 1054 5846 συνθήκας
1105 5776 1407 5846 ἀγνώμονα
1457 5778 1626 5832 αὐτόν
1678 5797 1814 5850 φησι
1863 5799 2022 5851 γεγε-

427 5870 640 5939 νῆσθαι.
671 5871 888 5944 Ὠσπερ
915 5871 1064 5925 ἐστὶν
1089 5869 1119 5923 ὁ
1161 5871 1364 5942 Θαδὼρ
1391 5874 1453 5928 ἐν
1476 5875 1590 5938 τοῖς
1618 5873 1793 5944 ὄρεσι,
1820 5876 1915 5930 καὶ
1943 5877 2022 5940 ὡς

2206 4759 2486 4815 Dictiones
2552 4759 2635 4814 ha:
2663 4771 2786 4814 sunt
2819 4758 3118 4815 llehraicse.
3151 4760 3533 4831 Interpretatto
3596 4777 3726 4818 vero

2131 4852 2431 4908 dictionum
2464 4853 2682 4908 videtur
2708 4852 3113 4923 quodammodo
3138 4868 3261 4909 esse
3295 4855 3426 4909 illud
3455 4872 3468 4908 :
3499 4854 3724 4926 Tempus

2131 4947 2370 5002 transiit.
2405 4947 2620 5000 Etenim
2678 4946 2826 5002 Saon
2882 4965 3070 5002 sonum
3112 4949 3722 5021 signiﬁcat,insignem

2135 5039 2419 5106 videlicet,
2451 5047 2504 5094 et
2564 5038 2714 5094 fama
2743 5057 2938 5111 magna
2979 5049 3189 5097 notum.
3223 5040 3388 5109 Eber,
3431 5044 3720 5110 transiisti,

2133 5129 2378 5186 Elmoetlt
2404 5135 2683 5201 prwteriit.
2711 5131 2791 5188 Ac
2823 5133 2870 5188 si
2902 5133 3134 5200 diceret,
3166 5133 3380 5189 Pharao
3412 5137 3591 5206 magni
3628 5151 3726 5190 no-

2131 5224 2314 5291 minis,
2344 5234 2397 5279 et
2427 5225 2629 5296 ubique
2682 5228 2953 5280 terrarum
2991 5225 3163 5295 gloria
3207 5226 3474 5294 volitans;
3517 5227 3604 5282 hic
3629 5228 3722 5282 de-

2128 5317 2304 5372 bitum
2361 5317 2468 5373 sibi
2525 5318 2793 5374 honorem
2831 5318 3038 5384 amisit,
3075 5329 3130 5373 et
3163 5318 3451 5374 sententiae
3483 5319 3535 5373 in
3595 5335 3718 5374 eum

2126 5408 2250 5464 lata:
2283 5419 2494 5480 tempus
2521 5411 2758 5465 advenit.
2791 5408 2985 5464 Vocate
3035 5427 3223 5464 nomen
3253 5411 3390 5480 ejus,
3422 5413 3719 5467 secundum

2127 5505 2325 5560 divina:
2387 5503 2690 5576 Scriptura:
2771 5505 3163 5574 preprietatem
3246 5519 3446 5562 nomen
3503 5521 3601 5576 pro
3664 5524 3723 5564 re

2125 5598 2376 5667 Sumpsit.

2197 5691 2435 5761 Tempus
2468 5692 2712 5757 advenit,
2747 5707 2871 5747 cum
2903 5693 3134 5748 tumultu
3182 5693 3464 5764 strepitus,
3500 5706 3528 5746 a
3567 5703 3719 5748 recto

2125 5783 2460 5850 abductum,
2506 5785 2587 5841 vel
2638 5783 2988 5856 fmdil’ragum
3036 5801 3162 5841 eum
3215 5787 3386 5842 fuisse
3433 5788 3528 5841 ait.
3563 5787 3716 5854 Quod

2125 5886 2210 5933 est
2237 5876 2456 5934 Thabor
2481 5877 2534 5932 in
2572 5877 2870 5948 montibus,
2911 5888 2968 5935 et
2990 5880 3134 5936 sicut
3161 5879 3446 5937 Carmelus
3473 5881 3525 5935 in
3558 5881 3716 5944 mari,
