4084 6442
440 394 587 453 1025

509 516 533 533 ”
558 514 694 569 Ὅτι
737 514 1168 586 ἐξολοθρεύσει
1192 517 1408 586 Κύριος
1422 534 1575 585 τους
1595 520 2033 591 Ἀλλοςρύλους.
2073 527 2111 589 Δ

435 606 584 674 τοὺς
611 609 1024 675 καταλοίπους
1049 607 1171 662 τῶν
1205 609 1418 677 νήσων
1448 610 1552 664 καί
1577 611 2030 679 Καππαδοκίας.

512 701 672 755 ’Ἤτοι
697 699 810 774 [Ion
835 701 1038 776 οὕτως]
1066 702 1168 772 τῆς
1195 704 1470 773 παραλίου
1500 705 1700 776 νήσους
1726 705 1908 773 καλεῖ,
1935 705 2034 760 καὶ

435 794 521 849 ὅτι
544 794 657 849 ἀπὸ
683 794 795 849 τῶν
823 796 1005 866 νήσων
1028 796 1220 850 αὐτόθι
1247 795 1581 868 κατῴκησαν
1606 796 2031 867 πολεμούμενοι,

437 888 654 952 ἑλόντες
700 890 829 953 τοὺς
881 888 981 961 ἤδη
1030 889 1298 961 πρότερον
1348 889 1744 953 κατοικοῦντας
1796 889 1989 944 αὐτόθι
2014 906 2031 923 θ

437 981 804 1052 ἐμμείναντες
826 980 884 1035 δὲ
912 980 991 1051 τῷ
1013 983 1183 1052 τόπῳ.
1216 982 1327 1035 Καὶ
1357 982 1757 1046 Καππαδοκίας
1778 981 1836 1036 δὲ
1857 982 2031 1049 λέγει,

436 1073 512 1140 ὡς
541 1076 913 1146 νενικηκότων
938 1075 1176 1141 τούτων,
1202 1076 1297 1131 καὶ
1325 1077 1601 1147 ἑλομένων
1626 1076 1820 1131 αὐτόθι
1846 1093 2033 1130 κατοι-

442 1172 579 1225 κεῖν.
640 1169 801 1224 Οὕτω
840 1170 951 1241 γὰρ
1003 1170 1100 1225 καὶ
1143 1168 1216 1224 δι’
1265 1170 1459 1241 ἑτέρου
1514 1173 1799 1241 προφήτου
1852 1169 2028 1238 λέγει·

442 1261 485 1315 Τ
485 1262 596 1328 οὺς
638 1263 1060 1332 Ἀλλοφύλους
1077 1263 1199 1318 ἀπὸ
1221 1262 1923 1334 Καππαδοκίαςῇγαγον.

509 1351 674 1408 "Hasse
697 1354 1071 1423 φαλακρωμα
1091 1353 1192 1408 ἐπὶ
1221 1352 1441 1414 Γάζανο
1474 1353 1780 1425 ἁηρῤίφη
1819 1354 2031 1412 Ἀσκά-

438 1445 584 1508 λων,
608 1443 708 1498 καί
737 1442 811 1498 τὰ
838 1445 1023 1500 ,λοιπὰ
1046 1444 1167 1499 τῶν
1199 1446 1271 1501 ἐν
1307 1445 1515 1516 Ἀκήμ.

517 1536 637 1591 Ἵνα
660 1537 813 1611 εἴπῃ,
838 1538 1043 1602 πάντες
1072 1538 1123 1591 oi
1154 1538 1388 1611 ἰσχυροί.

430 1698 449 1718 ο
508 1627 645 1695 Πῶς
665 1629 1000 1698 ήσυχάσει;

510 1722 791 1794 Πόρθησιν
825 1722 927 1793 μὲν
965 1722 1067 1795 τῆς
1108 1724 1416 1796 Ἰδουμαίας
1448 1725 1710 1796 προλέγει
1753 1727 1782 1783 ό
1816 1729 2035 1800 προφή-

1553 401 1983 461 FRAGMENTA
2032 401 2101 457 IN
2135 403 2508 461 JEREMIAM.

3587 419 3605 471 l
3616 417 3725 475 οεο

2215 525 2230 541 ⁸
2276 520 2445 576 Vsus.
2491 522 2547 577 4.
2603 520 2871 587 Quoniam
2925 525 3340 596 depopulabitur
3383 528 3524 586 Deus
3582 535 3736 593 Alla.

2135 614 2345 683 plu/los,
2379 615 2637 685 reliquias
2659 615 2983 685 insularum,
3016 630 3064 674 et
3088 619 3471 697 Cappadociae.

2209 706 2302 762 Sic
2332 710 2501 764 maris
2542 710 2708 765 vieini
2733 711 2943 773 insulas
2968 717 3238 783 nominat,
3274 725 3332 773 et
3371 722 3516 787 quod
3585 720 3729 778 bello

2139 800 2316 855 vexati
2332 816 2400 856 ex
2429 801 2622 858 insulis
2646 803 2717 859 ibi
2745 804 3084 873 habitarunt,
3106 808 3298 877 primis
3323 810 3728 869 habitatoribus

2135 892 2387 956 devictis.
2418 897 2828 967 manserintque
2853 897 2910 952 iu
2941 898 3033 954 illo
3057 900 3197 956 loco.
3223 901 3581 971 Cappatlocim
3600 922 3732 964 vero

2136 982 2290 1047 dicit,
2324 986 2479 1053 quasi
2501 986 2553 1040 hi
2579 1000 2698 1040 eam
2736 988 3016 1053 vicissent,
3036 1001 3092 1047 et
3150 993 3223 1047 ibi
3255 993 3506 1051 habitare
3550 998 3733 1068 elege-

2138 1076 2267 1129 rint.
2303 1074 2400 1132 Sic
2429 1078 2576 1133 enim
2605 1085 2660 1134 et
2690 1095 2788 1148 per
2808 1080 2973 1136 alium
3011 1086 3334 1154 prophetam
3368 1087 3542 1145 dicit:
3571 1091 3728 1144 Allo-

2132 1167 2317 1238 pliylos
2346 1185 2412 1225 ea:
2438 1169 2778 1241 Cappadocia
2811 1174 3103 1233 duxerunt.

2210 1352 2378 1413 Vsus.
2410 1358 2464 1412 5.
2510 1357 2662 1415 Venit
2690 1361 2967 1417 calvitium
2991 1368 3164 1434 'super
3197 1365 3399 1421 Gazam
3427 1382 3447 1421 :
3481 1380 3726 1440 projecta

2134 1455 2208 1499 est
2239 1447 2467 1501 Ascalon
2498 1457 2549 1502 et
2579 1450 2805 1520 reliqua,
2822 1468 2941 1521 quw
2959 1466 3080 1509 sum
3096 1455 3159 1509 in
3189 1456 3364 1512 Acint.

2205 1536 2285 1592 Ac
2308 1537 2354 1592 si
2383 1538 2617 1607 diceret,
2651 1555 2846 1597 omnes
2870 1544 3064 1601 fortes.

2200 1627 2367 1685 Vens.
2396 1630 2448 1686 7.
2485 1631 2762 1697 Quomodo
2786 1637 3064 1706 quiescet?

2203 1721 2441 1779 Idumeae
2466 1725 2829 1800 direptionem
2868 1731 3110 1799 praedicit
3146 1733 3436 1804 propheta,
3460 1745 3630 1804 quam
3669 1740 3726 1789 et

437 1833 558 1888 της·
581 1817 683 1888 τὴν
702 1816 761 1871 δὲ
790 1816 969 1888 αὐτήν
1004 1834 1141 1889 φησι
1170 1819 1265 1873 καὶ
1302 1818 1542 1891 Θαιμὰν,
1573 1821 1697 1892 ἥτις
1727 1821 1846 1875 ἐστὶ
1873 1820 2029 1893 χώρα

2136 1813 2415 1872 Thalnam
2466 1829 2647 1888 vocat,
2680 1836 2801 1893 qua:
2822 1822 2970 1880 Esau
3011 1825 3163 1898 regio
3193 1837 3299 1884 est.

436 1909 533 1965 τοῦ
581 1909 775 1966 Ἠσαῦ.

1018 2046 1275 2103 ΚΕΦΔΛ.
1310 2047 1457 2103 MH’.

503 2181 525 2203 ⁶
546 2178 958 2236 Ἇνεπαύσατο
986 2179 1170 2236 Μωὰό
1190 2181 1262 2236 ἐκ
1287 2181 1558 2249 παιδίου,
1589 2179 1690 2236 καί
1728 2178 2030 2248 πεποιθὼς

431 2269 512 2346 ἦν
533 2274 634 2330 ἐπὶ
659 2272 734 2343 τῇ
757 2273 910 2345 δόξῃ
940 2274 1156 2331 αὐτοῦ.
1496 2265 1502 2270 ’

508 2371 634 2425 Ὀτι
672 2369 764 2423 διὰ
809 2369 1015 2433 παντὸς
1049 2368 1378 2440 ἀπήλαυσεν
1419 2367 1720 2441 εὐθηνίας,
1747 2366 1846 2435 καὶ
1886 2368 1995 2440 ήσυ

430 2463 581 2534 χίας,
609 2461 708 2518 καὶ
735 2460 829 2516 διὰ
853 2459 1016 2516 τοῦτο
1045 2459 1221 2515 ταῦτα
1248 2459 1444 2527 ἔπαθε,
1463 2462 1532 2533 τῇ
1572 2459 1845 2533 εὐπαθείᾳ
1888 2459 2029 2531 πρὸς

428 2558 587 2613 οὐδὲν
613 2556 736 2611 δέον
759 2556 1130 2629 χρησάμενος.

498 2648 615 2703 ’Τὸ
655 2646 1069 2721 ἀπροσδόκητον
1116 2643 1289 2699 κακὸν
1321 2643 1601 2717 ἠϐουλήθη
1643 2642 2023 2715 παραστῆσαι.

432 2743 694 2799 Βούλεται
732 2742 843 2812 γάρ
882 2741 1084 2806 εἰπεῖν,
1133 2739 1220 2792 ὅτι
1260 2736 1322 2803 ἐξ
1357 2737 1535 2808 ἀρχῆς
1584 2736 1751 2808 μέχρι
1792 2735 1889 2790 τοῦ
1928 2736 2026 2792 νῦν

432 2839 705 2896 πέπονθεν
737 2836 915 2903 οὐδὲν,
944 2835 1047 2907 οὐχ
1084 2835 1168 2890 ὅτι
1194 2834 1290 2889 καὶ
1324 2834 1429 2906 ήδη
1452 2833 1607 2906 παρὰ
1634 2840 1731 2887 τοῦ
1763 2834 2025 2904 Σεναχειο

435 2933 566 3002 ρεὶμ
595 2931 697 3003 οὐχ
724 2929 892 2984 ἑάλωσ
923 2927 958 3001 ἢ
984 2928 1098 3000 γὰρ
1132 2926 1231 2997 οὐχ
1262 2924 1475 2997 ἡττήθη
1514 2924 1572 2976 ὲν
1606 2923 1892 2994 πολέμοις.
1945 2924 2028 2978 Τὰ

429 3026 540 3098 γὰρ
563 3024 665 3096 τῆς
693 3020 1041 3094 προφητείας
1060 3018 1157 3073 τοῦ
1195 3018 1424 3071 Ἡσαΐου
1452 3014 1599 3070 κατὰ
1624 3015 1723 3086 τῆς
1743 3016 2029 3071 Μωαϐίτι-

429 3118 551 3183 δος,
601 3114 828 3188 ἐξῆλθεν
867 3115 961 3169 ἐπὶ
991 3112 1089 3166 τοῦ
1134 3110 1539 3183 Σεναχειρείμθ
1580 3109 1723 3164 ἀλλὰ
1772 3108 2026 3180 βούλεται

2685 2048 2842 2106 CAP.
2880 2048 3116 2111 XLVIII.

2194 2181 2216 2205 ¹
2241 2180 2407 2237 Vens.
2433 2181 2523 2236 ll.
2560 2180 2769 2249 Quievit
2797 2183 2961 2241 Moab
2984 2203 3024 2241 α
3058 2187 3304 2257 parvulo,
3330 2199 3376 2246 et
3400 2190 3574 2260 ﬁdens
3606 2201 3727 2249 erat

2130 2290 2291 2345 super
2315 2274 2491 2346 gloria
2520 2293 2641 2332 sua.

2206 2366 2364 2433 Quod
2406 2383 2625 2439 semper
2656 2369 2902 2425 omnium
2953 2387 3136 2428 rerum
3197 2375 3355 2444 copia
3417 2378 3728 2449 tranquilli-

2131 2468 2351 2531 tateque
2403 2460 2740 2537 abundavit,
2811 2463 3021 2520 idcirco
3071 2473 3131 2522 et
3186 2468 3306 2523 haec
3360 2464 3562 2539 missus
3614 2482 3724 2537 est,

2128 2554 2502 2624 prOSperitate
2543 2570 2651 2610 non
2694 2555 2904 2613 utiliter
2943 2573 3096 2614 usus.

2202 2645 2221 2664 ‘
2246 2643 2445 2700 Malam
2481 2646 2916 2719 inexspectatum
2947 2652 3121 2706 voluit
3150 2651 3415 2717 indicare,
3452 2666 3506 2711 et
3529 2670 3728 2712 sensus

2129 2745 2232 2803 est,
2258 2738 2325 2793 ab
2353 2737 2511 2792 initio
2540 2740 2608 2793 ad
2645 2739 2790 2795 hunc
2815 2739 2960 2795 diem
2979 2742 3116 2796 nihil
3139 2757 3540 2813 perpessusest
3570 2764 3588 2801 :
3618 2764 3725 2800 non

2129 2829 2273 2900 quod
2297 2829 2349 2884 in
2371 2829 2514 2886 bello
2540 2845 2570 2884 a
2600 2830 2950 2886 Senachirim
2980 2848 3087 2888 non
3113 2834 3473 2905 lneritcapta.
3501 2837 3652 2893 Isaia:
3678 2838 3727 2871 η

2130 2924 2276 2976 enim
2334 2922 2598 2978 vaticinia
2650 2932 2842 2977 contra
2893 2923 3249 2981 Moabitidem
3301 2928 3556 2984 eil‘ectum
3608 2945 3731 2986 sor-

2130 3013 2227 3066 tita
2284 3022 2414 3066 sunt
2474 3022 2721 3082 tempore
2781 3009 3154 3078 Senachirim,
3190 3015 3284 3070 sed
3314 3018 3456 3084 quod
3493 3016 3538 3070 si
3591 3032 3732 3085 prae-

2130 3106 2303 3159 sentia
2350 3104 2794 3171 considereutur,
2823 3106 2962 3162 nihil
2992 3122 3150 3179 passa
3200 3120 3324 3177 est;
3380 3110 3525 3165 haud
3578 3124 3728 3165 enim

430 3212 574 3267 κατὰ
611 3211 907 3282 σύγκρισιν
943 3206 1055 3261 τῶν
1084 3204 1373 3276 παρόντων
1411 3203 1582 3275 μηδὲν
1611 3203 1786 3274 αὐτὴν
1818 3219 2024 3256 πεπονο

2138 3196 2255 3252 tieri
2298 3208 2515 3265 poterat
2555 3208 2614 3253 ut
2651 3213 2714 3253 ea
2743 3199 2864 3254 sine
2901 3213 3138 3256 mmrore
3186 3200 3411 3257 omnino
3454 3203 3731 3274 transige-

429 3305 586 3362 θέναι
607 3320 622 3336 ·
658 3303 781 3358 οὐδὲ
811 3302 922 3374 γὰρ
955 3300 1237 3370 ἐνεδέχετο
1269 3297 1625 3351 παντάπασιν
1663 3294 1891 3359 ἀλύπως
1931 3295 2030 3349 αὐ-

428 3399 529 3471 τὴν
568 3396 876 3465 διαγαγεῖν.
914 3392 986 3445 Ἣ
1024 3390 1276 3461 βούλεται
1305 3389 1556 3458 σημᾶναι
1585 3385 1648 3438 τὸ
1681 3385 1895 3457 χρόνιον
1925 3385 2029 3453 τῆς

430 3491 672 3552 ἀνέσεως
699 3504 716 3520 ·
753 3485 878 3539 οὐδὲ
908 3483 1020 3553 γὰρ
1053 3481 1238 3548 όλίγος
1277 3479 1516 3549 ἀριθμὸς
1547 3478 1687 3532 ὲτῶν
1733 3479 1884 3530 ἐστιν
1916 3476 2028 3529 ἀπὸ

427 3585 527 3641 τοῦ
586 3580 857 3647 Ἐζεκίου,
904 3577 992 3647 ἐφ’
1042 3571 1216 3645 οὗπερ
1264 3574 1362 3628 καὶ
1417 3573 1593 3642 πέρας
1644 3571 1712 3624 τὰ
1747 3570 1890 3625 κατὰ
1933 3569 2026 3623 τὸν

429 3672 795 3746 Σεναχειρεὶμ
820 3668 1009 3734 ελαῦε,
1036 3666 1204 3739 μέχρι
1241 3668 1345 3735 τῆς
1372 3662 1630 3727 ἁλώσεως
1654 3660 1756 3732 τῆς
1782 3658 2025 3733 ἐσχάτης

440 3764 870 3839 Ἰεροσολύμων,
927 3763 1024 3817 καὶ
1075 3760 1178 3830 τῆς
1228 3758 1375 3814 κατὰ
1427 3756 1536 3811 τῶν
1591 3754 1800 3810 λοιπῶν
1848 3752 2025 3807 ἐθνῶν

428 3862 620 3918 ἀνόδου
669 3858 764 3912 τοῦ
810 3851 1311 3927 Ναϐουχοδονόσορ.
1365 3849 1493 3906 Ὅτι
1525 3848 1585 3904 δὲ
1624 3845 1802 3902 ταῦτα
1848 3844 2027 3911 οὕτως

427 3957 564 4029 εχει,
601 3951 799 4025 μηνύει
825 3949 894 4006 τὰ
921 3948 1263 4018 ἐπαγόμενα.

499 4048 611 4104 Kal
659 4047 772 4101 οὐκ
819 4042 1068 4114 ἐνέχεεν
1097 4040 1167 4105 ἐξ
1199 4038 1444 4110 ἀγγείου
1472 4038 1561 4103 είς
1588 4035 1867 4107 ἀγγεῖον,
1922 4034 2026 4090 καί

427 4144 518 4209 είς
560 4138 932 4209 ἀποικισμὸν
970 4137 1084 4190 οὐκ
1133 4132 1453 4203 ῲχήσατοο
1484 4130 1582 4185 διὰ
1634 4129 1813 4185 τοῦτο
1847 4129 2025 4183 ἔσται

428 4233 620 4304 γεῦμα
675 4229 866 4286 αὑτοῦ
923 4228 995 4283 ἂν
1041 4225 1244 4292 αὐτῷ,
1302 4223 1404 4278 καὶ
1449 4221 1612 4292 ὀσμὴ
1661 4220 1854 4278 αὐτοῦ
1909 4221 2025 4275 οὐκ

432 4326 737 4394 ἐξέλιπεν.
949 4362 959 4369 -

501 4417 920 4491 Παραδείγματι
951 4415 1230 4488 ἐχρήσατο
1263 4454 1278 4479 ,
1309 4411 1398 4466 ἵνα
1435 4408 1603 4464 αὐτοῦ
1640 4407 1740 4481 τῆς
1778 4408 2021 4475 ἀνέσεως

428 4514 522 4571 τὸν
555 4513 751 4586 χρόνον
777 4510 1025 4582 σημάνῃ·
1053 4507 1129 4572 ὡς
1164 4505 1274 4578 γὰρ
1303 4500 1471 4568 οἶνος,
1503 4503 1658 4574 φησι,
1693 4501 1918 4574 βληθεὶς
1940 4504 2023 4566 εἰς

2137 3299 2278 3344 rent.
2311 3287 2409 3344 Vel
2443 3300 2655 3360 tempus
2676 3289 2879 3361 quietis
2917 3290 3230 3360 signiﬁcare
3254 3295 3388 3345 vult.
3421 3290 3534 3347 Nec
3580 3293 3726 3347 enim

2133 3381 2391 3437 minimus
2427 3389 2512 3435 est
2542 3395 2810 3434 annorum
2838 3395 3121 3446 numerus,
3146 3381 3193 3436 si
3224 3397 3253 3435 a
3286 3391 3532 3451 tempore
3586 3383 3730 3437 Eac-

2136 3472 2274 3527 cliizc
2298 3480 2705 3540 computentur,
2728 3487 2835 3540 quo
2854 3485 2940 3526 res
2957 3486 2988 3526 e
3010 3470 3353 3527 Seuacliirim
3374 3473 3722 3543 gestmﬁnent

2133 3564 2399 3632 habuere,
2429 3578 2599 3636 usque
2627 3565 2696 3620 ad
2723 3565 2968 3620 ultimam
3009 3563 3510 3636 Hierosolymorum
3544 3569 3725 3637 capti-

2127 3654 2375 3717 vitatem.
2405 3664 2461 3709 et
2492 3654 2724 3711 reditum
2780 3653 3334 3709 Nabuchodonosoris
3363 3654 3431 3709 ad
3486 3654 3725 3726 reliquas

2128 3758 2341 3820 gentes.
2375 3746 2503 3803 Huic
2536 3761 2701 3819 porro
2729 3746 2804 3804 ita
2850 3760 2913 3803 se
2945 3746 3150 3805 habere
3195 3745 3442 3804 indicant
3490 3763 3553 3803 ea
3601 3764 3723 3819 qua:

2127 3841 2456 3899 subduntur.

2196 4025 2266 4081 Et
2282 4043 2387 4081 non
2412 4025 2754 4096 e/fundebant
2778 4023 2842 4079 de
2868 4040 2989 4079 vase
3019 4023 3074 4076 in
3108 4037 3225 4086 vas,
3251 4031 3301 4077 et
3357 4023 3412 4076 iu
3461 4026 3723 4081 transmi-

2126 4120 2426 4192 grationem
2458 4135 2560 4172 non
2590 4118 2761 4182 abiit;
2785 4117 2902 4170 ideo
2940 4115 3039 4170 erit
3063 4124 3252 4186 gustus
3292 4114 3410 4183 ejus
3468 4115 3527 4171 in
3580 4120 3718 4184 ipso,

2126 4225 2172 4267 et
2206 4212 2341 4266 odor
2373 4212 2489 4281 ejus
2512 4227 2615 4265 non
2640 4208 2861 4276 defecit.

2185 4396 2466 4467 ,Exemplo
2495 4410 2629 4451 usus
2659 4402 2766 4461 est,
2798 4403 2858 4450 ut
2891 4394 3009 4466 ejus
3033 4395 3233 4465 quietis
3296 4403 3511 4465 tempus
3551 4396 3721 4468 signi-

2126 4492 2340 4548 ﬁcaret.
2365 4488 2544 4545 Veluti
2573 4488 2722 4545 enim
2748 4489 2960 4554 vinum,
2991 4487 3091 4556 ait,
3125 4489 3179 4544 in
3212 4502 3343 4545 vase
3373 4488 3719 4552 obseratum,

430 4569 655 4678 αγγίῖον
697 4606 792 4660 ἐπὶ
825 4569 1083 4659 πλεῖστον
1111 4569 1306 4673 χρόνον
1349 4569 1794 4668 φυλαττόμενος,-
1818 4594 1915 4648 καὶ
1945 4593 2020 4665 μὴ

2136 4587 2174 4641 si
2214 4584 2371 4640 multi
2405 4581 2671 4651 temporis
2694 4580 2872 4652 spatio
2903 4582 3237 4637 custoditum
3264 4597 3373 4638 non
3422 4593 3725 4638 connume-

434 4697 910 4770 μεταϐαλλόμενος
933 4734 950 4759 ,
986 4693 1085 4765 τὴν
1122 4691 1224 4762 μὲν
1252 4688 1433 4761 τρύγα
1465 4686 1792 4756 καθίστησιν
1818 4685 1899 4748 είς
1927 4681 2021 4737 τόν

429 4792 527 4847 τοῦ
559 4790 787 4862 ἀγγείου
822 4787 1077 4860 πυθμένα
1104 4829 1120 4855 ,
1162 4785 1375 4855 εὐώδης
1410 4783 1470 4837 δὲ
1501 4781 1720 4850 γίνεται
1764 4780 1862 4834 καὶ
1891 4777 2024 4848 ἡδὺς

433 4882 570 4955 πρὸς
602 4882 790 4936 πότονο
820 4878 984 4943 οὕτω,
1005 4875 1166 4947 φησὶ,
1194 4875 1389 4945 γέγονε
1423 4872 1520 4928 καὶ
1542 4871 1571 4925 ὀ
1596 4870 1794 4926 Μωάϐ·
1828 4868 2021 4940 ἀνείθη

433 4978 528 5033 ἐπὶ
555 4973 738 5047 πολλῷ
774 4972 854 5044 τῷ
880 4972 1060 5045 χρόνῳ
1092 4971 1189 5026 καὶ
1217 4968 1331 5041 ἔχει
1360 4966 1463 5038 τὴν
1496 4965 1705 5020 οἰκείαν
1736 4963 2023 5031 σύστασιν,

431 5074 527 5127 καὶ
556 5072 875 5144 περίφημος
905 5067 998 5121 ἐπὶ
1033 5069 1099 5138 τῇ
1128 5062 1401 5135 εὐκοσμίᾳ
1429 5059 1748 5131 γεγένηται,
1781 5058 1898 5113 ἀλλ’
1935 5057 2027 5113 οὐ·

428 5176 550 5229 τιγε
592 5161 674 5224 είς
719 5157 877 5222 τέλος
927 5157 1212 5229 διαμενεῖ,
1245 5153 1404 5223 δίκην
1441 5150 1500 5207 δὲ
1537 5147 1707 5204 δώσει
1755 5148 1853 5203 τοῦ
1884 5148 2022 5204 Θεοῦ

433 5248 689 5318 ἅποφηνα
696 5246 881 5319 μένου.

503 5338 614 5392 Kal
649 5334 1044 5402 ἐξαποστελῶ
1073 5335 1236 5402 αὐτῷ
1265 5334 1617 5401 κλίνοντας,
1649 5331 1751 5388 καί
1777 5332 2023 5387 κλινοῦ-

428 5440 540 5482 σιν
562 5428 773 5485 αὐτόν.

515 5516 579 5573 '0
619 5517 900 5588 Ἐϐραῖος,
952 5516 1218 5582 Ἰὥντας,
1274 5515 1412 5587 εχειο
1442 5516 1512 5586 τῇ
1571 5513 1684 5587 γὰρ
1736 5514 2024 5587 μεταφορᾷ

432 5611 715 5686 ἐπέμεινε·
734 5610 871 5682 δήλη
895 5609 953 5665 δὲ
980 5612 1017 5681 ἡ
1041 5610 1240 5678 ἔννοια,
1260 5609 1355 5664 καὶ
1379 5608 1489 5663 ἀπὺ
1518 5608 1620 5680 τῆς
1641 5606 1737 5664 τοῦ
1772 5608 2024 5679 Ἐλληνι-

432 5702 532 5761 κοῦ
557 5701 861 5777 ἑρμηνείας

501 5882 548 5916 ⁸⁸
589 5860 690 5938 Isa.
734 5897 821 5942 xv.
866 5882 919 5937 I.

2132 4686 2241 4745 tur,
2268 4675 2457 4733 faecem
2501 4675 2559 4729 in
2592 4673 2745 4731 vasis
2786 4672 2956 4730 fundo
2985 4672 3234 4747 deponit,
3259 4674 3485 4730 odorem
3542 4683 3726 4730 tamen

2130 4777 2187 4826 et
2201 4769 2522 4847 suavitatem
2541 4767 2645 4822 sibi
2668 4776 2953 4837 comparat
2977 4786 2990 4823 :
3013 4769 3115 4833 sic,
3136 4768 3236 4832 ait,
3260 4776 3316 4823 et
3332 4766 3494 4824 Moab
3514 4767 3727 4840 quievit

2134 4863 2397 4919 immotus
2422 4862 2593 4918 multo
2625 4870 2893 4930 tempore,
2923 4862 3317 4931 prOpriamque
3358 4860 3722 4915 substantiam

2134 4956 2300 5011 habet
2325 4971 2339 5008 :
2367 4962 2423 5010 et
2450 4954 2681 5010 celebris
2702 4955 2772 5010 ob
2797 4954 3256 5024 pulchritudinem
3295 4953 3473 5009 lactus
3498 4963 3605 5018 est,
3630 4955 3725 5008 sed

2137 5061 2246 5104 non
2269 5059 2490 5115 semper
2508 5030 2853 5114 similisei-it,
2878 5047 3011 5114 imo,
3030 5045 3146 5102 Deo
3175 5046 3257 5102 sic
3278 5055 3574 5110 statuente,
3607 5059 3739 5124 ναεοῆ

2132 5156 2232 5198 nas
2262 5139 2432 5198 dabit.

2209 5323 2373 5382 Vens.
2395 5324 2482 5380 12.
2508 5322 2574 5378 Ει
2597 5324 2805 5378 mittam
2829 5323 2879 5377 ei
2899 5332 3206 5387 sternentes,
3251 5330 3301 5373 et
3328 5330 3557 5376 stentem
3584 5338 3722 5376 cum.

2205 5511 2471 5568 Ilebrmus
2503 5511 2815 5566 exhauriant
2848 5510 3044 5576 habet;
3077 5509 3324 5580 persistit
3345 5510 3492 5566 enim
3530 5509 3584 5564 in
3609 5525 3727 5563 me-

2134 5608 2386 5677 taphora.
2420 5604 2622 5660 Verum
2663 5615 2719 5659 et
2748 5619 2815 5660 ex
2853 5601 3305 5677 interpretatione
3336 5601 3523 5659 Graeca
3557 5602 3728 5656 Inani-

2131 5701 2276 5757 festa
2302 5710 2389 5756 est
2419 5709 2717 5758 sententia.
