4084 6474
422 434 558 490 1027

499 560 708 618 “Vsus.
739 561 826 618 18.
865 561 1131 615 Descende
1167 562 1234 616 de
1266 564 1460 632 gloria.

495 653 550 709 id
583 664 664 708 est
692 668 760 708 ex
797 654 1086 708 altitudine
1111 656 1162 708 in
1181 657 1576 724 pavimentum.

497 748 566 802 Et
596 749 717 802 sede
740 749 792 801 in
822 748 1121 800 humilitate
1151 746 1358 802 sedens.

503 842 576 894 Ita
609 842 753 894 nulla
773 855 836 894 ex
871 851 1021 909 parte
1050 839 1301 894 solatium
1330 839 1463 902 erit;
1491 853 1611 891 cum
1638 838 1839 892 etenim
1864 837 2008 891 Deus

426 929 593 985 infert
626 932 784 993 mala,
820 945 923 983 non
956 929 1201 997 corporis
1232 927 1419 990 robur,
1451 943 1556 980 non
1591 925 1757 979 animi
1791 925 2009 995 sapien-

428 1021 523 1086 tia,
546 1035 647 1074 non
681 1015 851 1072 ullum
891 1021 1032 1071 aliud
1066 1021 1306 1088 prodest.

496 1111 660 1165 Vens.
685 1111 878 1171 20,2l.
908 1111 1181 1164 Annuntia
1210 1112 1266 1162 in
1286 1113 1452 1163 Anton
1487 1109 1614 1180 quia
1637 1110 1787 1176 periit
1822 1108 2004 1164 Moab.

395 1193 491 1280 ξιιί
530 1204 792 1271 judicium
842 1205 980 1256 venit
1022 1203 1076 1254 in
1111 1213 1306 1254 terram
1360 1200 1549 1267 Misor,
1573 1215 1732 1268 super
1761 1199 2002 1264 Cltalom,

421 1305 469 1348 et
501 1311 657 1363 super
688 1296 817 1358 Asa,
852 1303 907 1349 et
936 1310 1057 1362 quae
1085 1300 1410 1361 sequuntur.

491 1386 674 1452 Misor,
711 1387 887 1456 campi
938 1385 1167 1440 scilicet.
1195 1384 1418 1440 Clmlom
1452 1400 1603 1450 vero,
1658 1395 1715 1440 et
1769 1383 2005 1454 reliquas

417 1479 664 1532 civitates
693 1487 979 1530 enumerat
1009 1486 1074 1530 ut
1101 1477 1235 1531 sitas
1261 1477 1312 1531 in
1339 1478 1569 1545 campis.

491 1566 658 1621 Vsus.
675 1567 768 1622 95.
796 1567 1140 1636 Confractum
1164 1576 1239 1621 est
1265 1584 1428 1620 cornu
1471 1565 1647 1632 Moab,
1667 1580 1714 1620 et
1732 1568 2004 1622 brachium

417 1657 534 1726 ejus
569 1662 854 1714 contritum
879 1671 974 1723 est,
1019 1662 1091 1713 ait
1119 1661 1395 1715 Dominus.

492 1753 658 1805 Arma
694 1769 886 1822 nempe
921 1769 1041 1822 quae
1071 1769 1181 1822 prae
1209 1755 1460 1809 manibus
1482 1754 1743 1811 habebat.

490 1848 508 1866 ⁹
541 1843 704 1898 Vens.
736 1845 827 1899 50.
860 1844 983 1899 Non
1019 1845 1180 1914 juxta
1207 1848 1347 1917 quod
1391 1849 1520 1902 satis
1566 1851 1616 1904 ei
1672 1859 1808 1916 erat,
1833 1851 1910 1904 sic
1951 1860 2003 1904 et

418 1937 632 1990 brachia
656 1937 822 1993 illius.

493 2029 606 2083 Hoc
633 2039 719 2083 est
750 2039 914 2084 tanta:
939 2029 1098 2084 fama:
1138 2029 1275 2085 facta
1309 2047 1412 2085 non
1445 2035 1859 2102 responderunt.
1905 2034 1999 2088 Et-

417 2125 562 2175 enim
598 2121 1016 2176 existimabatur
1069 2138 1192 2178 esse
1227 2122 1421 2191 fortis;
1459 2137 1638 2180 tamen
1695 2128 1746 2179 in
1802 2128 2004 2196 prazliis

417 2229 581 2282 super
602 2214 758 2267 Moab
785 2217 1095 2270 commissis
1125 2217 1398 2272 imbellem
1420 2234 1480 2272 se
1503 2221 1778 2288 prmstitit.

489 2305 754 2361 Vsus.5l.
782 2305 1028 2378 Undique
1058 2308 1284 2363 claritate
1311 2326 1468 2379 super
1495 2314 1629 2365 viros
1664 2316 1800 2366 muri
1826 2325 2001 2370 tonsos

415 2399 703 2467 squaloris.

481 2489 809 2560 Superviros
833 2492 990 2546 muri.
1015 2491 1207 2548 Fortes
1232 2493 1463 2551 scilicet.
1490 2495 1688 2549 Tonsos
1712 2497 1996 2566 squaloris.

415 2583 532 2639 Hoc
561 2595 644 2639 cst
677 2587 886 2638 cithara
917 2587 1211 2641 cantionis.
1242 2587 1406 2653 Quasi
1443 2588 1651 2643 diceret.
1682 2605 1696 2643 :
1741 2590 2002 2661 Projicite

414 2693 560 2741 eam,
613 2676 912 2733 ellicicntcs
982 2679 1199 2747 dignam
1262 2695 1430 2749 quam
1495 2681 1760 2751 lacrymis
1811 2700 1998 2753 prosc-

416 2779 670 2836 quantur.
692 2769 860 2838 Igitur
883 2771 1062 2823 subdit
1085 2787 1097 2822 :
1118 2769 1184 2823 Et
1205 2783 1414 2824 tantum
1433 2773 1590 2826 dicet.
1613 2773 2003 2842 Interpretatns

414 2861 562 2913 enim
591 2870 677 2914 est
703 2877 718 2914 :
750 2860 947 2915 Tonsos
975 2864 1260 2930 squaloris,
1288 2863 1390 2917 hoc
1415 2872 1498 2917 est
1525 2865 1686 2918 veluti
1712 2867 1762 2920 in
1795 2868 2000 2921 cithara

416 2952 497 3004 sic
531 2952 740 3021 ejnlans
782 2968 906 3006 enm
965 2955 1193 3008 melodia
1229 2955 1501 3026 lacrymas
1535 2961 1678 3012 edet.
1739 2958 2004 3030 Deinceps

414 3044 777 3114 subsequens,
829 3048 1028 3101 iterum
1079 3047 1302 3118 inquit:

480 3140 498 3159 ⁶
541 3139 703 3193 Vens.
727 3141 814 3195 56.
843 3139 1056 3195 Idcirco
1083 3159 1175 3196 cor
1206 3142 1390 3206 Moab,
1416 3145 1570 3214 quasi
1612 3146 1755 3198 tibia.-
1798 3145 2002 3200 lumbos

414 3232 527 3286 edet
561 3248 652 3286 cor
697 3249 870 3286 meum
925 3249 1086 3303 super
1145 3237 1288 3292 viros
1319 3237 1458 3290 muri
1520 3237 1804 3307 squaloris,
1847 3241 2000 3309 quasi
2027 3263 2070 3320 ο

414 3325 542 3378 tibia
569 3324 798 3379 sonabit.

487 3412 597 3468 Hoc
619 3424 720 3481 est,
750 3416 898 3469 circa
934 3415 1080 3470 viros
1110 3415 1278 3472 fortes
1313 3435 1325 3470 :
1351 3418 1506 3486 quasi
1532 3418 1760 3474 citharae
1784 3432 1997 3486 cautus,

413 3505 498 3561 vel
548 3506 799 3560 tibiarum
843 3510 1104 3577 strepitus
1141 3509 1390 3579 planctus
1443 3511 1569 3565 erit.
1613 3509 1870 3567 Hebraeus
1923 3515 2002 3566 sic

415 3597 578 3651 habet
611 3615 625 3650 :
662 3596 726 3650 Et
749 3600 953 3652 sonabit
986 3601 1176 3653 iterum
1212 3617 1370 3670 super
1394 3618 1561 3670 .muro
1625 3604 1846 3658 habente
1881 3621 2000 3658 con-

414 3705 600 3743 cursus
633 3689 818 3758 fortes.
867 3689 1081 3744 Murum
1112 3702 1270 3746 vocat
1301 3707 1517 3761 regem;
1560 3709 1871 3759 concursus,
1913 3711 2002 3765 po-

414 3783 621 3848 pulum,
658 3791 712 3836 et
747 3793 832 3837 est
856 3784 1044 3837 eadem
1075 3786 1347 3840 sententia
1379 3784 1434 3838 in
1455 3796 1713 3856 utroque.

487 3963 652 4017 Vens.
701 3963 789 4018 45.
825 3963 964 4030 Quia
1008 3965 1144 4033 ignis
1176 3983 1412 4037 egressus
1451 3976 1528 4021 est
1571 3968 1634 4021 de
1695 3965 1923 4035 Esebon,
1952 3978 2000 4024 et

412 4055 630 4125 ﬂamma
664 4056 730 4110 de
759 4058 930 4110 medio
968 4053 1120 4122 Sion,
1152 4068 1200 4112 et
1238 4060 1501 4112 devoravit
1532 4061 1790 4129 principes
1817 4059 1996 4115 Moab.

484 4147 582 4203 Bis
601 4148 765 4203 dictis
797 4164 927 4204 usus
955 4161 1039 4204 est
1061 4149 1272 4220 Moyses
1301 4151 1368 4215 ³⁰,
1393 4150 1638 4206 indicans
1661 4153 1998 4222 repentinam

412 4239 726 4297 Moabitidis
763 4243 975 4298 ruinam
1013 4243 1081 4298 ab
1144 4245 1228 4298 his
1258 4244 1347 4314 qui
1391 4243 1603 4298 Esebon
1669 4244 1997 4298 incolebant.

412 4334 490 4387 Ac
515 4333 559 4388 si
591 4334 835 4390 diceret:
866 4335 1111 4392 Similem
1142 4351 1283 4391 nunc
1312 4336 1650 4406 punitionem
1678 4352 1842 4406 quam
1867 4337 1996 4391 olim

413 4439 671 4494 perpessa
705 4436 811 4490 est,
847 4427 1066 4482 subibit.

485 4517 646 4572 Vsus.
682 4517 772 4572 46.
808 4514 877 4570 Ει
907 4520 1212 4588 perquisivit
1239 4519 1382 4588 ﬁlios
1412 4516 1577 4573 Saon.

485 4609 766 4672 Hebraeus,
789 4618 838 4660 et
863 4612 1022 4663 evasit
1041 4611 1279 4663 dominos
1303 4627 1519 4663 ararum
1538 4627 1556 4677 ;
1573 4610 1691 4664 loco
1709 4610 1851 4664 enim
1872 4624 1998 4664 ara-
2033 4611 2074 4665 ι)

413 4715 527 4752 rum
559 4697 705 4754 Saon
735 4699 939 4767 posuit,
966 4714 1089 4752 cum
1119 4714 1256 4766 opus
1282 4709 1427 4754 esset
1459 4714 1661 4768 ponere
1707 4698 1992 4765 Baamoth,

413 4794 555 4862 quod
590 4807 740 4846 arum
775 4791 1068 4859 signiﬁcat.
1100 4791 1304 4845 Verum
1339 4792 1419 4846 sic
1449 4792 1605 4846 estin
1639 4790 1885 4846 Hebraeo.

1020 5023 1170 5081 CAP.
1209 5020 1395 5076 XLIX.

481 5160 645 5218 Vens.
687 5161 740 5215 1.
785 5158 1044 5230 Nunquid
1070 5160 1169 5227 ﬁlii
1192 5176 1295 5214 non
1327 5169 1449 5215 sunt
1476 5162 1529 5214 in
1559 5160 1773 5217 Israel?
1804 5162 1882 5218 vel
1907 5163 1997 5232 qui

411 5256 632 5324 accipiat
680 5269 783 5308 non
815 5263 889 5306 est
922 5255 974 5306 in
1014 5255 1094 5308 eis
1116 5254 1142 5306 Ρ

484 5348 596 5403 lloc
625 5356 728 5415 est,
759 5340 899 5401 Num
931 5347 985 5402 in
1019 5349 1343 5418 obsequium
1382 5347 1474 5401 Dei
1514 5362 1620 5402 non
1651 5347 1997 5411 habitantur,

1237 442 1800 499 scrmsnsnruu
1842 445 1932 498 AD
1967 443 2025 498 s.
2067 444 2116 499 J.
2160 441 2658 502 CtlnYSOSTOMl
2697 443 2948 502 orans.
3009 410 3012 414 ’

3559 439 3694 503 ίιθξξδ

2187 567 2204 585 ⁵
2234 565 2530 632 Κατὰϐηθι
2552 564 2672 617 ἀπὸ
2696 563 2905 628 δόξης.

2178 655 2492 718 Τουτέστιν,
2524 655 2633 708 ἀπὸ
2662 655 2758 708 τοῦ
2801 655 2971 724 ὕψους
2997 655 3076 717 είς
3103 653 3318 723 ἔδαφος.

2181 746 2290 800 Kal
2319 746 2574 800 κάθισον
2593 746 2664 799 ἐν
2696 747 2957 814 ὑγρασία
3004 749 3334 816 καθημένη.

2179 838 2370 902 Οὕτως
2405 839 2704 910 οὐδαμόθεν
2752 839 2907 893 ἔσται
2943 842 3293 911 παραμυθία.
3335 843 3505 897 Ὅταν
3528 849 3635 916 γὰρ
3665 846 3694 899 ὁ

2107 930 2241 994 Θεὸς
2271 931 2455 1004 ἐπάγῃ
2498 933 2665 997 κακὰ,
2697 932 2758 984 ού
2790 933 3042 1002 σώματος
3080 934 3255 1004 ἰσχὺς,
3286 933 3346 987 ού
3383 935 3542 1003 σοφία
3585 937 3693 1006 diua

2110 1021 2234 1092 χῆς.
2269 1024 2370 1075 οὒκ
2402 1021 2532 1076 om
2560 1023 2715 1076 οὐδὲν
2749 1024 2969 1091 ὠφελεῖ,

2193 1112 2569 1184 Ἀνάγγειλον
2612 1113 2681 1166 ἐν
2730 1115 2951 1184 Ἀμὼν,
2995 1115 3085 1168 ὅτι
3125 1116 3312 1171 ὤλετο
3353 1119 3550 1183 Μωὰσ,
3599 1121 3693 1173 καί

2109 1205 2308 1272 κρίσις
2335 1206 2573 1274 ἔρχεται
2601 1207 2702 1260 ἐπὶ
2734 1207 2850 1275 τὴν
2885 1207 3005 1278 γῆν
3036 1209 3142 1263 τοῦ
3169 1209 3415 1280 Μησὼρ,
3443 1211 3542 1264 ἐπὶ
3576 1215 3691 1279 Χη-

2109 1293 2252 1359 libr,
2281 1295 2377 1348 καί
2410 1295 2511 1348 ἐπὶ
2536 1294 2706 1361 Ἀσὰ,
2725 1299 2814 1349 καὶ
2847 1297 2914 1349 τὰ
2942 1297 3088 1367 ἑξῆς.

2179 1384 2396 1458 Μισὼρ,
2431 1387 2704 1453 τουτέστι,
2738 1388 2840 1452 τῆς
2865 1389 3136 1452 πεδιάδος.
3167 1389 3364 1460 Χηλὼν
3388 1391 3443 1444 δὲ
3472 1392 3569 1446 καὶ
3593 1396 3690 1456 τὰς,

2105 1473 2300 1538 λοιπὰς
2331 1477 2518 1542 πόλεις
2549 1479 2717 1546 λέγει,
2752 1479 2828 1542 ὡς
2857 1481 2915 1532 ὲν
2947 1482 3014 1552 τῇ
3049 1481 3260 1535 πεδιάδι
3293 1483 3576 1553 κειμένας.
3665 1476 3670 1480 ’

2179 1567 2492 1638 Κατεάχθη
2515 1570 2693 1637 κέρας
2728 1571 2921 1638 Μωὰό,
2955 1573 3053 1627 καί
3076 1577 3145 1627 τὸ
3167 1574 3270 1627 ἐπί
3272 1591 3475 1644 χείρον’
3503 1575 3690 1631 αὐτοῦ

2106 1662 2454 1729 συνετρίϐη,
2489 1663 2638 1730 φησί
2672 1663 2907 1730 Κύριος.

2182 1755 2468 1822 Τουτὲστι,
2496 1755 2566 1808 τὰ
2589 1758 2646 1807 ὲν
2675 1759 2794 1818 ταῖς
2825 1756 3013 1827 χερτὶν
3045 1756 3211 1810 αὑτοῦ
3239 1758 3402 1811 ὅπλα.

2177 1852 2194 1870 ⁸
2212 1849 2361 1917 Οὐχὶ
2380 1848 2532 1902 κατὰ
2557 1847 2621 1901 τὸ
2652 1847 2865 1901 ἱκανὸν
2885 1848 3093 1914 αὐτοῦ,
3113 1848 3302 1916 οὕτως
3337 1849 3433 1902 καί
3467 1851 3522 1902 οί
3543 1849 3694 1918 ,βριῑδ

2035 1919 2075 1973 η
2105 1939 2307 2008 χίονες
2339 1939 2550 1994 αὐτοῦ.

2176 2035 2494 2093 Τουτέστιν,
2522 2034 2623 2085 οὐκ
2651 2031 2817 2095 ἀξίως
2833 2031 2930 2101 τῆς
2953 2032 3146 2102 φήμης
3167 2033 3431 2104 ἔπραξαν.
3473 2036 3694 2106 Ίσχυρὰ

2109 2123 2208 2191 μὲν
2243 2121 2352 2194 γὰρ
2385 2123 2739 2191 νενόμισται·
2772 2121 2930 2192 ὤφθη
2976 2123 3034 2177 δὲ
3061 2125 3296 2195 ἀσθενὴς
3327 2128 3384 2180 ὲν
3430 2127 3693 2200 πολέμοις

2107 2215 2201 2267 ἐπὶ
2229 2214 2426 2268 Mundi).

2179 2305 2481 2361 Πάντοθεν
2509 2306 2783 2374 ,βοήσατε
2807 2309 2905 2364 ἐπὶ
2932 2309 3155 2378 ἄνδρας
3181 2311 3389 2380 τοίχου
3415 2312 3695 2381 χειράδας

2103 2397 2370 2467 αὐχμοῦ.

2174 2492 2248 2544 Τὸ
2263 2491 2340 2554 δὲ,
2358 2491 2491 2544 Ἐπὶ
2505 2491 2732 2560 ἄνδρας
2744 2493 2972 2562 τοίχου,
2988 2496 3256 2560 τουτέστι,
3271 2497 3400 2560 τοὺς
3416 2497 3690 2568 ἰσχυρούςο

2104 2584 2166 2637 τὸ
2201 2583 2256 2636 δὲ
2279 2624 2294 2649 ,
2322 2584 2606 2652 χειράδας
2640 2585 2902 2654 αὐχμοῦ,
2929 2587 3198 2652 τουτέστι,
3232 2589 3436 2657 κιθάρα
3473 2589 3689 2658 μέλους.

2106 2676 2224 2728 Ἵνα
2251 2677 2400 2748 εἴπῃ,
2432 2674 2706 2728 Καθέλετε
2737 2676 2908 2746 αὐτὴν
2955 2676 3117 2739 ἀξίαν
3143 2676 3358 2748 θρήνων
3391 2679 3693 2748 πεποιηκό-

2104 2786 2214 2832 τες.
2271 2769 2500 2837 Ἑπάγει
2547 2767 2700 2836 γοῦνο
2749 2769 2855 2823 Kal
2901 2769 3092 2837 μέλος
3141 2769 3281 2837 ἐρεῖ.
3345 2770 3693 2841 Ἦρμήνευσε

2104 2861 2216 2932 γὰρ
2245 2860 2327 2924 τὸ,
2355 2858 2636 2928 χειράδας
2668 2860 2929 2929 αὐχμοῦ,
2951 2863 3268 2928 τουτέστιν,
3302 2861 3493 2934 ὥσπερ
3521 2865 3580 2916 ὲν
3608 2880 3693 2916 κι-

2105 2953 2268 3024 θάρᾳ,
2297 2951 2473 3015 οὕτως
2495 2950 2770 3005 πενθοῦσα
2793 2951 3074 3022 ἐμμελῶς,
3099 2954 3529 3008 ἀνακλαύσεται.
3561 2952 3691 3007 Εἶτα

2105 3042 2314 3114 προῖὼν
2347 3044 2510 3098 πάλιν
2539 3042 2673 3114 φησί
2694 3059 2708 3073 ο

2171 3139 2188 3155 ⁹
2205 3137 2309 3190 Διὰ
2331 3135 2508 3190 τοῦτο
2530 3138 2744 3206 καρδία
2759 3138 2866 3192 τοῦ
2887 3137 3086 3204 Μωὰϐ,
3107 3136 3314 3206 ὥσπερ
3337 3137 3513 3192 αὐλοί
3535 3137 3692 3206 ,ϐὀμ⁶

2105 3227 2280 3298 ϐήσει
2311 3229 2526 3298 καρδία
2542 3248 2662 3300 μου
2687 3231 2780 3284 ἐπ’
2813 3230 3166 3300 ἀνθρώπους
3186 3231 3395 3299 τοίχου
3416 3230 3693 3299 χειράδας

2103 3321 2366 3390 αὐχμοῦ,
2391 3320 2596 3392 ὥσπερ
2620 3323 2797 3377 αὐλοί
2822 3323 3146 3392 βομόήσει.

2172 3414 2455 3479 Τουτέστι,
2481 3413 2612 3482 περὶ
2637 3414 2763 3476 τοὺς
2787 3415 3043 3484 ἰσχυροὺς
3070 3413 3295 3485 ἄνδρας,
3313 3412 3507 3484 ὥσπερ
3533 3413 3696 3482 μέλος

2103 3505 2338 3574 κιθάρας
2370 3505 2402 3575 ἤ
2431 3504 2616 3560 αὐλῶν
2647 3500 2785 3576 ἦχος
2811 3506 3112 3574 γενήσεται
3144 3504 3206 3558 τὸ
3252 3504 3470 3568 πένθος.
3535 3505 3592 3558 Ὁ
3635 3505 3693 3557 δὲ

2118 3597 2368 3668 Ἑϐραῖος
2407 3596 2583 3660 οὕτως
2619 3596 2733 3668 ἔχει
2757 3614 2772 3630 ο
2801 3598 2914 3651 Kal
2963 3597 3189 3666 ἠχήσει
3229 3596 3420 3651 πάλιν
3444 3598 3541 3650 ἐπὶ
3584 3597 3692 3651 τοῦ

2102 3692 2309 3758 τοίχου
2356 3690 2464 3744 τοῦ
2506 3691 2760 3759 ἔχοντος
2807 3689 3154 3756 ἀναϐάσεις
3205 3692 3517 3759 ἰσχυρούς.
3571 3688 3690 3744 Τοῖ·

2102 3801 2216 3852 χον
2252 3783 2310 3836 δὲ
2354 3783 2516 3837 καλεῖ
2543 3782 2636 3835 τὸν
2668 3782 2919 3852 βασιλέα’
2951 3783 3298 3848 ἀναϐάσεις
3323 3782 3380 3836 δὲ
3411 3783 3504 3835 τὸν
3539 3781 3689 3840 λαόν.

2113 3870 2205 3923 Ἐν
2237 3872 2486 3942 ἑκατέρῳ
2517 3871 2574 3924 δὲ
2614 3871 2851 3935 σώζεται
2884 3874 2916 3941 ή
2954 3872 3093 3942 αὐτὴ
3126 3872 3325 3925 ἔννοια.
3523 3914 3526 3917 .

2176 3963 2307 4016 Ὅτι
2329 3962 2450 4031 πῦρ
2470 3961 2733 4030 ἐξῆλθεν
2763 3961 2832 4026 ἐξ
2873 3962 3154 4027 Ἐσεδὼν,
3180 3961 3341 4030 φλὸξ
3368 3962 3438 4016 ἐκ
3459 3960 3693 4028 πόλεως

2101 4053 2275 4117 Σιὼν,
2310 4052 2409 4108 καί
2445 4051 2746 4122 κατέφαγε
2778 4053 3086 4122 ἀρχηγοὺς
3115 4051 3313 4106 Μωάϐ.

2174 4145 2404 4211 Τούτοις
2458 4149 2576 4209 τοῖς
2626 4147 2811 4216 ῥητοῖς
2860 4145 3136 4216 ἐχρήσατο
3185 4145 3430 4215 Μωῦσῆς
3485 4143 3691 4215 ἀθρόαν

2099 4239 2223 4293 τότε
2253 4239 2354 4311 τὴν
2379 4238 2656 4293 ἀπώλειαν
2681 4237 2782 4306 τῆς
2807 4237 2985 4290 Μωὰὂ
3027 4237 3276 4307 μηνύσας
3309 4237 3418 4292 ἀπὸ
3449 4236 3562 4291 τῶν
3590 4239 3692 4305 τῆς

2113 4331 2350 4386 Ἐσεὸὼν
2382 4332 2702 4386 οἰκούντων.
2732 4331 2849 4384 Ἰνα
2879 4330 3060 4384 τοίνυν
3082 4329 3233 4403 εἴπῃ,
3263 4331 3346 4384 ὅτι
3370 4330 3473 4401 τὴν
3495 4330 3691 4401 ὁμοίαν

2098 4425 2378 4496 τιμωρίαν
2421 4424 2670 4478 πείσεται
2703 4424 2799 4477 καὶ
2829 4422 2947 4490 νῦν,
2979 4423 3048 4493 ἥν
3078 4423 3249 4478 πάλαι
3273 4423 3508 4494 ὑπέστη.

2171 4517 2279 4571 Kal
2307 4517 2722 4587 ὲξτιρεύνηο-εν
2742 4515 2913 4581 υἱοὺς
2943 4514 3132 4569 Σαών.

2190 4608 2248 4663 ὐ
2310 4607 2585 4678 Ἐὁραῖος,
2623 4605 2723 4660 καὶ
2763 4605 3056 4674 ἐξήλειψε
3092 4604 3237 4670 τοὺς
3281 4605 3533 4672 κυρίους
3568 4602 3688 4656 τῶν

2097 4698 2346 4769 βωμῶν·
2375 4699 2499 4752 ἀντὶ
2529 4699 2638 4767 γὰρ
2676 4697 2794 4752 τῶν
2815 4696 3060 4766 βωμῶν,
3088 4697 3149 4750 τὺ
3186 4695 3360 4750 Σαὼν
3401 4695 3534 4766 ἔφη’
3562 4695 3683 4748 δέιν

2104 4791 2216 4860 γὰρ
2247 4791 2418 4844 θεῖναι
2442 4790 2676 4860 Βαμὼθ,
2695 4789 2906 4858 ,ϐωμὸν
2935 4792 3215 4860 σημαίνει.
3244 4788 3403 4843 Οὕτω
3426 4789 3479 4841 δὲ
3505 4789 3679 4840 κεῖται

2107 4885 2201 4936 καὶ
2234 4883 2385 4953 παρὰ
2419 4883 2496 4936 τῶ
2538 4884 2803 4956 Ἑϐραίῳ.

2663 5022 2917 5076 ΚΕΦΑΛ.
2983 5020 3120 5076 ΜΘ’.

2172 5158 2268 5228 Μὴ
2307 5158 2427 5214 υίοί
2475 5160 2588 5213 οὐκ
2620 5159 2787 5212 εἰσὶν
2815 5159 2888 5212 ἑν
2930 5156 3179 5227 Ἰσραὴλ
3203 5197 3217 5220 ,
3254 5157 3292 5226 ἢ
3323 5157 3692 5226 παραλειψό-

2097 5269 2285 5322 μενος
2321 5254 2434 5308 οὐκ
2465 5251 2640 5307 ἐστιν
2671 5253 2740 5307 ἐν
2767 5250 2972 5318 αὐτοῖς
2989 5268 3008 5316 ;

2174 5343 2434 5397 Τουτέστι
2459 5384 2474 5409 ,
2515 5344 2608 5414 Μὴ
2640 5343 2742 5396 οὐκ
2774 5341 3056 5397 οίκοῦνται
3089 5341 3167 5412 τῷ
3202 5341 3360 5412 Θεῷς
3411 5341 3444 5413 ἦ
3495 5341 3692 5414 ἔρημοῖ

411 5449 503 5493 aut
533 5440 682 5494 omni
730 5439 934 5495 auxilio
982 5448 1192 5504 carent,
1244 5447 1306 5495 ut
1362 5445 1553 5493 contra
1595 5437 1872 5494 lsraelitas
1920 5439 1992 5493 ita

2105 5438 2209 5490 εἰσι
2257 5437 2438 5507 πάσης
2490 5435 2777 5507 βοηθείας,
2826 5435 2911 5490 ὅτι
2961 5434 3105 5488 κατὰ
3166 5436 3276 5488 τῶν
3335 5435 3693 5505 Ἰσραηλιτων

412 5533 592 5588 animo
623 5533 1024 5588 intumuerint?
1060 5542 1118 5587 ut
1145 5529 1347 5588 .ludzris
1376 5531 1690 5587 ostenderet
1715 5546 1776 5585 se
1805 5539 1996 5602 gentes

2105 5528 2274 5593 οὕτως
2306 5527 2668 5601 ὲπήρθησαν;
2707 5528 2794 5581 ἵνα
2825 5527 2974 5598 δείξῃ
3019 5527 3320 5593 Ἰουδαίοις,
3353 5528 3436 5581 ὅτι
3485 5524 3575 5580 διὰ
3624 5527 3690 5578 τὰ

411 5628 605 5696 punire
633 5634 854 5701 propter
895 5626 1036 5681 mala
1073 5639 1195 5696 quae
1235 5625 1287 5679 in
1323 5639 1418 5679 eos
1455 5623 1778 5680 intulerunt.

2105 5622 2222 5676 κατ’
2254 5621 2417 5674 αὑτὸν
2443 5620 2712 5691 γενόμενα
2740 5620 2888 5672 κακὰ
2917 5622 3250 5692 τιμωρεῖται
3276 5619 3347 5673 τὰ
3375 5621 3526 5688 ἔθνη.

361 5769 379 5795 ί
486 5715 717 5771 νειμ.
748 5716 888 5782 Quid
919 5715 1229 5786 gloriaberis
1255 5716 1312 5771 in
1341 5715 1539 5785 campis
1567 5712 1782 5770 lacim?

2177 5713 2238 5767 Τί
2269 5712 2614 5783 ἀγαλλιάσῃ
2649 5712 2718 5766 ἐν·
2747 5710 2869 5778 τοῖς
2898 5711 3148 5781 πεδίοις,
3170 5714 3240 5767 ἑν
3279 5713 3490 5790 Ἰακίμ;

481 5893 531 5927 ³⁸
572 5891 744 5949 Exod.
777 5907 867 5949 xv.
903 5891 992 5948 l5.
