4084 6446
345 384 487 439 ιθει)

1467 388 1890 442 ιειιλιιιιωιιι
1936 396 1997 438 IN
2038 395 2063 441 ,Ι
2076 394 2413 444 ΕΙΚΕΜΙΛΜ.

3506 400 3648 461 ιοδιι

428 502 613 576 Ἰακὶμ
647 484 822 570 πόλις-
848 503 918 579 ἦν
951 501 1185 576 μεγίστη
1217 502 1274 554 ἐν
1304 503 1370 572 τῇ
1421 501 1635 555 πεδιάδι
1679 503 1930 574 κειμένη.

2119 505 2282 560 lncim
2313 506 2509 563 civitas
2542 514 2659 562 erat
2689 510 2924 568 maxima
2973 513 3026 569 in
3064 515 3274 588 campis
3309 518 3434 586 sita,
3470 535 3640 591 quam

344 597 412 666 ἢν
437 596 779 670 ὁρμητήριον
810 598 954 653 κατά
982 597 1091 652 τῶν
1115 596 1393 664 πολεμίων
1423 595 1740 665 ἐκέκτηντο.
1779 597 1942 665 Λέγει

342 685 461 758 οὖν,
488 691 572 745 ὅτι
603 691 696 762 Μὴ
725 691 982 764 θαρσεῖτε
1011 691 1100 744 ἐπ’
1129 689 1294 760 αὐτῇ,
1329 690 1778 762 καταστρέφεται
1805 690 1938 762 γάρ.

413 878 732 948 Διέρρδυσε
768 878 839 932 τὰ
865 877 1042 931 πεδία
1066 894 1206 932 σου.

413 969 733 1036 Τουτέστιν,
763 970 878 1023 Οὐκ
911 970 1050 1041 αὐτὴ
1087 969 1250 1038 μόνον
1277 967 1552 1031 ἀπώλετο,
1586 969 1726 1022 ἀλλὰ
1759 969 1854 1023 καὶ
1884 973 1939 1024 αί

339 1059 524 1115 λοιπαὶ
555 1064 613 1116 ὲν
638 1064 762 1126 ταῖς
793 1063 1012 1117 πεδιάσι
1041 1063 1298 1134 κείμεναι
1329 1063 1449 1134 μετ’
1479 1063 1665 1118 αὐτῶν
1692 1066 1803 1118 τῶν
1844 1083 1942 1119 πε-

335 1154 490 1218 δίων,
520 1155 630 1209 τῶν
684 1154 966 1226 πολεμίων
1018 1155 1200 1210 πάντα
1227 1155 1296 1208 τὰ
1344 1157 1734 1228 προσπεσόντα
1779 1157 1941 1229 δῃου-

341 1245 542 1316 μένων.

412 1341 428 1359 ⁶
483 1338 606 1392 Ἐπί
637 1338 975 1407 κατάρασιν
1024 1336 1136 1408 τῆς
1164 1337 1373 1410 Βοσὼρ
1402 1339 1472 1394 ἐν
1514 1339 1685 1410 μέσῳ
1707 1340 1931 1412 μέρους

338 1430 556 1500 αὐτῆς.

411 1524 524 1594 Τὴν
577 1523 821 1596 Βόστραν
865 1523 1063 1592 λέγει’
1100 1526 1135 1595 ἡ
1194 1524 1304 1596 γὰρ
1345 1525 1442 1579 νῦν
1501 1527 1768 1598 Ἀραϐία,
1817 1528 1939 1581 τότε

350 1615 625 1686 Ἰδουμαία
671 1610 760 1686 ἦν.
813 1614 888 1668 Τὸ
932 1615 988 1668 δὲ
1015 1654 1030 1679 ,
1075 1615 1178 1670 Ἐν
1221 1616 1393 1685 μέσῳ
1446 1618 1672 1686 μέρους
1705 1617 1936 1688 αὐτῆς,

338 1707 876 1779 συνημμένας,έχει
929 1706 1019 1760 διὰ
1041 1707 1104 1760 τὸ
1139 1703 1279 1762 εἶναι
1313 1709 1486 1780 αὐτὴν
1525 1711 1886 1782 μητρόπολιν.

419 1803 564 1857 Ἰδοὺ
597 1803 680 1870 ὠς
707 1804 869 1856 λέων
916 1800 1287 1869 ἀναϐήσεται
1319 1805 1388 1857 ἐκ
1415 1805 1615 1874 μέσου
1646 1804 1753 1860 τοῦ
1803 1805 1938 1873 Ἰορ-

2050 599 2423 666 possidebant,
2451 609 2506 652 ut
2535 600 2658 656 belli
2694 606 3050 662 munitionem
3081 625 3204 665 eam
3230 617 3424 667 contra
3457 614 3644 672 hostes

2050 691 2336 748 baberent.
2399 693 2540 749 Dicit
2575 695 2763 768 ilaque
2796 716 2810 753 :
2859 697 2938 756 Ne
2978 701 3159 760 ﬁdatis
3195 705 3248 760 in
3302 719 3395 772 ea,
3437 709 3643 764 etenim

2048 781 2371 840 destruitur.

2119 873 2467 943 Deﬂuxerunt
2498 881 2673 949 campi
2717 889 2734 933 ι
2743 881 2796 934 ui
2805 918 2821 936 .

2120 968 2175 1022 ld
2201 977 2310 1033 est,
2346 969 2461 1026 Non
2492 983 2700 1026 tantum
2729 975 2844 1043 ipsa
2881 976 3160 1034 destructa
3187 988 3296 1046 est,
3329 983 3426 1038 scd
3456 993 3513 1039 et
3541 998 3648 1040 ca:-

2049 1068 2180 1114 tera:
2217 1063 2414 1130 urbes,
2463 1080 2585 1136 qua:
2619 1075 2777 1122 erant
2819 1068 2872 1122 in
2926 1071 3133 1142 campis
3166 1087 3274 1128 una
3311 1088 3437 1130 cum
3471 1077 3646 1147 ipsis,

2047 1150 2294 1208 hostibus
2324 1153 2484 1209 obvia
2520 1157 2782 1214 universa
2818 1159 3227 1229 diripientibus.

2116 1345 2132 1361 ‘
2158 1339 2322 1399 Vens.
2352 1343 2437 1400 l5.
2471 1345 2538 1400 In
2563 1344 2986 1404 maledictionem
3046 1349 3218 1408 Bosor
3243 1354 3300 1409 in
3317 1355 3491 1412 medio
3512 1372 3644 1427 para

2047 1433 2113 1486 tis
2142 1431 2314 1488 illius.

2117 1524 2364 1581 Bostram
2393 1528 2511 1584 ait:
2547 1544 2668 1600 quae
2699 1531 2845 1587 enim
2899 1548 3047 1592 nunc
3078 1535 3280 1593 Arabia
3303 1575 3320 1602 ,
3353 1547 3482 1595 tunc
3515 1539 3642 1596 ldu-

2045 1631 2179 1672 mzea
2205 1628 2344 1674 erat.
2377 1618 2512 1676 lllud
2544 1637 2694 1688 vero,
2721 1623 2792 1678 In
2819 1627 2998 1682 medio
3020 1631 3192 1698 partis
3219 1631 3389 1699 illius,
3418 1635 3645 1706 conjun-

2045 1719 2176 1773 clas,
2209 1711 2396 1777 habet,
2430 1728 2496 1769 eo
2529 1717 2676 1784 quod
2708 1729 2859 1775 esset
2891 1723 3237 1792 metropolis.

2118 1805 2283 1862 Vens.
2323 1806 2411 1860 19.
2457 1807 2592 1864 Ecce
2619 1811 2774 1880 quasi
2808 1812 2889 1868 leo
2920 1815 3168 1870 ascendet
3205 1816 3272 1872 de
3307 1821 3482 1875 medio
3513 1822 3644 1878 Jor-

337 1893 528 1948 ὃάνου
552 1898 638 1961 εἰς
658 1896 850 1951 τόπον
880 1895 1086 1964 Ἐθὰμ,
1109 1895 1200 1952 ὅτι
1237 1898 1390 1969 ταχὺ
1428 1898 1690 1964 ἑκδιὼξω
1711 1899 1930 1968 αὐτοὺς

2041 1895 2198 1950 donis
2231 1897 2286 1950 in
2308 1897 2481 1952 locum
2512 1875 2704 1956 Etham
2727 1941 2744 1967 ,
2781 1905 2910 1974 quia
2933 1905 3037 1960 cito
3065 1907 3327 1978 expellam
3357 1927 3444 1966 eos
3467 1875 3642 1969 ab

337 1985 439 2039 ἀπ’
470 1985 686 2055 αὐτῆς.

411 2077 488 2132 Τὸ
534 2080 710 2150 Ἐθὰμ
753 2079 962 2149 ὀφείλει
1021 2083 1172 2155 ἔχειν
1208 2081 1351 2134 κατὰ
1383 2080 1447 2134 τὸ
1487 2081 1801 2152 Ἐϐραῖκὸν·
1838 2099 1934 2153 ση-

341 2172 524 2245 μαίνει
569 2173 626 2226 δὲ
675 2175 739 2227 τὸ
778 2175 1055 2243 ἰσχυρόν⁹
1113 2174 1368 2246 βούλεται
1411 2174 1468 2228 δὲ
1518 2177 1736 2242 εἰπεῖν,
1783 2176 1866 2229 ὅτι
1905 2177 1934 2230 ὁ

338 2267 617 2339 βάρϐαρος
660 2266 914 2338 καθάπερ
945 2267 1084 2321 λέων
1114 2266 1342 2333 ἀναϐὰς,
1383 2266 1652 2338 πορθήσει
1695 2264 1796 2340 τὴν
1826 2266 1933 2338 χώ-

337 2376 475 2430 ραν’
516 2357 612 2412 τοῦ
667 2358 725 2410 δὲ
785 2358 1056 2430 Ἰορδάνου
1105 2359 1542 2428 ἐμνημόνευσεν,
1588 2359 1667 2423 ὡς
1740 2359 1930 2413 αὐτόθι

339 2453 578 2525 μάλιστα
602 2451 808 2506 τούτων
832 2451 940 2506 τῶν
967 2453 1176 2525 θηρίων
1201 2451 1602 2524 δεικνυμένων,
1636 2451 1732 2506 καί
1761 2452 1932 2506 ὄντων

336 2546 608 2619 φοϐερῶν.

407 2641 425 2659 ⁶
467 2637 547 2707 Τῇ
579 2635 780 2706 Κηόὰρ
805 2636 1156 2705 βασιλίσσῃ
1195 2635 1306 2705 τῆς
1337 2635 1538 2704 αὐλῆς
1572 2634 1653 2704 ἢν
1672 2635 1934 2702 ἐπάταξε

334 2731 879 2802 Νιιεουχοδονόσορ
905 2732 938 2784 ό
965 2729 1269 2796 ,ϐασιλεὺς
1296 2730 1682 2797 Βαϐυλῶνος.

405 2824 570 2892 Λέγει
603 2820 748 2876 κατά
784 2821 894 2873 τῶν
925 2818 1288 2892 Σαρακηνῶν·
1320 2816 1498 2882 οὕτως
1525 2819 1637 2890 "ap
1667 2816 1783 2890 ἔχει
1810 2817 1932 2883 ἔθος

334 2919 367 2988 ὴ
395 2917 517 2971 θεία
548 2914 742 2986 Γρχφὴ
775 2913 959 2968 καλεῖν
987 2913 1048 2966 τὸ
1078 2913 1230 2976 ἔθνος
1248 2912 1326 2983 τῷ
1346 2911 1440 2966 τοῦ
1463 2910 1657 2984 Κηδὰρ
1680 2911 1929 2982 ὀνόματι.

336 3010 408 3063 Τὸ
428 3009 484 3062 δὲ
510 3007 586 3078 τῇ
606 3008 962 3078 βασιλίσσῃ
984 3003 1095 3074 τῆς
1115 3002 1336 3075 αὐλῆς,
1359 3003 1533 3076 ὅνομά
1554 3007 1670 3060 ἐστι
1697 3004 1931 3070 πόλεως,

331 3101 362 3156 ὃ
409 3102 551 3156 κατά
585 3101 684 3172 μὲν
723 3100 826 3170 τὴν
885 3097 1148 3170 Ἐὁραίαν
1189 3095 1375 3168 φωνὴν
1409 3096 1660 3151 ἐκαλεῖτο
1692 3094 1934 3165 Μελχὲο

347 3193 549 3262 Ἀσὼρ,
583 3193 721 3262 ὅπερ
753 3189 1098 3262 ἑρμηνεύων,
1131 3188 1384 3256 ἐποίησε
1413 3187 1825 3253 βασίλισσαν.
1859 3187 1933 3240 Τὸ

331 3287 388 3344 δὲ
421 3287 608 3356 Ἀσὼρ
631 3285 835 3353 αὐλὴν
876 3283 1158 3354 σημαίνει·
1198 3283 1332 3344 ἴσως
1357 3276 1452 3334 οὖν
1479 3281 1576 3335 καὶ
1617 3279 1693 3344 ὡς
1729 3279 1935 3350 μητρό-

330 3383 490 3437 πολιν
519 3381 698 3444 οὖτως
743 3378 979 3432 ἐκάλουν
1021 3377 1121 3446 τὴν
1158 3376 1340 3439 πόλιν,
1373 3375 1449 3436 ὡς
1480 3373 1547 3426 τά
1581 3372 1753 3426 πολλὰ
1783 3373 1936 3441 γίνε-

334 3478 460 3531 σθαι
484 3474 653 3545 φιλεῖ,
675 3471 884 3540 ταύτην
911 3468 1106 3538 ἔλαχεν
1128 3461 1266 3520 οὖσα
1295 3465 1393 3536 τὴν
1423 3463 1767 3534 ἐπωνυμίαν.
1801 3458 1934 3516 Εἶτα

332 3568 475 3640 μετά
500 3563 660 3618 τοῦτο
691 3560 1031 3632 προφητεύει
1073 3557 1217 3613 κατά
1250 3557 1352 3626 τῆς
1395 3555 1568 3610 Ἀῖλά.
1601 3555 1740 3610 Φασὶ
1769 3556 1826 3610 δὲ
1858 3551 1934 3608 εἶ-

331 3674 420 3710 ναι
462 3653 779 3724 Ἐλαμίτας,
815 3651 941 3715 τοὺς
974 3648 1070 3704 νῦν
1102 3648 1480 3719 καλουμένους
1516 3647 1758 3718 Πέρσας.

936 3785 1209 3840 ΚΕΦΑΛ.
1241 3783 1322 3838 N'.

479 3923 893 3995 Ἄναγγείλατε
927 3922 994 3976 ἐν
1049 3921 1178 3988 τοῖς
1199 3919 1430 3975 ἔθνεσι.

405 4015 618 4087 Ὥσπερ
649 4013 960 4086 παραδόξου
1004 4013 1334 4084 πράγματος
1355 4053 1370 4078 ,
1403 4012 1498 4066 καὶ
1526 4009 1702 4075 οὕτως
1731 4011 1928 4066 ὲκῦἀν-

329 4128 443 4175 τος,
485 4109 555 4163 τά
599 4108 864 4180 προοίμια
893 4107 1035 4162 οὕτω
1068 4107 1327 4160 ποιεῖται.
1363 4105 1438 4160 Τὸ
1469 4105 1579 4177 γὰρ
1602 4106 1799 4172 εἰπεῖν,
1830 4105 1929 4176 Μὴ

332 4205 632 4273 κρύψητε,
703 4203 780 4267 ὡς
829 4203 962 4274 παρ’
1003 4201 1165 4269 ἀξίαν
1212 4200 1386 4272 αὐτῆς
1432 4198 1736 4270 παθούσης,
1778 4200 1812 4272 ἢ
1847 4200 1930 4254 ὅτι

333 4298 426 4350 καὶ
455 4296 632 4360 οὐδεὶς
664 4295 836 4366 αὐτῆς
877 4295 1137 4366 ἀγνοήσει
1167 4293 1267 4358 τάς
1317 4293 1633 4365 συμφορὰς,
1673 4293 1928 4367 καθάπερ

331 4389 423 4442 ἐπὶ
451 4388 547 4442 τοῦ
571 4386 775 4460 Φαραὼ
803 4386 1112 4457 πεποίηκεν
1139 4387 1169 4440 ὁ
1197 4386 1352 4455 Θεὸς,
1381 4385 1467 4440 ἴνα
1499 4385 1804 4458 ἐνδείξηται
1827 4387 1927 4459 τὴν

329 4481 499 4554 ὀργὴν
527 4479 730 4546 αὑτοῦ,
764 4479 857 4534 καὶ
898 4479 1146 4553 γνωρίσῃ
1184 4479 1246 4532 τὸ
1284 4477 1512 4532 δυνατὸν
1553 4477 1752 4544 αὑτοῦ,
1783 4479 1928 4534 οὕτω

330 4577 427 4630 καὶ
449 4578 550 4648 τῆς
577 4575 788 4638 πόλεως
817 4573 1025 4644 ταύτης
1052 4574 1154 4642 τῆς
1177 4571 1525 4634 Βαϐυλῶνος.
1564 4571 1729 4644 Ὁρᾷς
1761 4572 1926 4626 αὐτὸν

327 4668 648 4740 ὁλοκλήροις
679 4669 802 4731 ταῖς
829 4667 1126 4740 πονηρίαις
1156 4667 1236 4729 εἰς
1267 4665 1366 4738 τὴν
1397 4664 1792 4736 ὠφέλειαντῶν
1821 4665 1932 4719 λοι-

327 4763 448 4817 πῶν
480 4761 875 4834 ἀποχρώμενον
907 4761 997 4814 διά
1017 4761 1118 4833 τὴν
1146 4759 1355 4814 οίκείαν
1390 4758 1754 4832 εὐμηχανίαν.

400 4858 809 4927 Κατῃσχύνθη
841 4855 1060 4925 Βῆλος.

399 4951 688 5004 Δείκνυσιν
709 4950 791 5003 ὅτι
817 4948 918 5001 οὐκ
937 4947 1287 5019 ἀνθρωπίνης
1317 4947 1639 5013 ἀκολουθίας
1665 4949 1726 5002 τὸ
1751 4951 1930 5020 πρᾶγ-

331 5061 408 5113 μα
437 5038 530 5114 ἦν.
595 5038 708 5095 Ἦν
734 5041 847 5112 γὰρ
875 5039 1068 5096 πασῶν
1102 5041 1464 5111 ἰσχυροτέρα,
1500 5042 1598 5095 καὶ
1628 5043 1686 5095 ἐν
1721 5045 1930 5113 εὐπραο

325 5137 422 5208 γέᾳ
451 5137 738 5205 διάγουσα.
777 5136 852 5191 Οὐ
897 5135 958 5190 τὸ
991 5137 1265 5206 τρυφερὸν
1293 5133 1614 5206 ὲδυσώπησε
1647 5136 1737 5189 τὸν
1771 5137 1924 5205 Θεὸν,

326 5231 427 5283 οὐκ
449 5229 578 5283 ἀλλο
609 5229 786 5284 οὐδέν.
818 5228 933 5282 Καὶ
963 5229 1142 5292 καλῶς
1182 5226 1536 5302 κατῃσχύνθη
1573 5227 1724 5300 παρά
1755 5244 1926 5302 προσ-

325 5320 512 5375 δοκίαν
537 5322 644 5374 ὑπὸ
671 5321 935 5388 ἀναξίων.

396 5413 705 5482 Παρεδόθη
738 5413 1080 5484 Μαιρωδάχ.

392 5506 455 5561 Οἱ
489 5504 750 5570 ἐλάττους
787 5507 992 5572 αὐτῶν,
1036 5507 1128 5560 καὶ
1169 5505 1250 5570 εἰς
1279 5503 1435 5570 τέλος
1474 5508 1672 5572 αὐτοὺς
1710 5508 1921 5562 ἀναλώ-

326 5616 418 5654 seu
426 5616 533 5654 σιν.
1274 5595 1276 5602 ’

406 5692 504 5748 Ἐν
530 5691 661 5759 ταῖς
686 5691 958 5761 ἡμέραις.

395 5861 440 5898 ³¹
482 5864 642 5922 Rom.
675 5879 751 5932 II,
780 5863 872 5920 17.

683 5963 964 6026 ΡΑτιιοι..
1005 5962 1121 6025 (in.
1171 5962 1374 6024 LXIV.

2041 2082 2058 2147 ζ
2113 2080 2274 2138 Juxta
2309 2091 2517 2172 textum
2552 2085 2908 2154 chraicum,
2941 2077 3138 2146 Erizam
3187 2092 3473 2166 legendum
3521 2109 3642 2164 est,

2044 2176 2186 2245 quod
2219 2176 2491 2232 robustum
2534 2180 2834 2250 signiﬁcat.
2877 2182 2943 2237 Et
2969 2200 3164 2242 sensus
3205 2197 3333 2243 est:
3364 2187 3643 2246 Barbarus

2043 2265 2197 2334 quasi
2224 2266 2306 2322 leo
2339 2268 2642 2326 ascendens
2674 2278 2874 2328 terram
2904 2275 3164 2331 vastabit.
3189 2275 3439 2334 Meminit
3471 2297 3639 2352 porro

2042 2357 2331 2428 Jordanis,
2373 2374 2500 2416 cum
2543 2361 2614 2418 ibi
2641 2361 2836 2420 bellua:
2870 2366 2953 2423 ba:
2992 2369 3268 2440 praecipue
3291 2373 3640 2445 maximeque

2044 2449 2338 2508 horribiles
2371 2451 2682 2510 videantur.
3569 2459 3578 2462 ”

2114 2635 2134 2658 θ
2167 2633 2335 2691 Vens.
2373 2634 2466 2691 28.
2505 2638 2620 2708 Ipsi
2660 2638 2834 2695 Cedar
2869 2641 3065 2712 regina:
3098 2641 3274 2713 culte,
3309 2662 3469 2716 quant
3516 2664 3634 2718 per-

2042 2728 2210 2784 cussit
2241 2728 2736 2786 Nabuchodonosor
2757 2749 2849 2788 rex
2878 2732 3189 2805 Babylonis.

2109 2819 2314 2877 Contra
2360 2822 2672 2880 Saracenos
2717 2839 3028 2882 sermonem
3077 2828 3314 2898 dirigit:
3365 2831 3437 2886 ila
3487 2834 3634 2890 enim

2043 2913 2182 2970 solet
2213 2914 2399 2970 divina
2418 2914 2701 2986 Scriptura
2731 2917 2910 2973 Cedar
2933 2919 3155 2977 nomine
3177 2923 3456 2980 nationem
3488 2925 3636 2983 illam

2044 3005 2338 3077 appellare.
2374 3007 2576 3080 Regina
2597 3009 2773 3066 aulas:
2803 3026 2998 3068 nomen
3033 3021 3117 3068 est
3145 3010 3318 3083 urbis,
3351 3031 3474 3089 quae
3506 3033 3638 3076 voce

2043 3096 2310 3156 llcbraica
2343 3099 2600 3156 Melcheth
2627 3102 2790 3172 Asor,
2819 3103 3150 3173 vocabatur,
3180 3108 3324 3178 quod
3362 3109 3636 3182 interpre-
3667 3175 3671 3186 ι

2046 3199 2192 3246 tatur
2219 3193 2345 3262 fecit
2372 3194 2632 3265 reginam.
2667 3195 2808 3250 Asor
2837 3195 3036 3252 aulam"
3057 3191 3362 3274 signiﬁcat;
3398 3202 3636 3260 fortasse

2041 3281 2209 3350 igitur
2243 3281 2408 3337 veluti
2444 3284 2794 3354 metropolim
2826 3285 2898 3340 ita
2924 3287 3116 3342 urbem
3146 3289 3541 3356 nominabant,
3575 3301 3634 3346 nt

2038 3376 2242 3443 saepius
2280 3377 2605 3448 contingere
2633 3375 2793 3436 solet.
2828 3378 2957 3435 Post
2985 3380 3100 3436 bare
3126 3391 3316 3436 contra
3347 3381 3467 3438 Aila
3495 3385 3633 3439 vati-

2037 3469 2255 3522 cinatur
2278 3485 2294 3533 ;
2320 3480 2575 3526 asserunt
2600 3485 2731 3528 vero
2762 3472 2864 3530 bos
2894 3487 3016 3531 esse
3050 3473 3338 3542 Elamitas,
3362 3475 3454 3546 qui
3487 3490 3630 3533 nunc

2037 3560 2217 3616 Persie
2252 3571 2538 3618 vocantur.

2703 3787 2859 3847 CAP.
2900 3789 2965 3847 L.

2105 3915 2271 3976 Vens.
2309 3919 2363 3974 ἓ.
2397 3919 2727 3976 Annunliale
2751 3923 2805 3976 in
2835 3923 3100 3994 gentibus.

2108 4009 2390 4081 Tanquam
2419 4011 2487 4067 de
2515 4026 2575 4067 re
2611 4012 2889 4082 inopinata
2918 4021 2973 4068 et
3004 4014 3120 4085 jam
3145 4025 3341 4072 eventu
3374 4019 3628 4088 probata,

2034 4101 2116 4157 sic
2166 4101 2484 4157 exorditur.
2532 4103 2668 4159 Nam
2715 4106 2857 4175 quod
2903 4105 3068 4173 dicit,
3123 4105 3208 4162 Ne
3264 4108 3628 4178 abscondatis,

2034 4195 2194 4266 quasi
2237 4195 2458 4266 indigna
2490 4211 2652 4268 passa
2696 4198 2790 4254 sit.
2839 4198 2935 4254 Vel
2971 4200 3117 4266 quod
3149 4215 3313 4257 nemo
3351 4201 3628 4273 ignorabit

2033 4288 2150 4357 ejus
2174 4289 2534 4356 calamitates,
2569 4292 2712 4347 sicut
2733 4291 3183 4351 Pharaoni-Deus
3206 4294 3356 4361 fecit,
3389 4306 3446 4350 ut
3468 4312 3626 4352 suam

2032 4381 2346 4438 ostenderet
2375 4382 2512 4438 iram
2535 4393 2592 4438 et
2613 4384 2914 4455 potentiam
2942 4400 3096 4442 suam
3121 4397 3304 4443 notam
3333 4388 3540 4447 laceret
3557 4393 3626 4458 ³¹,

2034 4475 2113 4529 sic
2158 4482 2214 4530 et
2251 4475 2462 4531 civitati
2507 4475 2671 4545 hujus
2705 4475 3027 4548 Babylonis.
3069 4477 3236 4535 Vides
3287 4488 3344 4536 ut
3381 4486 3626 4554 generali

1961 4577 2222 4654 Dulatur
2263 4569 2506 4640 nequitia
2553 4571 2608 4626 in
2654 4571 2995 4642 reliquorum
3040 4573 3333 4632 utilitatem
3381 4581 3452 4634 ob
3508 4581 3627 4635 esi-

2037 4664 2200 4717 miam
2232 4676 2324 4719 res
2345 4661 2766 4720 administrandi
2794 4665 3069 4734 peritiam.

2104 4848 2371 4914 Confusus
2403 4859 2481 4906 est
2516 4851 2707 4907 Belus.

2100 4941 2356 4999 Ostendit
2413 4957 2530 5000 rem
2591 4959 2702 5000 non
2753 4943 2992 5000 humano
3043 4959 3196 5000 more
3249 4945 3621 5010 successisse;

2032 5039 2277 5094 omnium
2317 5039 2463 5095 enim
2508 5039 2805 5096 fortissima
2856 5048 2976 5096 erat
3014 5049 3070 5096 et
3114 5039 3350 5096 feliciter
3393 5040 3622 5110 degens.

2033 5129 2148 5189 Non
2179 5132 2299 5203 ejus
2343 5133 2551 5190 deliciae
2590 5134 2760 5190 Deum
2797 5132 3105 5200 ﬂexerunt,
3137 5141 3243 5188 non
3287 5131 3433 5188 aliud
3465 5132 3620 5202 quid-

2031 5225 2198 5294 piam.
2233 5225 2300 5280 Et
2350 5227 2489 5284 bene
2518 5226 2783 5284 confusus
2812 5235 2898 5283 cst
2931 5235 3127 5298 praeter
3154 5224 3620 5296 exspectationem

2035 5319 2103 5374 ab
2128 5319 2384 5392 indignis.

2067 5398 2076 5402 h
2109 5411 2328 5467 Tradita
2355 5422 2433 5468 est
2463 5412 2768 5471 Merodacli.

2100 5501 2393 5560 Interiores
2433 5503 2583 5576 ipsis,
2613 5513 2668 5561 et
2695 5504 2911 5576 penitus
2943 5503 3063 5559 illus
3089 5501 3370 5560 delebant.

2095 5692 2256 5750 Vens.
2301 5695 2352 5749 4.
2397 5693 2459 5747 1η
2492 5693 2673 5750 diebus
2706 5694 2828 5750 illis.

3217 5963 3300 6026 35
