4084 6460
1177 416 1750 482 SUPPLEMENTUM
1789 414 1879 471 Al)
1921 413 1978 468 s.
2021 412 2070 467 ι.
2113 407 2598 467 cunvsosrout
2643 406 2893 466 orsus.
3584 406 3725 462 ωδε

2214 533 2359 602 Ὅρα
2395 529 2592 592 αὐτοὺς
2634 529 2758 599 οὐχὶ
2801 525 3142 596 φεύγοντας,
3191 522 3328 578 ἀλλὰ
3360 525 3731 596 συντεταγμέν-

2137 641 2281 687 νους·
2310 623 2458 684 τίνος
2485 622 2672 674 ἕνεκεν
2702 619 3020 683 κλαίοντες;
3053 619 3112 672 ἐν
3140 617 3219 687 τῷ
3245 615 3425 688 καιρῷ
3446 617 3555 670 τῶν
3571 618 3732 690 susp-

2138 716 2339 784 γεσιῶν
2369 714 2608 786 μάλιστα
2634 712 2744 766 τῶν
2780 710 3208 781 ἁμαρτημάτων
3238 708 3613 775 αἰσθάνονται,
3649 711 3733 764 ὅτι
3754 721 3768 786 ,5

2138 768 2220 873 εἰς
2261 768 2434 871 οὕτως
2463 809 2675 877 ἥμερον
2708 807 2802 858 καὶ
2825 768 3218 874 ’φιλάνθρωπον
3249 801 3383 855 Θεὸν
3410 768 3762 872 ἐξύϐρινσανλ

2139 901 2229 954 τὸν
2257 900 2358 954 οὐκ
2399 899 2731 969 ἀνεχόμενον
2764 897 2844 960 εἰς
2877 896 3030 959 τέλος
3060 895 3261 958 αὐτοὺς
3292 893 3615 960 ἀπολέσθαι,
3643 888 3768 948 τδι⁸

2141 995 2200 1048 ἐν
2233 996 2300 1066 τῇ
2329 993 2438 1046 τῶν
2467 992 2682 1063 ἐχθρῶν
2708 991 2926 1060 ἐκδικίᾳ¹
2960 988 3160 1052 αὐτοὺς
3189 987 3563 1057 ἀναγαγόντα.

2215 1089 2320 1139 Δια
2331 1085 2490 1153 θήκη
2518 1085 2628 1155 γὰρ
2658 1082 2918 1148 αίὼνιος.

2216 1180 2364 1250 Ὅρα
2395 1178 2558 1232 πάλιν
2587 1175 2769 1230 αὐτῶν
2793 1173 2868 1239 ὡς
2897 1173 3256 1230 καταστέλλει
3283 1172 3352 1227 τὰ
3383 1173 3733 1244 φρονήματα·

2142 1272 2232 1326 ἵνα
2257 1271 2367 1344 γὰρ
2395 1270 2494 1342 τὴν
2525 1269 2786 1324 ἐπάνοδον
2814 1271 2889 1339 μὴ
2930 1269 3044 1331 τοῖς
3082 1267 3310 1329 οἰκείοις
3343 1264 3737 1337 κατορθώμασι

2141 1362 2491 1432 λογίσωνται,
2529 1361 2696 1430 φησὶν
2727 1361 2792 1413 ἐκ
2839 1357 3080 1422 παλαιᾶς
3126 1358 3403 1428 συνθήκης
3445 1355 3604 1411 τοῦτο
3640 1373 3736 1425 γε-

2142 1456 2382 1526 γονέναι.

2208 1550 2495 1620 ,ΙΙρόϐατα
2539 1547 2900 1602 ἀπολωλότα
2937 1543 3191 1614 ἐγενήθη
3225 1545 3258 1596 ό
3288 1544 3440 1606 λαός
3463 1558 3606 1610 μου.

439 430 578 491 1031

519 553 821 613 Considera
857 562 954 604 eos
997 562 1103 601 non
1134 546 1409 616 fugientes
1431 585 1446 610 ,
1486 541 1578 595 sed
1624 539 1818 594 ordine
1848 536 2037 590 ambu-
2068 541 2110 598 Α

448 652 670 706 iantes:
729 657 827 699 cur
872 656 1004 697 vero
1043 637 1282 695 ﬂentes?
1336 646 1582 704 tempore
1639 629 2033 685 beneﬁciorum

449 741 722 810 praecipue
753 745 1105 805 peccatorum
1135 743 1356 784 sensum
1406 725 1626 787 habent,
1670 720 1813 790 qttod
1843 721 1896 772 in
1924 730 2032 773 tam

451 839 794 886 mansuetum
823 828 1232 891 humanumque
1258 819 1425 873 Deum
1447 811 1830 871 contumeliosi
1857 810 2032 875 fuere,

449 923 668 992 quieos
699 918 920 974 omnino
947 914 1126 986 perire
1166 927 1272 968 non
1311 909 1535 982 patitur,
1584 907 1674 976 qui
1729 903 2038 960 ulciscendo

455 1017 638 1069 hostes
670 1010 882 1066 reduxit
913 1009 1079 1078 ipsos.

524 1103 720 1158 Foedus
751 1101 891 1154 enim
917 1108 1190 1154 aeternum.

515 1192 809 1248 Considera
837 1203 1024 1244 rursus
1053 1198 1112 1242 ut
1130 1199 1319 1242 eorum
1345 1180 1714 1256 arrogantiam
1737 1178 2034 1249 reprimat.

450 1301 520 1343 ne
548 1287 694 1341 enim
725 1286 839 1340 suis
868 1282 1086 1338 meritis
1133 1277 1414 1334 ascribunt
1475 1275 1617 1346 quod
1648 1272 1882 1346 regressi
1905 1270 2036 1336 sint,

449 1393 517 1435 ex
550 1381 720 1435 veteri
751 1377 854 1434 hoc
882 1376 958 1432 ait
993 1389 1116 1431 esse
1149 1372 1375 1428 foedere.

525 1563 690 1620 Vsus.
720 1560 774 1618 6.
811 1561 941 1617 Oves
965 1558 1182 1628 perditae
1207 1556 1377 1627 factus
1408 1566 1484 1611 est
1512 1554 1735 1625 populus
1765 1567 1932 1607 meus.
1963 1514 1968 1518 '

523 1653 661 1711 Nam
698 1669 766 1710 ne
817 1655 941 1724 quis
974 1653 1216 1716 diceret,
1248 1649 1360 1704 Cur
1399 1646 1705 1718 perdidisti,
1739 1653 1793 1698 et
1821 1643 1998 1698 salvas
2023 1679 2040 1704 ν

452 1758 674 1819 propter
701 1761 857 1802 suam
890 1743 1172 1812 segnitiem
1215 1743 1497 1811 perierunt
1540 1738 1665 1809 ipsi,
1699 1746 1754 1792 et
1780 1735 1870 1806 qui
1899 1749 2042 1805 pra:-

2221 1643 2341 1696 ’Ὶνα
2375 1641 2483 1712 γὰρ
2514 1641 2588 1712 μὴ
2619 1639 2750 1713 λέγῃ
2778 1655 2884 1702 τις,
2911 1637 3067 1700 Τίνος
3097 1636 3288 1689 ἕνεκεν
3322 1631 3614 1696 ἀπώλεσας
3640 1630 3736 1686 καὶ

2148 1733 2380 1798 σώζεις;
2415 1733 2503 1786 διὰ
2532 1732 2630 1800 τὴν
2672 1731 2884 1784 οἰκείαν
2931 1728 3211 1800 ῥᾳθυμίαν
3265 1726 3546 1780 ἀπώλοντο
3583 1723 3736 1777 αὐτοὶ

451 1815 631 1898 erant.
677 1839 846 1909 Igitur
892 1837 1016 1892 illos
1055 1836 1187 1891 dare
1221 1848 1412 1906 pennas
1462 1831 1788 1904 Oportebat,
1839 1828 1935 1884 sed
1988 1835 2046 1881 et

2155 1826 2243 1879 καὶ
2266 1828 2315 1879 οἱ
2346 1824 2672 1896 προστάται.
2699 1823 2816 1875 Οὺκ
2841 1821 2933 1876 οὖν
2952 1821 3198 1883 ἐκείνους
3225 1818 3330 1872 ἔδει
3351 1817 3536 1872 δοῦναι
3558 1815 3733 1886 δίκην,

454 1933 614 1997 istos,
646 1946 714 1986 ne
741 1929 849 1984 illis
888 1935 1170 1999 parerent.

529 2027 695 2083 Obliti
718 2034 841 2082 sunt
869 2024 1058 2079 cubilis
1091 2023 1198 2078 sui.

529 2118 727 2175 Patria:
755 2119 952 2175 oblitos
978 2131 1124 2184 esse,
1155 2129 1343 2172 eorum
1373 2112 1653 2170 delictum.

529 2305 698 2361 Vens.
735 2304 793 2359 7.
839 2301 1038 2358 Omnes
1082 2302 1172 2369 qui
1218 2300 1530 2354 invenerunt
1568 2312 1655 2353 eos
1706 2291 2048 2349 absumebant

457 2415 569 2455 σοι.

529 2490 668 2546 Vide
692 2501 751 2544 ut
779 2488 1050 2558 benignus
1093 2485 1219 2556 ipse
1254 2485 1348 2548 sit,
1385 2482 1577 2539 solitus
1605 2479 1674 2536 ab
1704 2479 1866 2536 initio
1888 2477 2052 2534 bene-

459 2585 578 2640 ﬁcia
609 2583 663 2639 in
691 2583 808 2638 illos
834 2579 1120 2645 conferre;
1152 2578 1228 2633 illi
1263 2575 1689 2647 contra,iniqui.

543 2675 660 2730 Hoc
693 2683 800 2738 est,
835 2687 903 2728 ne
937 2673 1010 2727 sit
1069 2669 1222 2725 vobis
1270 2678 1424 2740 grata
1481 2665 1745 2722 habitatio
1784 2661 2050 2734 Babylon,

460 2765 716 2834 quoniam
747 2763 818 2819 ibi
848 2767 1254 2825 remanserunt,
1285 2757 1368 2812 vel
1401 2756 1446 2811 si
1481 2769 1584 2810 non
1614 2755 1720 2810 hoc
1741 2791 1757 2820 ,
1794 2761 2050 2821 tanquant

462 2859 749 2919 dracones,
779 2853 834 2908 id
867 2861 972 2920 est,
1006 2851 1297 2906 horribiles
1329 2858 1384 2904 et
1417 2847 1627 2901 infesti.

528 2947 694 3003 Vsus.
743 2944 830 3000 12.
869 2944 937 2998 In
973 2943 1141 3008 bona,
1176 2939 1486 2995 novissima.

528 3038 793 3095 Ultimam
833 3043 997 3091 vocat
1030 3035 1240 3090 ratione
1265 3031 1369 3088 loci
1394 3070 1410 3097 ,
1445 3029 1586 3100 quod
1609 3041 1798 3084 omnes
1835 3026 2057 3082 device-

465 3132 538 3188 rit
579 3133 871 3187 destruens
921 3143 1037 3185 eos.
1075 3125 1174 3182 Vel
1223 3126 1348 3196 quia
1401 3124 1513 3179 Deo
1571 3122 1854 3194 peccavit,
1894 3120 2055 3190 idque

465 3223 736 3295 pracipne
772 3219 992 3292 quidem
1029 3233 1096 3274 ex
1134 3217 1521 3287 praedictione,
1575 3214 1771 3269 deinde
1817 3225 1947 3266 vero
1986 3224 2049 3263 ex
2081 3232 2129 3294 ο

467 3315 642 3370 reditu
676 3312 903 3368 Iudaico
932 3310 1284 3367 manifestum
1318 3315 1426 3363 est.
1464 3306 1564 3373 Qui
1603 3305 1746 3361 enim
1783 3300 2056 3373 persuasit

463 3409 546 3462 eis
579 3407 670 3476 qui
701 3405 974 3460 civitatem
1004 3409 1286 3473 ceperant,
1320 3408 1379 3454 ut
1409 3401 1506 3454 bos
1536 3397 1874 3453 dimitterent
1905 3401 2056 3448 tanto

465 3514 591 3555 cum
637 3498 846 3553 bonore
869 3536 885 3561 ,
929 3495 977 3550 is
1008 3495 1198 3564 utique
1223 3501 1279 3548 et
1308 3492 1593 3547 victoriam
1643 3496 1900 3560 operatus
1933 3493 2054 3551 est,

467 3590 670 3661 passim
700 3589 932 3643 allirmat
967 3588 1111 3642 illaut
1148 3600 1178 3640 a
1213 3584 1324 3640 Deo
1358 3585 1522 3638 tradi.

542 3682 702 3738 Vens.
739 3683 822 3737 16.
862 3681 902 3734 Α
942 3680 1080 3749 facie
1108 3678 1277 3749 gladii
1302 3677 1505 3732 erci.

537 3774 754 3829 Etenim
801 3772 847 3827 si
892 3785 1086 3826 errans
1134 3784 1242 3824 non
1291 3767 1508 3833 fuisset,
1555 3773 1712 3834 capta
1745 3778 1855 3818 non
1889 3767 2056 3825 esset,

468 3867 673 3939 quippe
713 3874 922 3919 natura:
951 3861 1383 3917 imbecillitatem
1437 3859 1516 3914 vis
1546 3855 1784 3928 pastoris
1822 3853 2060 3909 circum-

470 3961 727 4014 vallabat.
761 3955 890 4012 Ovis
931 3964 1089 4020 erat,
1122 3953 1215 4010 sed
1259 3952 1361 4008 sub
1395 3960 1616 4022 pastore
1659 3948 1807 4015 Deo;
1843 3947 1888 4002 si
1940 3945 2059 4000 ovis

471 4051 865 4126 permansisset
887 4045 1104 4104 subdita
1150 4054 1203 4101 et
1240 4043 1539 4108 obediens,
1583 4054 1690 4095 non
1722 4051 1881 4109 passa
1915 4042 2062 4090 esset

470 4125 590 4218 quae
614 4159 768 4217 passa
801 4152 922 4208 est.
949 4158 1052 4199 non
1084 4141 1230 4196 enim
1263 4146 1485 4210 propter
1517 4130 1892 4203 impotentiam
1915 4170 1930 4196 ,
1964 4125 2058 4182 sed

469 4238 615 4310 quod
649 4252 709 4294 se
739 4251 770 4292 e
808 4235 1054 4292 Pastoris
1093 4229 1437 4305 providentia
1478 4225 1761 4289 subduxit,
1799 4219 2062 4279 sustinuit

470 4345 591 4402 quae
628 4329 909 4384 sustinuit.

543 4422 706 4477 Vsus.
739 4421 828 4476 i7.
873 4419 1068 4476 Leones
1106 4416 1422 4486 expulerunt
1449 4429 1594 4468 eum.

545 4512 682 4569 Vide
713 4523 772 4568 ut
804 4513 1003 4582 passim
1039 4510 1336 4580 exprobret
1368 4518 1564 4576 paenae.

545 4694 711 4750 V-ztts.
755 4691 843 4747 18.
887 4691 1175 4760 Propterea
1215 4690 1322 4742 haec
1351 4687 1499 4739 dicit.

548 4787 661 4842 Non
710 4783 947 4841 habebas
985 4791 1168 4851 aptum
1203 4772 1548 4845 exemplum?
1598 4773 1714 4828 Non
1762 4773 2059 4829 audiebas?

475 4878 925 4949 Compreltendam
977 4875 1153 4931 orbem
1208 4881 1473 4926 terrarum
1543 4868 1695 4937 quasi
1749 4868 1959 4934 nidum,
2007 4875 2060 4921 et

473 4973 628 5040 quasi
657 4969 907 5026 derelicta
949 4983 1048 5022 ora
1115 4978 1424 5018 consumam
1469 4961 1536 5014 ”.
1572 4959 1683 5014 Hoc
1719 4958 1922 5014 factum
1951 4968 2058 5025 est,

475 5072 530 5118 et
578 5062 739 5116 linem
781 5057 991 5115 habuit.
1045 5054 1241 5112 Vidisti
1283 5052 1426 5124 quod
1474 5065 1574 5121 ego
1624 5051 1774 5107 illum
1824 5050 2055 5118 tradidi,

477 5152 645 5209 multo
675 5150 847 5222 magis
876 5151 942 5206 de
971 5147 1144 5220 teipso
1173 5156 1353 5202 certus
1384 5144 1483 5200 sis.

543 5244 712 5302 Vsus.
741 5243 829 5299 20.
867 5243 1142 5310 ﬂuerent.

544 5337 664 5394 Non
713 5336 850 5393 dixit
892 5351 907 5388 :
939 5334 1076 5403 Quia
1110 5333 1199 5390 ille
1233 5337 1286 5390 in
1320 5333 1604 5390 meliorem
1635 5331 1845 5405 frugem
1874 5348 1934 5388 se
1967 5347 2055 5388 re-

477 5427 726 5492 vocavit;
759 5424 854 5481 sed
881 5443 895 5480 :
923 5424 1188 5493 Quoniam
1215 5439 1315 5494 ego
1341 5425 1478 5479 iram
1515 5423 1707 5492 abjeci.
1741 5422 1852 5477 Nec
1880 5423 2057 5478 dixit:

477 5517 594 5574 Erit
619 5517 835 5588 quidem
865 5517 968 5584 ira,
997 5521 1113 5584 sed,
1143 5516 1259 5574 Non
1284 5517 1605 5579 uleiscetur.
1638 5516 1734 5571 sed
1761 5513 1922 5586 plane
1955 5529 2060 5568 non

479 5610 784 5683 apparebit.
837 5609 1066 5669 Peccata
1096 5625 1225 5684 ergo
1256 5626 1376 5669 eam
1409 5608 1774 5676 tradiderunt,
1802 5623 1908 5664 non
1951 5607 2058 5664 im-

482 5702 746 5774 polentia.

557 5878 605 5913 ⁸³
634 5879 741 5939 lsa.
772 5896 832 5946 ι,
859 5885 946 5937 u.

2078 1894 2120 1949 Β
2150 1917 2286 1972 ἀλλὰ
2313 1894 2411 1970 καλ.
2435 1918 2658 1980 τούτους
2678 1955 2692 1979 ,
2727 1914 2869 1967 ὣστε
2897 1914 2992 1967 καὶ
3019 1910 3326 1966 πείθεσθαι.

2234 2007 2626 2063 Ἐπελὰθοντο
2648 2007 2853 2073 κοίτης
2881 2003 3103 2060 αὐτῶν.

2221 2095 2397 2149 Τοῦτο
2445 2095 2627 2150 αὐτῶν
2664 2096 2954 2166 ἔγκλημα,
2989 2093 3052 2148 τὸ
3087 2093 3190 2164 τῆς
3233 2091 3494 2165 πατρίδος
3545 2089 3736 2145 ἐπιλα-

2152 2186 2366 2242 θέσθαι.

2222 2279 2457 2348 Πάντες
2484 2281 2539 2334 οὶ
2571 2280 2966 2349 εὑρίσκοντες
2992 2277 3237 2345 αὐτούς.

2253 2466 2370 2537 Ορα
2409 2463 2528 2527 πῶς
2554 2463 2716 2528 αὐτὸς
2747 2461 3131 2534 φιλάνθρωπος
3163 2463 3371 2519 ἄνωθεν
3399 2462 3605 2528 είωθὺς
3638 2463 3736 2518 αὺ-

2151 2556 2279 2619 τοὺς
2309 2557 2645 2626 εὐεργετεῖν,
2686 2556 2738 2609 οἱ
2764 2555 2822 2608 δὲ
2855 2555 3052 2611 ἄδικοι.

2223 2649 2504 2716 Τουτέστι,
2540 2649 2614 2719 μὴ
2635 2649 3069 2720 ἐμφιλοχωρεῖτε
3119 2653 3186 2723 τῇ
3212 2651 3516 2720 Βαϐυλῶνι,
3549 2653 3739 2722 ἐπειδὴ

2154 2741 2519 2811 ἐναπέμειναν
2541 2741 2758 2794 tite-.1111
2782 2743 2830 2794 εί
2853 2741 2928 2813 μὴ
2949 2741 3128 2810 τοῦτο,
3157 2742 3236 2808 ὡς
3259 2743 3574 2815 δράκοντες,
3596 2763 3742 2800 τουτ-

2155 2833 2274 2886 έστι
2306 2834 2528 2904 φοϐεροὶ⁸
2558 2833 2655 2886 καὶ
2683 2833 2966 2903 ἐπαχθεῖς.

2240 2923 2366 2978 Ἐπ’
2395 2924 2607 2994 ἀγαθὰ,
2637 2924 2888 2994 ἐσχάτη.

2241 3021 2375 3073 Ἀπὸ
2401 3020 2496 3072 τοῦ
2537 3024 2704 3074 τόπου
2741 3022 2908 3093 φησὶν
2947 3020 3206 3094 ἐσχάτην,
3240 3024 3322 3078 ὅτι
3356 3023 3498 3079 κατά
3525 3027 3736 3080 ⁴τιάντωτι

2157 3113 2466 3184 ἐκράτησεν
2492 3112 2792 3184 ἀναιροῦσα
2813 3113 3035 3178 αὐτούς.
3056 3115 3128 3168 Ἦ
3154 3117 3236 3169 δτι
3259 3116 3337 3188 τῷ
3359 3116 3478 3188 Θεῷ
3499 3118 3740 3188 ἦμαρτε’

2164 3203 2400 3274 μάλιστα
2433 3203 2531 3274 μὲν
2559 3204 2654 3257 καὶ
2689 3205 2752 3255 ἐκ
2781 3203 2882 3272 τῆς
2925 3205 3323 3275 προρρήσεως,
3358 3206 3549 3260 ἔπειτα
3587 3207 3645 3262 δὲ
3681 3211 3744 3262 ἐκ

2160 3297 2258 3366 τῆς
2288 3295 2477 3350 ἀνόδου
2500 3298 2599 3363 τῆς
2640 3297 2943 3367 Ἰουδαϊκῆς
2973 3297 3135 3351 τοῦτο
3166 3298 3346 3369 δῆλον.
3394 3299 3452 3353 '0
3479 3299 3586 3372 γὰρ
3614 3303 3742 3365 τοὺς

2157 3386 2422 3451 λαϐόντας
2447 3387 2546 3458 τὴν
2581 3387 2736 3441 πόλιν
2767 3387 3073 3452 ἀναπείσας
3097 3389 3325 3454 τούτους
3358 3391 3576 3460 ἀφεῖναι
3607 3392 3747 3464 μετά

2157 3478 2429 3550 τοσαύτης
2481 3477 2688 3549 τιμῆς,
2728 3472 2884 3542 οὗτος
2933 3480 3028 3533 καὶ
3078 3481 3175 3551 τὴν
3219 3482 3380 3554 νίκην
3429 3484 3746 3555 είργάσατο,

2159 3571 2438 3642 πανταχοῦ
2473 3588 2660 3643 φησιν,
2693 3573 2776 3626 ὅτι
2814 3573 2842 3624 ὁ
2873 3573 3008 3638 Θεὸς
3044 3573 3213 3644 αὐτὴν
3242 3577 3604 3646 παραδίδωσι.

2242 3667 2376 3721 Ἀπὸ
2397 3665 2722 3735 προσώπου
2743 3669 3041 3738 μαχαίρας
3075 3667 3463 3740 Ἑλληνικῆς.

2231 3759 2294 3812 Ei
2335 3760 2410 3831 μὴ
2450 3759 2559 3830 γὰρ
2592 3759 3012 3832 πεπλανημένον
3045 3759 3133 3835 ἦν,
3162 3762 3263 3833 οὐχ
3295 3760 3472 3816 ἐάλωο
3506 3761 3608 3834 τὴν
3639 3763 3748 3835 γὰρ

2160 3851 2270 3906 ἀπὸ
2295 3852 2395 3923 τῆς
2427 3850 2644 3920 φύσεως
2685 3851 2972 3905 ἀσθένειαν
3003 3854 3268 3924 ἐτείχιζεν
3300 3855 3333 3925 ἡ
3360 3853 3454 3907 τοῦ
3488 3855 3748 3924 ποιμένος

2164 3942 2338 4014 ίσχύς.
2377 3943 2656 4015 Πρόϐατον
2688 3938 2776 4016 ἦν,
2809 3945 2922 3998 ἀλλ’
2954 3947 3061 4000 ὑπὸ
3093 3946 3310 4016 ποιμένι
3343 3947 3465 4018 Θεῷ
3489 3963 3503 3978 ο
3536 3949 3584 4000 εί
3615 3948 3747 4019 πρό-

2164 4035 2328 4090 ϐατον
2357 4036 2541 4107 ἔμεινε
2575 4037 2670 4090 καὶ
2703 4038 3040 4103 καταπειθές
3061 4079 3075 4103 ,
3104 4041 3200 4093 καὶ
3241 4039 3504 4110 ὑπήκοον,
3552 4041 3651 4092 οὐκ
3680 4040 3746 4094 ἂν

2163 4128 2366 4182 ἔπαθεν
2396 4129 2542 4199 ἅπερ
2572 4127 2796 4183 ἔπαθεν·
2835 4130 2956 4184 οὐδὲ
2985 4131 3094 4202 γὰρ
3121 4129 3181 4194 ἐξ
3211 4129 3517 4196 ἀσθενείας,
3543 4131 3658 4185 ἀλλ’
3682 4133 3748 4186 ἐκ

2164 4219 2262 4274 τοῦ
2315 4221 2416 4290 τῆς
2472 4221 2841 4292 ποιμαντικῆς
2887 4223 3271 4294 ἀπορραγῆναι
3319 4223 3608 4295 προνοίας,
3645 4224 3739 4279 ὑπ’

2162 4314 2378 4385 ἔμεινεν
2409 4313 2553 4384 ἅπερ
2581 4313 2897 4384 ὑπέμεινεν.

2232 4405 2491 4472 Λέοντες
2532 4405 2773 4471 ἕξωσαν
2799 4408 3004 4462 αὐτόν.

2240 4499 2414 4571 Ὅρα,
2448 4498 2566 4562 πῶς
2614 4500 2892 4570 πανταχοῦ
2922 4499 3019 4572 τὴν
3060 4499 3310 4557 ἐπίτασιν
3341 4500 3442 4574 τῆς
3477 4503 3746 4574 τιμωρίας

2097 4587 2140 4642 D
2171 4593 2410 4660 ἐγκαλεῖ.

2235 4686 2337 4740 Διὰ
2378 4685 2551 4740 τοῦτο
2581 4686 2720 4740 τάδε
2743 4685 2926 4756 λέγει.

2234 4780 2349 4833 Οὐκ
2407 4773 2553 4849 εἶχες
2608 4779 2791 4833 ἱκανὸν
2840 4779 3228 4852 παράδειγμα;
3283 4780 3396 4834 Οὐκ
3449 4781 3645 4852 ἢκουες
3697 4779 3748 4832 τί

2165 4872 2352 4941 ἔλεγεν
2377 4874 2618 4938 ἐκεῖνοςς
2651 4871 3084 4942 Καταλήψομαι
3130 4872 3245 4942 τὴν
3281 4873 3641 4942 οἰκουμένην
3666 4871 3744 4935 ὡς

2163 4965 2428 5016 νοσσιὰν
2474 4961 2573 5016 καὶ
2624 4963 2704 5026 ὡς
2739 4961 3246 5030 καταλελειμμένα
3300 4961 3384 5015 ὠὰ
3412 4961 3552 5030 ἀρῶ.
3609 4957 3744 5011 Τοῦ-

2163 5057 2457 5124 τογέγονε,
2513 5055 2606 5108 καὶ
2649 5053 2801 5117 τέλος
2851 5053 3071 5108 ἐλαϐενο
3103 5047 3256 5118 Εἶδες
3295 5054 3377 5107 ὅτι
3406 5053 3519 5123 ἐγὼ
3543 5054 3748 5106 ἐκεῖνον

2165 5146 2478 5216 παρέδωκα,
2506 5145 2687 5216 πολλῷ
2715 5146 2917 5217 μᾶλλον
2951 5145 3044 5199 καὶ
3073 5145 3206 5216 περὶ
3238 5143 3438 5198 σαυτοῦ
3471 5143 3746 5214 πείσθητι.

2233 5239 2602 5306 Ζητήσουσι.

2231 5331 2348 5382 υύκ
2369 5325 2544 5393 εἶπεν,
2575 5327 2794 5400 Ἐπειδὴ
2826 5326 3204 5400 διωρθώσατο·
3239 5326 3626 5396 ἀλλὰ,”Επειδὴ
3654 5326 3750 5394 τῆς

2163 5421 2331 5493 ὀργῆς
2378 5423 2621 5492 ἀπέστην
2655 5420 2787 5490 ἐγώ.
2815 5421 2930 5476 Οὐκ
2975 5416 3150 5487 εἶπεν,
3197 5421 3278 5475 ὅτι
3309 5421 3506 5474 Ἔσται
3534 5419 3656 5490 μὲν,
3692 5417 3749 5470 οὐ

2163 5515 2542 5586 τιμωρήσεται
2584 5513 2676 5579 δὲ,
2703 5513 2841 5580 ἀλλ’,
2879 5511 3015 5567 Οὐδὲ
3063 5515 3316 5584 φανεῖται
3353 5511 3516 5582 αὐτή·
3548 5509 3657 5582 ἄρα
3689 5507 3756 5562 τὰ

2167 5606 2539 5680 ἁμαρτήματα
2563 5605 2733 5678 αὐτὴν
2760 5606 3101 5678 παρέδωκεν,
3129 5606 3230 5661 οὐκ
3259 5604 3539 5661 ἀσθένεια.
3704 5597 3707 5600 ’
