4084 6508
354 511 494 568 1055
1154 498 1161 503 ’
1511 497 1943 558 FRAGMENTA

2033 496 2049 551 i
2091 497 2464 555 JEREMIAM.
3512 500 3646 558 103!

414 606 552 685 Πῶς
584 618 980 688 συνεκλάσθη
995 619 1033 682 ς’
1979 617 2027 674 Δ

1979 617 2028 674 Α
2128 612 2296 669 Vens.
2323 613 2416 669 2'5.
2451 614 2728 680 Quomodo
2761 614 3073 685 confractus
3102 624 3153 671 et
3184 618 3444 672 contritus
3465 619 3492 673 .’

418 707 574 774 Εἶδες
603 709 724 773 πῶς
755 708 1106 781 παρέστησεν
1137 706 1307 778 αὐτῆς
1336 703 1438 778 τὴν
1491 703 1677 776 ίσχύν;
1702 701 1821 767 πῶς
1846 702 1948 773 τὴν

2126 703 2293 761 Vides
2348 707 2625 777 quomodo
2673 708 2817 763 illius
2853 708 2997 764 vires
3028 709 3344 779 expressit?
3379 713 3651 779 qumnmln

351 801 565 872 πληγὴν
614 798 716 871 τὴν
769 798 1083 870 ἁφόρητον;
1113 795 1248 850 Εἶτα
1284 794 1564 866 πανταχοῦ
1596 812 1783 866 φησιν,
1824 793 1948 846 ’Ότι

2055 794 2269 868 plagam
2319 799 2720 857 intolerabilem
2755 801 2780 855 ?
2841 800 3046 857 Deinde
3104 801 3312 871 passim
3352 802 3430 857 ait
3462 821 3478 857 :
3513 802 3650 871 Quia

354 894 426 965 τῷ
481 890 671 962 Κυρίῳ
700 891 955 963 ἀντέστη,
1007 891 1259 962 ἥμαρτε·
1302 887 1400 943 καὶ
1464 887 1557 942 τὸν
1598 886 1805 959 τρόπον
1851 886 1952 956 τῆς

2057 887 2287 948 Domino
2353 892 2604 959 restitit,
2656 894 2955 966 peccavit;
3005 895 3345 966 modumque
3394 898 3653 967 exprimit

348 983 649 1059 ἁμαρτίας,
682 982 890 1050 Καθὼς
922 982 1198 1053 ἐποίησε,
1220 981 1616 1053 ποιηθήσεται
1640 977 1820 1049 αὐτῇ.

1324 981 1616 1053 ηθήσεται
1640 977 1820 1049 αὐτῇ.
2053 982 2266 1050 peccati
2295 997 2311 1037 :
2346 981 2495 1038 Sicut
2526 984 2669 1055 fecit,
2707 985 2800 1056 ﬁet
2830 985 2931 1040 illi.

434 1075 829 1133 Ἀνταπόδοτε
861 1074 1040 1145 αὐτῇ.

2130 1074 2299 1132 Vens.
2339 1076 2430 1133 29.
2473 1075 2772 1133 Rctribuite
2803 1078 2873 1135 ei.

422 1171 537 1225 Καὶ
580 1168 684 1242 τὴν
721 1168 1112 1241 μακροθυμίαν
1133 1207 1148 1232 ,
1183 1167 1267 1221 ὅτι
1298 1167 1426 1240 ἥκει
1457 1169 1487 1221 ὁ
1521 1166 1711 1237 καιρὸς
1754 1166 1949 1237 αὐτῆς.

2129 1169 2196 1225 Ει
2255 1169 2770 1241 longaniniitatem,
2835 1170 3097 1241 quoniam
3158 1172 3382 1229 advenit
3439 1182 3653 1243 tempus

352 1266 524 1319 Ὥστε
571 1264 668 1317 καὶ
708 1261 803 1317 τὸν
849 1260 1042 1335 καιρὸν
1085 1260 1378 1332 ἀνέμεινε,
1426 1261 1525 1316 καὶ
1579 1260 1736 1316 οὐδὲν
1784 1261 1951 1315 πλέον

2055 1261 2197 1332 ejus.
2227 1261 2306 1317 lta
2339 1271 2396 1317 et
2422 1271 2636 1333 tempus
2664 1264 3030 1335 exspectavit,
3051 1274 3109 1322 et
3136 1266 3271 1323 nihil
3302 1268 3429 1325 boni
3456 1285 3653 1326 conse-

351 1356 593 1426 ἒγένετο.
1262 1424 1265 1427 _

1262 1424 1265 1427 _
2056 1367 2267 1411 culum.

428 1447 580 1503 Τάδε
617 1448 782 1517 ,πέτει
820 1444 1056 1517 Κύριος.

2135 1442 2304 1499 Vens.
2342 1444 2432 1499 53.
2472 1441 2605 1499 Hazc
2635 1445 2764 1500 dicit
2801 1445 3080 1509 Dominus.

422 1540 541 1595 Οὐκ
576 1538 858 1611 ἠθέλησαν
897 1536 1172 1593 ἀπολῦσαι
1199 1535 1422 1601 αὐτούς.
1460 1537 1533 1592 ’Ἡ
1567 1534 1730 1592 τοῦτό
1760 1553 1948 1608 φησιν,

2132 1536 2436 1592 Noluerunt
2462 1551 2558 1594 eos
2591 1537 2893 1595 dimittere.
2922 1538 3024 1598 Vel
3052 1543 3155 1600 hoc
3186 1544 3341 1612 dicit,
3366 1547 3512 1616 quod
3545 1565 3650 1604 non

348 1635 438 1689 ὅτι
467 1633 569 1687 οὐκ
609 1632 679 1687 ἂν
732 1632 1016 1686 ἀπέλυσαν
1062 1630 1274 1703 οὕσπερ
1307 1631 1568 1702 κατεῖχον
1613 1630 1950 1702 αὐτοπροαι-

2059 1638 2254 1701 sponte
2288 1629 2635 1686 dimisissent
2667 1646 2763 1687 eos
2812 1647 2953 1704 quos
3014 1635 3355 1702 detinebant.
3388 1643 3482 1695 sed
3521 1642 3656 1696 resi-

356 1726 550 1799 ρέτως,
585 1723 702 1778 ἀλλ’
731 1724 1059 1779 ἀνθίσταντο
1113 1722 1192 1796 τῷ
1240 1723 1381 1796 Θεῷ,
1433 1722 1672 1796 ιαθάπερ
1712 1726 1743 1778 ὁ
1779 1724 1952 1793 Λιγύ-

1913 1726 1952 1775 i-
2059 1722 2279 1778 stebant
2305 1721 2450 1790 Deo,
2483 1724 2944 1791 quemadmodum
2976 1726 3264 1801 Egyptins
3294 1729 3526 1788 Pharao.

353 1836 513 1882 πτιος
538 1816 761 1889 Φαραώ.
2788 1882 2791 1889 η

424 1913 633 1979 Καθὼς
667 1913 1064 1982 κατέστρεψε.
1986 1965 2032 2026 Β

425 2008 493 2026 κν
538 2002 625 2026 -f,
723 2006 769 2026 ,ο
827 2006 1192 2026 ,.,._-___A94__._
1253 2005 1460 2026 ἰη-μ--
1518 1998 1605 2026 ,τη
1647 2005 1797 2026 __,~--
1858 2007 1952 2026 __~2_

1543 1998 1572 2023 τ
1986 1965 2032 2026 Β
2131 1909 2301 1969 Vens.
2341 1912 2434 1970 40.
2472 1911 2624 1969 Sicut
2655 1915 2930 1973 subvertit.

425 2008 493 2062 Ti
530 2002 664 2073 οὖν,
716 2006 778 2061 οὐ
825 2006 1195 2073 κατοικεῖται;
1253 2005 1467 2077 Ὠσπερ
1512 1998 1608 2060 οὖν
1644 2005 1804 2059 τοῦτο
1854 2007 1953 2078 τῆς
1989 1998 2032 2026 ¹³

2130 2004 2277 2075 Quid
2315 2020 2469 2079 ergo,
2503 2022 2572 2062 an
2617 2021 2724 2065 n0n
2768 2009 3094 2070 habitatur?
3141 2014 3298 2073 Sicut
3341 2018 3506 2091 igitur
3552 2022 3656 2077 hoc

354 2102 701 2176 ὑπερϐολῆς,
732 2101 877 2157 οὕτω
907 2101 1005 2157 καὶ
1032 2102 1164 2157 ὅταν
1194 2102 1334 2173 λέγῃ
1354 2118 1371 2135 ο
1406 2101 1607 2166 Καθὼς
1640 2100 1858 2173 ὤμοσα,
1896 2102 1956 2157 ὲν

2059 2100 2267 2157 dictum
2320 2099 2677 2171 hyperbolice
2737 2111 2862 2169 est,
2917 2103 2995 2161 ita
3044 2115 3104 2162 et
3160 2124 3285 2165 cum
3334 2111 3452 2174 ait.
3501 2113 3659 2169 Sicut

354 2198 435 2265 τῷ
475 2197 637 2252 ὕδατι
672 2195 751 2269 τῷ
782 2196 878 2251 ἐπὶ
924 2196 1051 2250 Νῶε
1087 2195 1146 2262 ἐξ
1178 2194 1490 2267 ὑπερϐολῆς
1513 2210 1526 2224 ·
1557 2190 1679 2249 εἶτα
1715 2195 1956 2266 συνεχῶς

2056 2193 2240 2265 juravi
2284 2193 2353 2249 de
2395 2208 2534 2263 aqua
2574 2190 2821 2265 tempore
2852 2194 3003 2265 Noe,
3042 2198 3416 2272 hyperbolice.
3457 2206 3657 2262 Deinde

353 2289 687 2362 ἐνδιατρίϐει
756 2291 871 2354 τοῖς
954 2289 1140 2354 αὐτοῖς
1229 2288 1434 2359 λόγοις.
1508 2287 1667 2353 Τίνος
1728 2288 1952 2357 ἓνεκεν;

2059 2284 2268 2357 pluries
2310 2285 2505 2340 eadem
2554 2286 2790 2356 repetit,
2823 2287 2956 2358 quid
3004 2289 3127 2349 ita?
3156 2291 3424 2360 Quoniam
3472 2296 3653 2352 incre—

363 2381 594 2455 Ἐπειδὴ
634 2380 868 2436 ἄπιστον
914 2374 986 2453 ἦν
1036 2381 1135 2436 καὶ
1161 2378 1472 2454 παράδοξον
1513 2381 1575 2435 τὺ
1616 2380 1953 2453 λεγόμενον,

2061 2382 2228 2439 dibile
2268 2390 2425 2449 erat,
2462 2391 2521 2438 et
2564 2389 2768 2452 praeter
2800 2382 3119 2454 Opinionem
3151 2387 3296 2454 quod
3340 2387 3650 2455 dicebatur,

352 2477 436 2531 ὅτι
474 2473 736 2528 Βαϐυλὼν
769 2472 1080 2541 ἁλώσεται,
1108 2472 1400 2548 ταχυτέρῳ
1437 2472 1707 2548 κέχρηται
1737 2476 1952 2547 τρόπῳ,

2062 2479 2179 2535 fore
2203 2487 2263 2534 ut
2285 2477 2530 2550 Babylon
2555 2487 2986 2549 expugnantur,
3014 2480 3202 2549 paucis
3231 2495 3345 2537 rem
3372 2483 3651 2554 exprimit,

353 2569 605 2633 ἐκτείνας
633 2568 734 2640 τὴν
765 2566 970 2622 ἅλωσιν
996 2562 1191 2640 αὐτῆς.

2059 2570 2400 2640 ampliﬁcans
2428 2568 2548 2643 ejus
2576 2569 3063 2641 expugnationem.

440 2662 597 2719 Ἰδοὺ
655 2661 808 2729 λαὸς
861 2661 1101 2733 ἔρχεται
1158 2662 1282 2717 ἀπὸ
1333 2660 1531 2733 Eappa
1553 2703 1569 2729 ,
1615 2662 1715 2717 καὶ
1776 2662 1956 2731 ἔθνος

2132 2661 2303 2718 Vens.
2359 2662 2452 2718 ιι.
2506 2658 2646 2717 Ecce
2693 2660 2923 2732 populus
2971 2663 3108 2717 venit
3153 2663 3219 2717 ab
3266 2665 3557 2734 Aquilone,
3604 2677 3654 2722 et

349 2754 536 2827 μέγα,
568 2755 666 2810 καὶ
691 2755 975 2822 βασιλεῖς
1012 2753 1517 2826 ἐξεγερθήσονται
1552 2757 1655 2812 ἀπ’
1684 2756 1956 2828 ἐσχάτου

2072 2775 2199 2830 gens
2229 2774 2445 2829 magna,
2480 2766 2530 2811 et
2558 2773 2704 2827 reges
2724 2756 3098 2811 excitabuntur
3119 2757 3186 2815 ab
3210 2769 3444 2815 extremo
3468 2769 3648 2828 (errat,

356 2847 465 2919 τῆς
495 2847 636 2920 γῆς,
672 2848 856 2911 τόξον
904 2847 1003 2903 καὶ
1060 2847 1425 2918 ἐγχειρίδιον
1453 2847 1724 2919 ἔχοντες.

1318 2851 1425 2904 τιον
1453 2847 1724 2919 ἔχοντες.
2077 2865 2263 2905 arcum
2294 2856 2343 2902 et
2377 2844 2628 2901 manuale
2659 2845 2931 2901 habentes.

428 2918 744 3009 Τουτέστιν,
766 2940 995 2995 ἀσπίδαο
1018 2939 1179 2995 τοῦτο
1206 2940 1318 3014 γὰρ
1349 2941 1649 3017 έρμηνεύει
1674 2943 1736 2998 τὸ
1762 2944 1956 3015 ἐγχει-

2134 2940 2363 2996 Scutum
2416 2950 2651 3007 nempe,
2705 2936 2810 2992 hoc
2849 2937 2997 2992 enim
3046 2937 3295 2993 manuale
3346 2918 3656 3013 signiﬁcat,

348 3034 552 3106 ρίδιον
572 3074 588 3102 ,
616 3033 697 3107 τῷ
733 3035 864 3104 περὶ
892 3035 953 3088 τὸ
982 3034 1041 3088 ἐν
1070 3036 1138 3106 τῇ
1171 3035 1324 3108 χειρὶ
1354 3035 1644 3108 φέρεσθαι.

1290 3035 1324 3088 μὶ
1354 3035 1644 3108 φέρεσθαι.
2057 3048 2130 3093 ex
2159 3049 2226 3091 co
2258 3032 2405 3105 quod
2434 3047 2596 3087 manu
2630 3039 2903 3102 gestatur.

427 3129 588 3185 Ἰδοὺ
635 3129 717 3195 ὡς
769 3126 929 3183 ,κέων
975 3127 1350 3198 ἀναϐήσεται
1390 3128 1513 3185 άπὸ
1565 3130 1957 3203 φρυάγματος·

2138 3125 2300 3181 Vens.
2336 3124 2430 3180 44.
2462 3121 2603 3177 Ecce
2624 3122 2780 3194 quasi
2811 3120 2893 3183 leo
2920 3121 3169 3179 ascendet
3197 3123 3266 3179 de
3301 3132 3506 3182 tumore
3531 3127 3660 3184 Jor-

354 3220 465 3278 τοῦ
500 3220 803 3292 Ἰορδάνου
841 3222 932 3288 εις
958 3221 1150 3276 τόπον
1177 3220 1388 3291 Ἐθάμ.

1177 3220 1388 3291 Ἐθάμ.
2062 3218 2219 3273 danis
2251 3218 2310 3273 in
2339 3216 2516 3273 locum
2543 3214 2764 3272 Etham.

426 3319 622 3376 Λέοντι
651 3318 959 3392 παρείκασε
985 3319 1080 3372 τὸν
1100 3317 1309 3389 Μῆδον.
1337 3317 1412 3372 Τὸ
1446 3318 1536 3385 δὲ,
1567 3319 1690 3375 ἀπὸ
1723 3320 1954 3392 φρυάγ-
1984 3330 2033 3395 c

2134 3309 2301 3366 Leoni
2333 3306 2674 3381 comparavit
2700 3304 2942 3363 Medum.
2979 3307 3062 3365 De
3085 3317 3292 3364 tumore
3314 3308 3575 3367 Iordanis
3604 3315 3657 3371 in

350 3429 542 3482 ματος
594 3409 704 3464 τοῦ
763 3407 1064 3477 Ἰορδάνου
1111 3409 1200 3473 εὶς
1243 3407 1436 3463 τόπον
1476 3407 1701 3477 Ἐθὰμ,
1748 3407 1955 3463 ὡσανεὶ

2062 3404 2237 3457 locum
2275 3399 2507 3467 Etham,
2542 3398 2706 3471 quasi
2742 3397 2820 3455 ibi
2858 3399 3047 3456 leones
3080 3403 3469 3460 consueverint
3504 3405 3659 3463 habi-

356 3503 547 3560 αὐτόθι
594 3500 704 3555 τῶν
743 3500 978 3553 λεόντων
1015 3498 1291 3552 εἰωθότων
1332 3497 1648 3569 φαίνεσθαι.
1694 3498 1956 3573 Ἑθάμᾶ

1694 3498 1873 3573 Ἑθὰμ
1895 3500 1956 3556 δὲ
2067 3507 2216 3562 tare;
2251 3494 2448 3549 Etham
2478 3491 2678 3549 civitas
2708 3498 2797 3548 est
2820 3488 3048 3551 Jordani
3078 3493 3281 3550 vicina.

356 3596 516 3661 πόλις
547 3594 699 3649 ἐστὶν
725 3593 929 3664 ὅμορος
958 3589 1054 3646 τοῦ
1095 3589 1392 3662 Ἰορδάνου.

943 3727 1199 3783 ΚΕΦΔΛ.
1238 3726 1373 3781 NA'.
2336 3758 2339 3759 ν

2336 3758 2339 3759 ν
2717 3716 2877 3776 CAP.
2918 3716 3003 3774 LI.

433 3867 733 3938 Ποτήριον
762 3869 1043 3936 χρυσοῦν
1076 3865 1394 3919 Βαουλων.

2136 3853 2311 3915 Vens.
2343 3855 2398 3911 7.
2434 3853 2591 3911 Catia:
2618 3870 2814 3911 aureus
2850 3852 3112 3928 Babylon.

435 3962 500 4016 Ei
535 3960 800 4030 ποτήριον
840 3955 1081 4029 χρυσοῦν
1109 3957 1168 4009 ὲν
1205 3955 1353 4027 χειρὶ
1387 3954 1623 4027 Κυρίου,
1663 3954 1812 4020 τίνος
1841 3953 1960 4011 Eva-

2145 3949 2203 4004 Si
2249 3948 2393 4004 calix
2445 3963 2652 4005 aureus
2699 3950 2755 4004 in
2803 3964 2968 4004 manu
3015 3952 3276 4025 Domini,
3310 3971 3485 4027 quare
3534 3973 3664 4032 ergo

364 4071 463 4111 κεν
492 4053 822 4119 κολάζεται;
857 4052 981 4106 ’Ὁτι
1013 4049 1281 4123 μειζόνως
1319 4047 1552 4105 ἐκόλασε
1573 4091 1590 4116 ,
1622 4049 1720 4105 καὶ
1748 4050 1957 4122 ἐτιμω-

2069 4038 2416 4111 caStigatur?
2456 4038 2611 4106 Quod
2652 4039 2877 4112 gravius
2910 4042 3164 4111 punivit,
3213 4054 3271 4103 et
3301 4047 3489 4106 affecit
3536 4066 3661 4125 su;—

366 4151 610 4223 μήσατο,
641 4146 750 4220 ἄρα
780 4145 877 4201 καὶ
907 4147 1098 4218 ἴσχυσε
1128 4143 1197 4199 δι’
1228 4144 1389 4216 ἐμοῦ.

2070 4131 2285 4203 pliciis;
2319 4130 2487 4201 igitur
2513 4144 2611 4201 per
2642 4143 2728 4185 me
2760 4139 2818 4187 et
2846 4141 3041 4203 potens
3065 4133 3188 4193 fuit.

434 4240 546 4297 Kal.
571 4219 746 4295 δώσω
770 4252 846 4292 σε
876 4240 965 4305 εὶς
994 4237 1134 4305 ὄρος
1153 4234 1707 4307 ἐμπεπυρισμένον.

2146 4219 2314 4277 Vens.
2342 4221 2435 4277 25.
2461 4220 2533 4276 Et
2563 4221 2699 4276 dabo
2726 4230 2777 4277 te
2800 4223 2937 4278 sicut
2969 4235 3196 4282 montem
3224 4229 3572 4289 combustum.

434 4330 756 4397 Τουτέστιν,
785 4329 864 4394 ὡς
901 4329 1084 4395 κόνιν,
1126 4327 1216 4381 ἵνα
1245 4328 1379 4400 εἴπῃ
1401 4345 1416 4360 ο
1450 4326 1702 4399 ’ἰσχυρόν
1737 4343 1799 4380 σε
1831 4326 1963 4381 ὄντα

2142 4314 2298 4371 Sicut
2322 4313 2599 4384 pulverem
2650 4313 2939 4384 videlicet;
2972 4320 3129 4389 quasi
3167 4320 3379 4378 diceret
3415 4341 3429 4378 :
3468 4324 3546 4381 Te
3578 4343 3669 4382 ro-

365 4425 448 4489 εἰς
475 4423 632 4479 οὐδὲν
671 4423 1007 4495 ἐργάσομαι.
1051 4420 1256 4475 Ἔλαϐε
1283 4420 1343 4475 δὲ
1374 4419 1512 4475 αὐτὸ
1543 4422 1610 4475 ὲκ
1643 4423 1964 4493 μεταφορᾶς

2073 4411 2295 4467 bustum
2335 4409 2392 4465 in
2425 4407 2658 4464 nihilum
2699 4410 2972 4482 redigam.
3017 4412 3266 4484 Sumpsit
3291 4430 3456 4486 porro
3493 4428 3668 4473 meta-

365 4517 479 4573 τῶν
508 4513 821 4588 καιομένων
843 4513 1010 4569 λίθων
1040 4515 1123 4579 είς
1151 4511 1440 4596 ἄσϐεστον.

2073 4503 2302 4574 pboram
2335 4516 2404 4559 ex
2432 4502 2728 4574 lapidibus,
2756 4506 2852 4577 qui
2885 4504 3306 4576 comburuntur,
3344 4518 3405 4565 ut
3435 4525 3671 4567 convcr-

2076 4604 2261 4651 tantur
2296 4595 2352 4649 in
2386 4594 2617 4652 calcem.

441 4703 892 4775 Παραγγείλατε
935 4699 1030 4756 ἐπ’
1072 4697 1231 4768 αὑτῄ⁹
1283 4695 1643 4764 βασιλείαις
1678 4694 1964 4767 Ἀραρὰθ,
1997 4699 2049 4760 D

2153 4686 2319 4743 Vens.
2340 4685 2436 4740 ‘27.
2468 4685 2801 4745 Annuntiate
2823 4698 3014 4746 contra
3045 4690 3201 4750 illam
3226 4695 3405 4767 regnis
3431 4696 3666 4754 Araratlt

368 4796 508 4864 παρ’
536 4794 707 4866 ἐμοῦ.

627 4794 707 4850 νῦ.
2073 4798 2107 4835 a
2140 4798 2240 4837 me.

441 4887 850 4960 Καρδαουΐνους
884 4881 1026 4941 εἷναί
1061 4901 1223 4956 φασι,
1262 4883 1362 4937 καὶ
1393 4884 1509 4948 τοῖς
1566 4879 1968 4952 Ἀχαναζαίοις,

2147 4873 2452 4932 Carduinos
2498 4889 2624 4934 esse
2654 4875 2884 4946 dicunt,
2921 4885 2979 4935 et
3010 4877 3403 4949 Achanazaais,
3434 4896 3534 4940 eos
3574 4887 3667 4956 qui

369 4981 497 5046 τοὺς
528 4979 639 5035 ἀπὸ
667 4979 873 5034 Πόντου
900 4978 1071 5049 λέγει.

1060 5020 1071 5034 ,
2074 4980 2109 5021 e
2138 4965 2315 5024 Ponto
2344 4979 2506 5037 sunt,
2540 4969 2673 5026 dicit

442 5071 676 5129 Διώκων
699 5074 789 5139 εις
812 5070 1165 5143 ἀπάντησιν
1196 5071 1523 5138 διώκοντος
1532 5067 1828 5136 διώξεται.

2150 5057 2317 5116 Vens.
2346 5060 2439 5117 5|.
2484 5059 2813 5132 Persequens
2858 5063 2916 5118 in
2955 5079 3236 5119 occursum
3276 5067 3670 5137 pet-sequentis,

2073 5160 2433 5223 persequetur.

446 5263 712 5318 Τωτέστι
731 5306 747 5332 ,
784 5265 1008 5334 φεύγων
1042 5260 1355 5333 ἀπαντήσει
1401 5256 1649 5331 πολεμίῳ
1669 5296 1685 5325 ,
1717 5257 1974 5320 κάκεῖνος

2149 5243 2266 5301 lloc
2293 5254 2399 5313 est,
2434 5244 2648 5317 fugiens
2673 5256 2934 5302 occurret
2968 5247 3110 5303 hosti
3129 5286 3147 5313 ,
3172 5256 3228 5302 et
3261 5246 3353 5303 ille
3376 5262 3672 5321 perseque-

310 5386 313 5387 ν
371 5355 628 5424 διώξεται
651 5398 667 5424 ,
697 5354 845 5410 ὥστε
870 5355 1035 5411 αὐτὸν
1065 5354 1292 5409 ἁλῶναι.

2078 5346 2188 5406 tur,
2227 5338 2303 5393 ita
2339 5348 2400 5394 ut
2438 5339 2562 5409 capi
2598 5354 2723 5396 eum
2756 5353 2986 5395 necesse
3015 5340 3111 5396 sit.
3260 5390 3266 5411 ,
3483 5405 3485 5409 η

327 5438 346 5515 ἦ
416 5428 466 5476 ”
485 5452 598 5506 Καὶ
647 5451 822 5506 ἔσται
865 5447 1161 5504 Βαϐυλὼν
1200 5449 1291 5515 εὶς
1329 5443 1717 5516 ἀφανισμὸν,
1747 5441 1849 5497 καὶ
1887 5443 1938 5495 si

2151 5428 2169 5451 δ
2197 5428 2362 5485 Vens.
2405 5429 2496 5486 '57.
2526 5428 2596 5485 Et
2626 5431 2728 5486 erit
2761 5430 3008 5502 Babylon
3040 5430 3098 5485 in
3123 5430 3467 5487 solitudinem
3494 5470 3511 5497 ,
3537 5442 3587 5485 et
3620 5447 3675 5487 ιιι

374 5545 691 5602 κατοικίαν
716 5542 1096 5611 δρακόντων,
1126 5540 1228 5594 καὶ
1258 5540 1347 5605 εἰς
1377 5538 1589 5604 θήνας.

2080 5522 2467 5578 habitationem
2495 5525 2823 5590 draconum,
2856 5533 2905 5578 et
2935 5524 2993 5578 in
3021 5522 3281 5579 cumulos.

447 5635 612 5692 Κατὰ
641 5635 744 5706 μὲν
776 5634 869 5687 τὸν
907 5632 1225 5704 Ἑλληνικὸν
1259 5629 1458 5702 μηνύει
1491 5630 1576 5684 ὅτι
1619 5629 1700 5692 εἰς
1732 5626 1976 5701 ἐρημίαν

2153 5613 2317 5671 Juxta
2356 5624 2566 5672 textum
2601 5614 2885 5683 Graecum,
2944 5615 3095 5671 illam
3139 5617 3193 5671 in
3235 5616 3536 5671 solitudine
3562 5614 3678 5685 spi-

377 5731 536 5787 ἔσται
583 5727 920 5798 ἀκανθώδηο
975 5727 1145 5799 θῆνας
1182 5723 1293 5796 γὰρ
1332 5723 1485 5793 λέγει
1535 5720 1638 5786 τὰς
1681 5719 1973 5790 θάμνους.

2086 5723 2278 5765 nosam
2310 5707 2551 5764 futuram
2596 5709 2840 5778 indicat;
2872 5706 3127 5781 cumulos
3159 5711 3307 5764 enim
3368 5716 3532 5769 vocat,
3558 5707 3679 5776 [ru-

392 5825 452 5880 '0
497 5824 557 5879 δὲ
625 5795 881 5896 Ἐϐραῖος
926 5795 1418 5889 εἱς-κοιλότητας
1458 5814 1780 5888 ἐρμηνεύει.
1826 5812 1979 5868 Θωὸν

2084 5806 2233 5860 tices.
2285 5805 2358 5860 At
2412 5802 2676 5860 Hebraeus
2735 5803 2795 5857 in
2843 5801 3196 5857 concauitates
3243 5799 3434 5855 habet.
3487 5795 3679 5855 Thoon

377 5916 488 5990 γάρ
541 5918 692 5973 ἔστιν
788 5913 1046 5989 κοιλότης
1065 5955 1080 5982 ,
1119 5915 1261 5987 ὅπερ
1291 5911 1485 5983 θῆνας
1516 5911 1870 5984 ήρμήνευσεν
1898 5909 1979 5977 εἰς

1939 5910 1979 5977 ες
2085 5897 2232 5955 enim
2263 5896 2472 5954 cavitas
2501 5904 2607 5965 est,
2634 5895 2780 5966 quod
2805 5893 3049 5950 cumulos
3079 5892 3307 5953 Graecus
3334 5889 3482 5961 legit.

381 6011 476 6065 τδν
520 6009 855 6084 Ἑλληνικόν.
