4084 6456
473 485 616 543 1035

545 798 774 867 Quidam
814 799 920 854 hoc
957 797 1024 851 de
1062 793 1376 866 Babyloniis
1423 793 1705 864 percussis
1753 795 2057 864 accipiunt,

475 892 564 959 qui
607 889 779 959 plagis
829 888 1103 951 clament,
1153 885 1228 940 ita
1280 895 1338 938 ut
1393 884 1619 953 intelligi
1665 887 1875 955 possit,
1918 885 2060 940 sicut

478 983 562 1035 leo
608 981 847 1050 rugiens.
883 976 1084 1033 Verum
1127 975 1320 1032 melius
1350 984 1434 1031 est
1473 976 1576 1031 hoc
1614 975 1680 1031 de
1713 975 1889 1032 Medis
1916 979 2063 1032 accl-

477 1087 626 1141 pere,
664 1087 785 1124 cum
821 1069 1111 1124 horribiles
1136 1069 1271 1133 sint,
1309 1077 1363 1123 et
1408 1067 1692 1138 Scriptura
1727 1083 1905 1134 saera,
1939 1082 2060 1124 cum

473 1165 542 1218 de
569 1164 675 1219 illis
698 1162 961 1234 loquitur,
988 1162 1160 1218 leonis
1187 1161 1440 1232 exemplo
1470 1161 1548 1216 uti
1580 1161 1950 1218 consueverit.

553 1347 714 1402 Vens.
752 1347 843 1402 Η.
881 1345 1157 1413 Quomodo
1191 1355 1378 1413 captus
1405 1355 1480 1400 est
1513 1345 1749 1401 Sisoch?

543 1438 752 1494 Nomen
789 1441 933 1508 regis
966 1452 1088 1494 esse
1131 1437 1326 1493 Sisoeh
1357 1447 1657 1502 asserunt,
1687 1447 1741 1493 et
1777 1436 2063 1508 Ethiopes

472 1528 804 1599 signiﬁcare,
832 1526 1064 1596 ducique
1091 1541 1119 1580 a
1143 1525 1312 1592 Chus,
1336 1541 1365 1579 a
1398 1540 1506 1596 quo
1534 1524 1826 1596 Ethiopes
1855 1527 2062 1582 ducunt

473 1621 742 1692 originem
780 1640 795 1676 :
854 1629 1111 1675 asserunt
1157 1621 1285 1674 item
1322 1619 1444 1674 ideo
1490 1633 1678 1674 eorum
1739 1620 2062 1690 prophetam

475 1713 828 1780 meminisse,
873 1713 1001 1781 quia
1044 1710 1338 1779 Babylonio
1369 1724 1526 1782 opem
1565 1711 1742 1769 tulere
1782 1713 1835 1767 in
1881 1711 2060 1778 bello,

474 1805 619 1876 quod
647 1814 838 1860 contra
865 1802 1048 1859 Medos
1075 1813 1342 1873 gesserat.

1222 478 1783 538 SUPPLEMENTUM
1821 479 1912 534 Αι)
1955 479 2012 533 s.
2051 478 2101 533 J.
2144 464 2636 539 cnnvsosroin
2677 484 2929 542 omna.

545 610 709 665 Vsus.
743 607 835 663 38.
869 605 1044 662 Simul
1085 616 1138 660 ut
1176 606 1347 660 leones
1388 605 1589 674 rngient
1616 604 1833 674 juvenes
1859 621 2060 662 eorum.
2095 613 2138 668 Α

3617 495 3756 550 1036

2240 607 2369 660 Ἐπὶ
2400 608 2464 660 τὸ
2495 610 2643 663 αὐτὸ
2666 653 2679 675 ,
2709 612 2790 676 ὡς
2823 613 3068 680 λέοντες
3099 615 3442 683 ἐρεύξονται
3472 619 3526 672 οι
3556 621 3755 673 νεανί-

2164 713 2304 754 σκοι
2337 700 2558 756 αὐτῶν.

2235 789 2391 854 Τινὲς
2430 791 2531 858 μὲν
2557 791 2652 844 ἐπὶ
2679 792 2788 846 τῶν
2829 793 3220 866 πληττομένων
3254 798 3388 851 αὐτὸ
3414 799 3607 854 ἔλαϐον
3645 803 3755 857 τῶν

2165 880 2557 950 Βαϐυλωνίων,
2603 883 2806 938 ὡσανεὶ
2851 887 3210 944 ἀναϐοώντων
3244 891 3352 943 ἀπὸ
3399 892 3501 961 τῆς
3536 893 3756 966 πληγῆς

2163 972 2525 1041 ἐξάκουστον,
2572 975 2826 1048 καθάπερ
2889 977 3027 1032 λέων
3079 979 3318 1052 βρύχων.
3383 983 3652 1053 Ἀμεινον
3696 988 3753 1040 δὲ

2165 1066 2262 1118 ἐπὶ
2309 1065 2420 1118 τῶν
2451 1067 2655 1139 Μήδων
2707 1070 2841 1124 αὐτὸ
2881 1071 3106 1138 λαϐεῖν,
3158 1075 3234 1135 ὡς
3279 1075 3527 1146 φοϐερῶν
3573 1077 3754 1132 αὐτῶν

2163 1157 2334 1212 όντων
2353 1201 2366 1224 ,
2395 1157 2473 1229 τῷ
2504 1159 2600 1213 τοῦ
2632 1160 2849 1227 λέοντος
2884 1164 3294 1236 παραδείγματι
3325 1166 3483 1221 εἴωθε
3512 1168 3753 1240 χρῆσθαι

2165 1253 2201 1323 ἡ
2227 1251 2348 1306 θεία
2376 1253 2595 1324 Γραφή.

2240 1348 2256 1366 ’
2279 1343 2412 1410 Πῶς
2436 1345 2594 1399 ἑάλω
2619 1348 2846 1418 Σίσόχ;

2240 1435 2451 1505 Ὄνομα
2499 1435 2761 1505 βασιλέως
2807 1433 2947 1490 εἷναί
2994 1455 3127 1508 φασι
3170 1439 3232 1492 τὸ
3277 1441 3471 1514 Σισὸχ,
3522 1447 3755 1518 μηνύειν

2163 1530 2222 1584 δὲ
2250 1532 2378 1595 τοὺς
2421 1532 2686 1598 Αἰθίοπας
2707 1549 2721 1564 ’
2772 1533 3178 1604 ἑρμηνεύεσθαι
3211 1535 3267 1589 δὲ
3300 1538 3412 1590 ἀπὸ
3446 1540 3542 1593 τοῦ
3571 1541 3752 1610 Χοῦς,

2165 1623 2262 1692 ἀφ’
2289 1617 2348 1678 οὗ
2392 1623 2651 1687 Αἰθίοπες
2682 1624 3003 1692 γεγόνασιν*
3037 1625 3112 1690 ὡς
3145 1621 3240 1680 οὖν
3281 1630 3490 1683 τούτων
3531 1649 3753 1705 συμμα-

2165 1713 2410 1784 χούντων
2458 1713 2534 1785 τῷ
2575 1713 2908 1785 Βαϐυλωνίῳ
2945 1715 3004 1770 ἐν
3057 1715 3135 1786 τῷ
3187 1717 3326 1788 πρὸς
3370 1721 3498 1785 τοὺς
3533 1724 3752 1795 Μήδους

2167 1804 2423 1876 πολέμῳ,
2456 1806 2552 1860 καὶ
2583 1807 2918 1878 ἡττωμένων
2951 1809 3084 1878 φασὶ
3108 1809 3198 1864 τὸν
3242 1813 3530 1884 προφήτην
3572 1817 3752 1873 αὐτῶν

2167 1912 2276 1966 μνη
2285 1896 2563 1966 μονεῦσαι.

544 1990 710 2046 Vens.
743 1988 837 2044 44.
873 1988 942 2042 Et
972 1989 1202 2043 ulciscar
1239 2004 1400 2059 super
1445 1989 1538 2044 Bel
1581 1988 1639 2043 in
1683 1986 1983 2060 Babylone,
2015 1999 2060 2046 et

2239 1987 2350 2043 Kal
2385 1987 2687 2056 ἐκδικήσω
2717 1989 2819 2044 ἐπὶ
2851 1991 2961 2045 τὸν
3001 1991 3233 2063 Bines-
3261 1997 3594 2065 Βαϐυλῶνι,
3653 2001 3752 2056 καὶ

471 2085 753 2140 extraham
789 2099 911 2153 quw
941 2083 1216 2136 absorbuit
1249 2098 1318 2137 ea:
1361 2098 1451 2138 ore
1505 2082 1654 2152 ejus.
1701 2094 1748 2138 et
1790 2101 1893 2139 non
1927 2101 2056 2140 con-

471 2177 830 2248 gregabantur
857 2175 1002 2230 ultra
1028 2177 1098 2231 ad
1126 2189 1247 2232 eum
1271 2186 1473 2246 gentes.

544 2270 602 2325 Si
657 2271 772 2325 haec
811 2285 931 2325 cum
964 2269 1339 2339 superioribus
1393 2271 1757 2325 construenda
1804 2271 1948 2337 sint,
1992 2272 2059 2328 de

469 2362 786 2434 Babyloniis
823 2375 1112 2432 possumus
1151 2361 1499 2432 intelligere;
1548 2363 1693 2434 quod
1740 2377 1863 2418 cum
1901 2364 2057 2420 idolis

468 2469 686 2524 nempe,
709 2462 763 2508 et
787 2466 948 2508 omne
967 2452 1134 2508 robur
1154 2465 1344 2509 eorum
1369 2452 1702 2524 disperdam.
1734 2454 1792 2510 Si
1821 2454 2055 2510 litteram

467 2545 900 2612 consideremus,
925 2546 998 2598 uti
1019 2543 1086 2599 de
1119 2543 1279 2599 idolis
1317 2543 1432 2600 hinc
1465 2544 1610 2600 dicta
1642 2556 1790 2601 sunt.
1824 2545 2056 2613 Quidam

467 2645 648 2692 autem
691 2636 858 2700 illud,
909 2636 1188 2690 extraham
1215 2651 1334 2706 quae
1389 2636 1696 2703 absorbuit,
1753 2641 1834 2694 sic
1884 2654 2056 2710 expo-

468 2736 738 2783 suerunt:
770 2726 1034 2782 Aut'cram
1067 2726 1351 2782 oraculum
1395 2727 1528 2796 Bel,
1575 2735 1635 2784 ut
1675 2729 1818 2799 apud
1866 2743 2057 2786 omnes

467 2816 668 2874 nullius
693 2815 766 2872 sit
796 2817 1195 2871 aestimationis.

538 2903 709 2963 Vsus.
745 2906 835 2960 46.
869 2902 1136 2959 Parabola
1165 2921 1321 2974 super
1347 2906 1676 2974 parabolam.

538 2995 795 3051 Narratio
835 2995 1050 3052 sciliCet
1087 3011 1251 3067 super
1283 2998 1672 3061 narrationem,
1706 3008 1764 3052 nt
1798 2997 2003 3054 diceret
2039 3017 2052 3053 :

468 3089 694 3146 Crebrae
726 3097 888 3144 erunt
913 3087 1258 3144 calamitates
1288 3086 1602 3159 Babylonis.

541 3181 710 3238 Vens.
761 3181 851 3236 59.
896 3177 1123 3235 Verbum
1154 3181 1296 3251 quod
1339 3182 1611 3236 mandarit
1661 3181 1919 3238 Dominus
1958 3183 2052 3238 Je—

469 3277 650 3331 remiw
678 3274 943 3344 propheta
970 3283 1028 3328 ut
1047 3275 1244 3328 diceret
1267 3272 1447 3329 Sat-ea:
1473 3273 1586 3343 ﬁlio
1609 3273 1812 3337 Nerius.
1841 3276 2052 3345 quando

2161 2077 2384 2145 ἐξοίσω
2433 2079 2473 2132 d
2509 2079 2795 2134 κατέπιεν
2822 2079 2891 2135 ἐκ
2920 2081 3028 2136 τοῦ
3056 2083 3354 2154 στόματος
3390 2087 3615 2156 αὐτοῦ,
3652 2089 3751 2144 καὶ

2162 2172 2237 2226 οὐ
2263 2170 2352 2241 μὴ
2381 2169 2831 2242 συναχθήσεται
2861 2173 2950 2228 ἕτι
2971 2175 3134 2244 πρὸς
3161 2176 3349 2231 αὐτὸν
3375 2179 3447 2232 τὰ
3474 2179 3641 2247 ἔθνη.

2237 2261 2396 2315 Κατά
2428 2260 2530 2330 μὲν
2572 2261 2642 2315 τὰ
2673 2262 2813 2333 πρὸς
2841 2262 2940 2333 τὴν
2978 2263 3302 2319 ἀκολουθίαν
3323 2308 3338 2333 ,
3372 2267 3465 2321 ἐπὶ
3493 2269 3604 2323 τῶν
3641 2270 3750 2324 Ba-

2163 2351 2444 2407 ϐυλωνίων
2478 2351 2622 2405 τοῦτ’
2663 2352 2813 2407 ἔστιν
2843 2355 3098 2410 ἐκλαϐεῖν
3121 2397 3136 2422 ,
3178 2358 3262 2414 ὅτι
3296 2360 3436 2430 μετά
3465 2361 3574 2416 τῶν
3600 2363 3751 2417 εἰδώ-

2161 2444 2302 2509 λων,
2366 2443 2462 2497 καὶ
2509 2444 2689 2497 πᾶσαν
2740 2442 2841 2516 τὴν
2894 2447 3219 2502 δυναστείαν
3272 2450 3455 2504 αὐτῶν
3507 2453 3746 2510 καθελῶ.

2162 2535 2324 2590 Κατά
2355 2535 2413 2589 δὲ
2445 2535 2506 2589 τὸ
2546 2535 2711 2607 ῥητὸν
2761 2535 2838 2600 ὡς
2870 2538 2965 2591 ἐπὶ
3011 2539 3119 2594 τῶν
3165 2541 3422 2598 εἰδώλων.
3480 2545 3637 2611 Τινὲς
3688 2546 3747 2600 δὲ

2160 2627 2335 2693 οὕτως
2365 2629 2596 2699 ἐνόησαν
2620 2628 2681 2682 τὺ
2700 2669 2716 2695 ,
2764 2629 3012 2696 Ἐξοίσω
3044 2632 3083 2688 ἄ
3121 2637 3363 2692 κατέπιε
3387 2681 3403 2706 ,
3434 2640 3746 2708 τουτέστιν,

2164 2720 2384 2792 Ἐξαρῶ
2412 2725 2473 2776 τὸ
2505 2724 2759 2792 μαντεῖον
2788 2722 2881 2776 τοῦ
2917 2723 3048 2796 Βὴλ,
3069 2725 3211 2782 ὥστε
3239 2729 3401 2785 αὐτὸν
3433 2735 3547 2798 τοῖς
3577 2735 3748 2788 πᾶσιν

2160 2811 2299 2870 εἶναι
2331 2819 2834 2890 εὐκαταφρόνητον.

2230 2910 2550 2979 Παραϐολὴ
2583 2911 2680 2965 ἐπὶ
2712 2915 3090 2982 παραϐολήν.

2230 3001 2490 3056 Τουτέστι
2510 3046 2524 3070 ,
2561 3003 2808 3078 διήγημα
2839 3008 2930 3061 ἐπὶ
2961 3008 3240 3080 διήγημα,
3270 3009 3356 3064 ἵνα
3401 3013 3554 3084 εἴπῃ,
3589 3013 3748 3070 Ἀλλ-

2158 3093 2433 3166 επάλληλα
2465 3095 2619 3152 ἔσται
2651 3099 2718 3151 τὰ
2748 3099 2895 3153 κακὰ
2934 3103 2998 3171 τῇ
3037 3101 3321 3156 Βαϐυλῶνι
3761 3165 3763 3167 _

2231 3190 2247 3206 ‘
2282 3187 2346 3240 '0
2385 3187 2570 3257 ,λόγος
2613 3188 2685 3243 ὃν
2723 3191 3066 3248 ἐνετείλατο
3107 3194 3325 3262 Κύριος
3381 3192 3634 3268 Ἱερεμίᾳ
3667 3197 3747 3265 τῷ

2159 3279 2436 3350 προφήτῃ
2469 3281 2660 3335 εἰπεῖν
2697 3283 2776 3348 τῷ
2805 3283 2995 3352 Σαρέςι
3031 3282 3138 3349 υίῷ
3173 3287 3434 3354 Νηρίου,
3471 3289 3571 3344 ὅτε
3602 3291 3745 3345 ἐπο-

465 3368 573 3422 ibat
604 3383 638 3422 ιι
679 3365 898 3423 Sedecia
944 3383 1062 3437 rege
1098 3367 1246 3421 lude
1295 3369 1354 3420 in
1404 3367 1766 3439 Babylonem,
1815 3372 1872 3425 in
1914 3390 2053 3428 anno

2160 3371 2363 3439 ρεύετο
2386 3371 2547 3440 παρὰ
2584 3371 2864 3428 Σεδεκίου
2885 3373 3196 3442 ,βασιλέως
3226 3375 3423 3431 Ἰούδα
3443 3381 3530 3444 είς
3555 3383 3744 3436 Βαϐυ-

465 3469 656 3532 quarto
687 3460 939 3530 regni,.et
970 3457 1187 3515 Samae
1211 3460 1452 3530 princeps
1482 3464 1763 3517 donorum.

539 3647 654 3703 Hoc
690 3656 799 3715 est,
850 3645 1059 3717 primus
1113 3645 1258 3701 inter
1295 3661 1392 3702 eos
1435 3647 1527 3715 qui
1585 3648 1724 3702 dona
1771 3647 2050 3714 ferebant,

466 3752 586 3797 erat
613 3743 824 3796 Sarmas
857 3759 872 3796 :
908 3750 964 3795 et
991 3747 1278 3795 enumerat
1309 3739 1448 3793 dona
1489 3755 1516 3792 a
1549 3738 1778 3795 Sedeeia
1808 3742 1886 3795 uti
1921 3744 2054 3796 sub-

467 3836 584 3891 dito
663 3832 1190 3890 Nabuchodonosori
1268 3831 1470 3898 missa;
1537 3832 1626 3887 ubi
1685 3833 1934 3902 prmcipil
1979 3835 2055 3890 illi

469 3939 527 3985 ιιι
571 3929 768 3984 librum
801 3927 1070 3996 accipiat,
1117 3935 1173 3981 et
1220 3925 1354 3996 liget
1400 3924 1634 3995 lapidem
1691 3927 1759 3981 ad
1797 3941 1959 3994 eum,
2001 3938 2058 3983 et

467 4018 720 4092 projiciat
751 4019 805 4074 in
846 4017 1080 4072 medium
1120 4015 1447 4086 Euphratis,
1477 4015 1689 4086 signum
1723 4017 1920 4073 excidii
1954 4017 2058 4072 Ba-

467 4111 726 4187 bylonici.
767 4109 846 4167 Ne
877 4109 1023 4165 enim
1053 4109 1239 4164 omnia
1289 4108 1343 4164 in
1378 4106 1602 4163 Barbari
1643 4111 1877 4180 gratiam
1930 4127 2056 4181 pro-

467 4205 615 4262 ferre
650 4205 948 4267 videretur,
999 4201 1180 4256 adhuc
1221 4199 1758 4258 Nabuchodonosore
1814 4203 2053 4274 vigente,

468 4296 788 4354 vaticinium
815 4296 868 4351 in
893 4293 1226 4367 Babylonem
1250 4292 1508 4358 confecit,
1536 4293 1622 4350 his
1649 4295 1904 4350 omnibus
1931 4310 2057 4351 con-

467 4399 678 4448 testans
705 4387 928 4454 lsraeli,
966 4402 1070 4442 non
1100 4387 1167 4442 ad
1201 4387 1440 4442 hostium
1481 4387 1907 4443 assentationem
1943 4389 2056 4445 haec

469 4485 676 4550 dicere,
713 4481 810 4538 sed
845 4488 904 4534 ut
934 4478 1130 4534 civitas
1168 4476 1542 4546 resipisceret.
1584 4477 1698 4532 Hoc
1727 4479 1890 4533 tinem
1935 4493 2057 4536 esse

469 4577 594 4632 libri
635 4571 937 4644 prophetici
970 4570 1228 4639 signavit,
1267 4570 1358 4639 qui
1401 4569 1566 4623 verba
1599 4571 1880 4639 prophetze
1925 4585 2054 4626 con-

2156 3461 2342 3526 ιιῶνα,
2385 3461 2455 3516 ἐν
2479 3461 2560 3527 τῷ
2589 3463 2707 3518 ἔτει
2737 3463 2818 3531 τῷ
2844 3464 3101 3534 τετάρτῳ
3138 3466 3248 3536 τῆς
3271 3467 3619 3536 βασιλείας,
3646 3471 3745 3524 καί

2156 3554 2383 3621 Σαρέας
2413 3553 2526 3624 ἇρχ
2532 3572 2615 3608 ων
2647 3555 2874 3625 δώρων.

2229 3645 2541 3711 Τουτέστιν,
2567 3648 2596 3700 ό
2625 3647 2844 3718 πρῶτος
2871 3649 2981 3703 τῶν
3022 3651 3473 3722 ἁποκομιξόντων
3502 3654 3570 3706 τὰ
3593 3655 3744 3728 δῶρα

2157 3733 2226 3808 ἦν
2256 3739 2286 3790 ὀ
2329 3739 2540 3809 Σαρέας
2569 3756 2583 3770 ·
2615 3739 2768 3808 λέγει
2810 3740 2867 3793 δὲ
2899 3740 2970 3796 τὰ
3001 3742 3157 3814 δῶρα,
3185 3744 3255 3797 τὰ
3300 3745 3451 3816 παρὰ
3491 3747 3742 3802 Σεδεκίου

2159 3826 2607 3898 ἀποστελλόμενα
2669 3829 2748 3900 τῷ
2776 3830 3273 3906 Ναϐουχοδονόσορ,
3307 3833 3435 3888 ἔνθα
3469 3837 3744 3905 προστάτ-

2158 3937 2240 3974 τει
2281 3919 2429 3990 αὐτῷ
2471 3920 2659 3976 λαϐεῖν
2706 3922 2769 3975 τὸ
2808 3921 3061 3993 βιϐλίον,
3117 3925 3214 3978 καὶ
3254 3926 3414 3996 δῆσαι
3462 3928 3612 3982 λίθον
3657 3931 3741 3984 ἐπ’

2160 4011 2314 4078 αὐτὸ,
2351 4011 2448 4066 καὶ
2471 4012 2625 4083 ῥίψαι
2653 4015 2734 4076 είς
2755 4013 2816 4067 τὸ
2849 4015 3013 4086 μέσον
3047 4015 3140 4070 τοῦ
3166 4018 3484 4090 Εὐφράτου,
3517 4022 3744 4094 μήνυμα

2159 4104 2259 4173 τῆς
2281 4105 2669 4176 ἀπωλείαςτῆς
2708 4105 3051 4170 Βαϐυλῶνος.
3087 4110 3205 4163 Ἵνα
3239 4110 3349 4182 γὰρ
3383 4112 3460 4183 μὴ
3505 4113 3742 4186 νομισθῇ

2160 4195 2302 4248 κατά
2340 4196 2498 4266 χάριν
2538 4196 2682 4268 ὑπὲρ
2731 4195 2822 4250 τοῦ
2867 4197 3146 4270 βαρϐάρου
3173 4200 3356 4271 λέγειν
3383 4203 3630 4270 ἅπαντα,
3661 4204 3744 4259 ἔτι

2161 4285 2452 4350 ἀνθοῦντος
2487 4286 2582 4339 τοῦ
2613 4287 3091 4362 Ναϐουχοδονόσορ
3116 4291 3216 4363 τὴν
3260 4292 3402 4346 κατὰ
3429 4293 3528 4365 τῆς
3567 4295 3744 4350 Βαϐυ-

2159 4377 2329 4441 λῶνος
2366 4377 2709 4448 προφητείαν
2753 4380 3091 4453 ἐποιήσατο,
3124 4382 3213 4437 διὰ
3253 4383 3475 4439 πάντων
3515 4385 3740 4440 πιστού⁴

2162 4485 2323 4538 μενος
2367 4468 2458 4521 τὸν
2497 4469 2719 4540 Ἰσραὴλ
2747 4512 2761 4539 ,
2802 4471 2878 4535 ὡς
2918 4472 2979 4525 ού
3016 4473 3280 4545 κολακείᾳ
3315 4476 3425 4528 τῶν
3464 4475 3744 4545 πολεμίων

2160 4558 2519 4630 προφητεύων
2566 4560 2716 4629 λέγει
2762 4561 2832 4616 τὰ
2881 4563 3025 4618 κατὰ
3066 4565 3167 4636 τῆς
3193 4565 3459 4635 πόλεως,
3502 4567 3618 4622 ἀλλ’
3648 4570 3743 4624 ἐπὶ

467 4665 741 4730 cinnavit;
768 4676 892 4734 qua
915 4675 1046 4717 vero
1071 4669 1375 4729 sequuntur
1410 4659 1597 4714 dicunt
1624 4660 1896 4730 exscripta
1933 4673 2052 4718 esse

2161 4651 2530 4724 σωφρονισμῷ
2589 4653 2698 4706 τῶν
2743 4653 2934 4712 ὄντων.
2983 4655 3156 4712 Τοῦτο
3185 4658 3339 4724 τέλος
3385 4659 3481 4713 τοῦ
3528 4659 3737 4731 βιϐλίου

467 4771 534 4812 ex
571 4754 722 4810 libris
764 4755 1011 4823 Regum,
1062 4764 1186 4805 cum
1239 4749 1466 4804 minime
1523 4748 1589 4802 ad
1647 4749 1785 4805 hanc
1817 4753 2052 4821 prophe_

470 4849 601 4905 tiam
627 4845 922 4905 videantur
953 4841 1163 4901 facere.

1116 5119 1268 5174 CAP.
1310 5117 1420 5174 LII.

541 5217 702 5274 Vens.
727 5217 782 5270 7.
812 5214 878 5270 Et
909 5216 1106 5270 inerunt
1139 5215 1273 5268 viam
1297 5229 1416 5282 quin
1442 5213 1510 5267 ad
1537 5215 1735 5269 Araba.

536 5310 653 5366 Hoc
684 5317 789 5373 est,
816 5307 869 5362 in
907 5319 1130 5374 campos
1154 5303 1480 5377 aufugerunt
1520 5323 1532 5360 :
1562 5307 1664 5364 hoc
1692 5310 1836 5365 enim
1877 5309 2052 5365 innuit

466 5403 666 5457 Araba.

536 5492 705 5549 Vens.
739 5492 794 5548 9.
826 5491 893 5546 Et
923 5490 1134 5545 locutus
1162 5502 1234 5545 est
1267 5493 1336 5546 ei.

535 5583 792 5654 Pers’pice
837 5583 1126 5639 barbarum
1173 5585 1482 5650 hominem,
1512 5587 1906 5642 conscientiam
1951 5603 2050 5657 pu-

2155 4746 2250 4800 τοῦ
2278 4748 2561 4818 προφήτου
2593 4750 3001 4822 ἐπεσημήνατο,
3039 4754 3066 4806 ό
3115 4753 3328 4818 συνθεὶς
3365 4754 3435 4808 τὰ
3463 4753 3558 4808 τοῦ
3605 4770 3737 4823 προ-

2157 4840 2326 4910 φήτου
2360 4840 2613 4909 βήματα»
2657 4839 2728 4894 τὰ
2753 4840 2810 4894 δὲ
2843 4842 2985 4912 μετὰ
3014 4843 3188 4898 ταῦτά
3222 4862 3356 4914 φασι
3385 4846 3448 4899 ὲκ
3477 4843 3586 4898 τῶν
3631 4843 3735 4896 Βα-

2159 4931 2376 4985 σιλειῶν
2426 4930 2850 5002 μετενηνέχθαι,
2890 4933 3146 5004 οὐδεμίαν
3179 4933 3503 4990 ἀκολουθίαν
3545 4931 3736 5005 ἔχοντα

2156 5025 2294 5096 πρὸς
2321 5025 2421 5095 τὴν
2451 5021 2548 5077 τοῦ
2594 5024 2865 5095 Ἱερεμίου
2897 5025 3258 5096 προφητείαν,

2735 5118 2994 5172 ΚΕΦΑΛ.
3037 5118 3166 5172 NB'.

2223 5210 2337 5266 Καὶ
2365 5212 2785 5283 ἐπορεύθησαν
2809 5211 2925 5281 τὴν
2953 5212 3099 5267 ὁδὸν
3127 5213 3245 5282 τὴν
3275 5213 3364 5278 είς
3399 5212 3635 5280 Ἄραϐα.

2225 5303 2537 5370 Τουτέστιν,
2565 5307 2658 5360 ἐπὶ
2673 5306 2774 5376 τὴν
2799 5305 3024 5360 πεδιάδα
3045 5304 3268 5376 ἔφυγον.
3297 5301 3470 5358 Τοῦτο
3496 5303 3606 5374 γὰρ
3635 5320 3743 5374 μη-

2154 5393 2269 5448 νύει
2303 5395 2365 5449 τὸ
2404 5398 2637 5465 Ἄραϐα.

2223 5488 2331 5543 Καὶ
2356 5488 2665 5559 ἐλάλησεν
2693 5489 2872 5554 αὐτῷ.

2223 5580 2366 5651 Ὅρα
2424 5580 2702 5653 βάρϐαρον
2751 5582 3080 5654 ἄνθρωπον,
3141 5581 3201 5634 τὸ
3261 5579 3503 5643 συνειδὸς
3549 5578 3740 5649 ἔχοντα

467 5691 582 5730 ram
619 5675 940 5741 habentem,
987 5672 1244 5743 quoniam
1284 5689 1406 5729 cum
1443 5673 1636 5728 ﬁducia
1687 5674 2048 5745 jurisjul‘attdi

2160 5671 2429 5744 καθαρὸν,
2465 5674 2652 5743 ἐπειδὴ
2717 5675 2856 5746 μετὰ
2908 5673 3225 5746 παρρησίας
3262 5670 3603 5744 παρεγένετο
3645 5669 3741 5737 τῆς

467 5777 710 5835 venerat,
734 5777 789 5822 et
811 5767 1012 5838 quibus
1036 5777 1118 5821 est
1149 5775 1388 5835 potestas
1408 5766 1600 5836 judicii
1638 5781 1743 5821 non
1773 5765 2050 5836 refugiunt

2160 5763 2259 5818 τῶν
2297 5765 2496 5837 ὅρκων.
2538 5769 2600 5820 Οἱ
2633 5767 2694 5821 δὲ
2725 5767 2823 5838 τῆς
2867 5767 3026 5836 δίκης
3063 5765 3398 5837 κρατοῦντες
3442 5764 3503 5819 οὐ
3541 5779 3731 5835 παραιε

462 5861 550 5916 vel
585 5859 937 5916 inferioribus
978 5857 1208 5911 reddere
1253 5858 1540 5910 rationem.
1577 5857 1654 5911 ita
1702 5858 1932 5912 inditum
1965 5865 2050 5913 est

2160 5853 2369 5908 τοῦνται
2394 5894 2410 5920 ,
2441 5855 2536 5908 καὶ
2568 5858 2686 5920 τοῖς
2723 5857 3138 5927 ὑποδεεστέροις
3165 5856 3369 5910 διδόναι
3399 5853 3560 5923 λόγον
3587 5867 3602 5882 ’
3650 5848 3737 5904 οὖα

464 5951 776 6012 hominibus
829 5949 1041 6008 honesti
1089 5949 1350 6006 studium.
1408 5948 1591 6004 Voluit
1643 5950 1932 6006 ostendere
1988 5961 2047 6004 se

2160 5965 2262 6011 τως
2293 5946 2572 6018 πανταχοῦ
2623 5938 2934 6019 πο).λὴ’τοῖς
2973 5948 3288 6019 ἀνθρώποις
3323 5949 3357 6019 ἡ
3404 5943 3614 6015 σπουδὴ
3644 5940 3768 5994 τοῦ·
