4084 6452
379 363 514 419 1057

1293 361 1780 418 FRAGMENTUM
1834 361 1898 418 IN
1939 362 2333 420 EPISTULA“
2364 364 2458 419 AD
2498 365 2855 425 ROMANOS.

3539 371 3677 430 1038

377 483 570 540 καλοῦ.
614 481 928 556 Ἦόουλήθη
964 483 1162 552 δεῖξαι,
1221 483 1298 548 ὡς
1338 483 1441 538 οὐκ
1475 483 1676 539 ἀδικεῖ.
1713 483 1825 539 Καὶ
1864 483 1974 537 ἀπ·
2005 521 2015 545 Α

2084 501 2188 540 non
2245 484 2431 556 inique
2460 500 2647 558 agere.
2688 487 2927 545 Abducit
2955 487 3154 547 deinde
3185 486 3380 559 illum,
3426 502 3491 550 ut
3529 505 3678 552 esset

379 578 502 647 άγει
533 577 720 633 λοιπὸν
751 578 936 647 αὐτὸν,
957 577 1312 650 παράδειγμα
1338 579 1454 642 τοῖς
1481 577 1623 648 μετὰ
1651 576 1827 633 ταῦτα
1856 578 1978 632 ἐσο-

381 668 589 740 μένοις.
829 733 838 742 ι

449 760 560 814 Καὶ
598 758 716 829 τὴν
752 758 1108 831 στεφάνην,
1151 760 1252 815 καὶ
1284 760 1431 826 τοὺς
1458 759 1741 827 λέϐητας.

455 855 744 930 Στεφάνην
793 856 945 928 λέγει
994 857 1056 911 τὸ
1101 857 1454 928 καγκελωτδν
1492 860 1715 930 σχῆμα,
1750 855 1811 910 τὸ
1849 856 1980 928 περὶ

377 947 504 1009 τοὺς
542 947 753 1010 κίονας.

451 1039 561 1093 Kal
598 1040 672 1094 τὰ
708 1040 1095 1111 θυμιατήρια,
1123 1042 1224 1097 καὶ
1264 1043 1337 1098 τὰ
1377 1041 1694 1098 σπονδεῖα.

452 1132 718 1187 Σπονδεῖα
760 1132 909 1202 λέγει
953 1133 1153 1203 φιάλας
1200 1136 1448 1206 χρυσᾶς,
1494 1135 1563 1189 δι’
1595 1127 1671 1188 ὧν
1699 1133 1793 1187 τὸν
1837 1127 1981 1188 οἶνον

379 1224 672 1292 ἔσπενδον,
715 1227 812 1280 καὶ
850 1227 910 1281 τὸ
951 1228 1210 1301 θυμίαμα
1244 1229 1547 1284 ἐπέϐαλλον
1581 1228 1660 1300 τῷ
1693 1229 1848 1296 πυρὶ,
1881 1226 1982 1282 καὶ

381 1318 488 1384 τὰς
523 1317 744 1388 Ἀφὼθ,
789 1320 1077 1394 κρατῆρας
1121 1321 1315 1392 λέγει,
1370 1323 1426 1376 οἵ
1472 1322 1612 1375 εἰσιν
1647 1321 1697 1374 οἱ
1740 1336 1979 1391 ποτηρο-

382 1409 622 1480 πλύται,
679 1413 948 1482 καὶτὰς
1001 1415 1382 1485 Μασμαρὼθ,
1429 1416 1558 1479 τοὺς
1608 1413 1981 1486 ραντιστῆρας

382 1505 531 1574 λέγει
576 1505 672 1559 τοῦ
726 1506 1000 1577 αἵματος,
1049 1509 1148 1562 καί
1186 1509 1329 1576 τοὺς
1361 1509 1659 1576 κυάθους,
1698 1508 1768 1562 τὰ
1806 1506 1982 1578 μικρὰ

383 1596 570 1662 ξέστια
596 1597 765 1668 λέγει,
800 1600 859 1653 ἐν
879 1594 961 1665 οἷς
976 1599 1286 1673 ἐλάμϐανον
1305 1603 1414 1657 τῶν
1444 1602 1702 1674 μεγάλων
1728 1600 1973 1671 ἀγγείων

379 1691 475 1743 τὸν
510 1688 655 1743 οἶνον
666 1732 680 1746 .

454 1783 562 1838 Καὶ
609 1782 729 1837 τῶν
767 1785 1015 1840 στύλων
1058 1786 1177 1841 τῶν
1223 1787 1371 1855 δύο,
1428 1789 1526 1843 καὶ
1582 1787 1692 1856 τῆς
1752 1787 1981 1843 θαλάσ-

2082 580 2318 648 posteris
2355 580 2692 651 exemplum.

2151 768 2170 788 ‘
2192 760 2360 820 Vens.
2395 764 2484 822 18.
2521 764 2818 833 Coronam,
2851 776 2904 822 et
2939 765 3153 824 lebetes.

2153 856 2425 913 Coronam
2463 857 2596 914 dicit
2654 859 2883 930 ﬁguram
2939 859 3303 929 clathralam,
3363 863 3508 934 quod
3560 871 3679 921 erat

2082 949 2227 1005 circa
2256 950 2556 1006 columnas.

2158 1041 2322 1098 Vens.
2358 1043 2446 1098 ‘19.
2473 1041 2541 1097 Et
2575 1042 2945 1114 thymiateria,
2970 1055 3018 1100 et
3045 1045 3317 1102 libatoria.

2153 1135 2432 1192 Libaloria
2481 1144 2642 1193 vocat
2689 1137 2898 1207 phialas
2937 1154 3138 1196 aureas
3167 1181 3182 1204 ,
3241 1140 3444 1210 quibus
3493 1142 3680 1198 vinum

2085 1228 2368 1296 libabant,
2413 1238 2474 1286 et
2525 1219 2810 1286 incensum
2863 1231 2972 1304 igni
3012 1234 3399 1304 apponebant,
3436 1245 3486 1290 et
3535 1236 3680 1305 ipsas

2083 1322 2312 1392 Aphoth,
2353 1335 2507 1393 aquae
2540 1323 2879 1393 receptacula
2916 1323 3070 1394 dicit,
3115 1341 3237 1395 quae
3273 1336 3400 1382 sunt
3430 1343 3561 1382 vasa
3626 1327 3680 1383 in

2085 1415 2284 1484 quibus
2336 1414 2589 1470 lavantur
2635 1415 2873 1485 pocula,
2938 1425 2988 1472 et
3043 1415 3418 1484 Masmaroth,
3473 1419 3684 1476 instru-

2086 1519 2270 1566 menta
2323 1509 2524 1581 quibus
2587 1510 2984 1581 aspergebatur
3030 1511 3288 1583 sanguis,
3337 1520 3387 1567 et
3425 1514 3682 1583 cyathos,

2085 1617 2254 1673 parva
2301 1602 2540 1658 scxtaria
2575 1602 2672 1669 ait,
2710 1601 2910 1673 quibus
2939 1601 3125 1659 vinum
3167 1618 3232 1659 ex
3277 1604 3489 1674 magnis
3537 1605 3686 1662 vasis

2085 1696 2344 1752 haustum
2379 1698 2751 1754 continebant.

2158 1786 2324 1844 Vens.
2355 1789 2448 1844 20.
2483 1787 2548 1842 Et
2579 1790 2948 1847 columnarum
2979 1790 3234 1858 duarum,
3265 1798 3315 1846 et
3343 1791 3532 1860 maris,
3564 1806 3686 1862 qua:

379 1888 499 1942 σης
519 1917 532 1938 ,
561 1868 649 1929 ὧν
675 1876 973 1946 ἐποίησεν
992 1881 1025 1934 ό
1051 1880 1358 1948 βασιλεὺς
1380 1882 1668 1953 Σολομὼν
1694 1884 1782 1949 εις
1809 1877 1982 1936 οἷκον
2013 1850 2015 1856 Α

2089 1881 2284 1954 fecerat
2313 1899 2405 1940 rex
2436 1884 2692 1941 Salomon
2724 1886 2779 1942 in
2807 1887 2962 1942 domo
2998 1884 3234 1942 Domini.

380 1969 627 2037 Κυρίου.

451 2061 691 2134 Εὔδηλον
729 2065 805 2130 ὡς
846 2066 1166 2138 προτιθέναι
1192 2068 1405 2125 ταῦτα’
1439 2069 1694 2140 φαίνεται
1733 2069 1840 2142 γὰρ
1875 2071 1976 2143 ἤδη

380 2151 486 2204 ὑπὸ
511 2152 619 2206 τῶν
655 2157 943 2226 ἀπογόνων
973 2158 1067 2212 τοῦ
1109 2159 1427 2232 Σολομῶνος
1467 2161 1806 2233 ἐπαρθέντα,
1835 2161 1979 2219 ὥστε

379 2245 472 2298 καὶ
505 2247 597 2300 ἐπὶ
625 2246 834 2322 λιθίνης
871 2250 1087 2322 βάσεως
1121 2253 1348 2308 ἑστάναι
1378 2254 1472 2310 τὸν
1500 2255 1743 2327 λουτῆρα
1763 2293 1780 2320 ,
1826 2254 1886 2308 ὃν
1913 2253 1980 2326 δὴ

379 2337 662 2397 θάλασσαν
695 2345 1141 2421 προσηγόρευσεν
1171 2349 1206 2419 ἡ
1235 2349 1450 2421 Γραφὴ.

2157 2075 2502 2131 Manifestum
2565 2084 2624 2137 ut
2673 2083 3054 2146 pnpouanlur
3111 2075 3262 2142 haec,
3308 2074 3419 2146 jam
3469 2073 3616 2131 enim
3653 2089 3684 2129 ε

2064 2164 2320 2236 posteris
2355 2164 2664 2221 Salomonis
2699 2166 2751 2219 in
2782 2165 2950 2218 altqu
2975 2165 3186 2221 elevata
3223 2165 3394 2222 fuisse
3430 2174 3680 2238 apparet,

2084 2261 2159 2314 ita
2205 2267 2265 2314 ut
2300 2274 2397 2314 sua
2439 2259 2554 2314 basi
2611 2258 2822 2326 lapidea
2867 2267 3049 2314 staret
3095 2259 3291 2328 pelvis.
3329 2272 3499 2329 quem
3533 2273 3686 2316 mare

2092 2352 2382 2423 Scriptura
2411 2351 2726 2424 appellavit.

1531 2761 2522 2854 SUPPLEMENTUM

1172 2975 1277 3064 AD
1317 2979 1684 3042 HOMILIAS
1724 2980 1807 3044 IN
1861 2978 2299 3044 EPISTOLAM
2350 2979 2451 3042 AD
2501 2977 2898 3041 ROMANOS.

383 3321 494 3380 Τοῦ
528 3322 705 3393 ἁγίου
768 3321 1051 3377 Ἰωάννου
1108 3321 1216 3393 τοῦ
1256 3321 1818 3393 Χρυσοστόμου,εκ
1858 3318 1976 3393 ,τῆς

446 3391 766 3464 ἑρμηνείας
793 3393 904 3462 τῆς
933 3395 1087 3461 πρὸς
1113 3391 1432 3461 Ῥωμαίους
1461 3391 1820 3460 Ἐπιστολῆς
1845 3391 1946 3463 (1).

456 3527 546 3594 Τῷ
573 3527 642 3581 δὲ
663 3526 978 3593 δυναμένῳ
1002 3524 1160 3595 ὑμᾶς
1185 3525 1484 3594 στηρίξαι,
1504 3528 1654 3581 κατὰ
1678 3528 1746 3582 τὸ
1785 3529 1980 3596 Errar-

2080 3320 2266 3376 Sancti
2293 3319 2521 3375 Joannis
2567 3318 2954 3393 Chrysoslomi
2979 3335 3044 3373 ea:
3093 3319 3527 3390 interpretatione
3557 3319 3689 3393 Epi-

2591 3391 2742 3446 stolte
2795 3391 2865 3445 ad
2915 3389 3206 3448 Romanos.

2161 3527 2224 3582 Ei
2241 3538 2416 3582 autem
2433 3529 2522 3598 qui
2543 3537 2723 3596 potens
2744 3537 2819 3583 est
2841 3544 2930 3583 vos
2950 3528 3268 3596 conﬁrmare
3285 3527 3447 3596 juxta
3465 3543 3687 3599 evange-

375 3623 586 3692 τέλιόν
635 3637 756 3689 μου
816 3618 1024 3672 καὶτὸ
1074 3617 1353 3688 κήρυγμα
1413 3618 1618 3687 Ἰησοῦ
1670 3619 2015 3716 Χριστθῦη

2087 3621 2216 3675 tium
2235 3636 2410 3674 meum
2436 3629 2482 3675 et
2498 3620 2928 3691 prazdicationem
2965 3618 3099 3675 Jcsu
3139 3619 3362 3686 Christi,
3394 3623 3686 3676 secundum

378 3712 531 3767 κατὰ
555 3711 956 3780 ἀποκάλυψιν
1011 3709 1360 3781 μυστηρίου
1410 3711 1653 3782 χρόνοις
1702 3711 1970 3780 αἰωνίοις
2009 3709 2015 3716 ’

2084 3713 2450 3769 reuelationem
2472 3713 2709 3784 mysterii
2742 3713 3063 3782 temporibus
3089 3714 3301 3770 uernis
3330 3712 3482 3769 taciti
3501 3731 3522 3782 ;
3549 3731 3688 3770 nunc

375 3806 812 3877 σεσιγημένου,
837 3803 1292 3875 φανερωθέντος
1312 3804 1384 3859 δὲ
1411 3805 1532 3861 νῦν
1577 3804 1677 3861 διὰ
1713 3805 1977 3876 Γροερῶν

376 3897 765 3969 προφητικῶν
813 3899 943 3954 κατ’
993 3896 1293 3968 ἐπιταγὴν
1337 3898 1447 3954 τοῦ
1495 3899 1748 3955 αἰωνίου
1801 3897 1974 3964 Θεοῦ,

374 3995 462 4060 είς
503 3991 789 4062 ὑπακοὴν
850 3993 1116 4060 πίστεως
1165 3993 1254 4059 είς
1326 3991 1530 4047 πάντα
1578 3993 1654 4047 τὰ
1704 3991 1850 4060 ἔθνη
1871 3991 1971 4063 (2).

450 4084 635 4140 Εἰπὼν
687 4084 750 4138 τὸ
786 4086 1054 4158 κήρυγμα
1075 4084 1257 4158 Ἰησοῦ
1302 4084 1566 4157 Χριστοῦ,
1623 4085 1903 4140 τουτέστιν
1947 4084 1976 4138 δ

375 4177 541 4242 αὐτὸς
573 4177 864 4248 ἐκήρυξεν,
902 4177 1076 4243 ἔδειξε
1101 4176 1163 4232 τὸ
1193 4177 1551 4244 ἀξιόπιστονὸ
1573 4176 1733 4247 λόγος
1761 4194 1775 4208 ·
1806 4176 1974 4232 αὐτοῦ

375 4268 486 4338 γὰρ
515 4269 577 4322 τὸ
615 4269 906 4340 κήρυγμα,
963 4270 1156 4341 φησιν,
1189 4270 1292 4342 οὐχ
1335 4269 1584 4342 ἡμέτερα
1615 4269 1687 4324 τὰ
1719 4269 1974 4342 δόγματα

374 4355 878 4432 εὐαγγελικάέστι.
914 4363 1031 4418 Καὶ
1063 4363 1263 4430 οὐδενὶ,
1306 4365 1464 4436 φησι,
1491 4362 1603 4417 τῶν
1644 4364 1752 4436 πρὸ
1803 4363 1964 4436 ήμῶν

375 4454 686 4526 ἐγνωρίσθη
747 4454 907 4510 τοῦτο
965 4456 1028 4510 τὸ
1085 4456 1415 4528 μυστήριον.
1474 4455 1652 4510 Πάλαι
1710 4455 1811 4527 μὲν
1863 4455 1975 4527 γὰρ

376 4551 711 4622 προώριστο,
748 4550 927 4622 ἐφάνη
958 4550 1015 4604 δὲ
1043 4549 1140 4605 νῦν
1177 4549 1269 4604 διὰ
1301 4549 1540 4622 Γραφῶν
1581 4547 1972 4621 προφητικῶν·

380 4643 458 4712 μὴ
507 4635 603 4697 οὖν
649 4642 835 4714 δείσῃς
891 4643 1201 4715 ἀποστῆναι
1246 4642 1341 4696 τοῦ
1397 4643 1567 4716 νόμου
1597 4658 1611 4674 ’
1643 4641 1806 4696 τοῦτο
1863 4641 1975 4713 γὰρ

377 4733 630 4804 βούλεται
670 4738 699 4790 ὁ
729 4737 917 4808 νόμος,
953 4736 1116 4791 τοῦτο
1155 4736 1365 4791 ἄνωθεν
1415 4735 1705 4808 προέλεγε.
1758 4735 1852 4806 Μὴ
1881 4735 1976 4792 οὖν

375 4828 749 4900 περιεργάζου
781 4829 872 4884 διὰ
897 4828 1063 4884 τίνῦν
1093 4828 1444 4902 ἐφανερώοη’
1485 4828 1649 4884 τοῦτο
1674 4827 1800 4901 ίγὰρ
1851 4829 1976 4883 κατ’

376 4921 654 4994 ἐπιταγὴν
673 4923 768 4978 τοῦ
805 4922 944 4977 Θεοῦ
973 4923 1196 4994 γέγονε,
1226 4924 1323 4978 καλ⁹
1353 4925 1415 4978 οὐ
1451 4924 1535 4978 δεῖ
1571 4923 1972 4995 πολυπραγμο-

2081 3813 2256 3859 autem
2283 3804 2614 3874 manifestati
2651 3821 2745 3875 per
2772 3804 3078 3876 Scripturas
3129 3807 3465 3878 propheticus
3485 3822 3678 3863 secun-

2078 3899 2204 3952 dum
2236 3907 2558 3968 prameptum
2594 3899 2779 3954 wterni
2811 3897 2931 3966 Dei,
2966 3899 3034 3954 ad
3063 3899 3413 3957 obeditionem
3433 3900 3563 3972 ﬁdei
3583 3915 3693 3973 per.

2079 4002 2254 4064 gentes
2306 4008 2390 4046 om
2398 4009 2510 4048 1188.

2153 4084 2286 4140 Dum
2310 4085 2387 4139 ait
2421 4083 2861 4156 praedicationem
2887 4081 3014 4141 Iesu
3044 4082 3272 4152 Christi,
3299 4083 3354 4141 id
3411 4093 3498 4141 est
3525 4100 3690 4156 quam

2079 4177 2194 4248 ipse
2255 4177 2606 4248 praedicavit,
2661 4192 2776 4234 rem
2855 4191 2978 4233 esse
3049 4175 3154 4233 ﬂde
3208 4177 3426 4246 dignam
3505 4190 3691 4231 sermo

2077 4271 2334 4327 ostendit.
2387 4271 2600 4344 Quippe
2669 4269 2983 4339 evangelica
3041 4268 3335 4339 dogmata,
3372 4267 3690 4335 praedicatio

2080 4363 2224 4421 illius
2271 4373 2443 4429 sunt,
2493 4379 2597 4419 non
2650 4369 3020 4419 commentum
3071 4368 3338 4416 nostrum.
3358 4357 3425 4414 Et
3471 4357 3690 4428 quidem

2080 4455 2306 4524 ueniini,
2325 4455 2660 4526 inquit,ante
2687 4468 2785 4510 nos
2810 4454 2913 4510 hoc
2943 4451 3262 4524 mysterium
3281 4449 3532 4507 innotuit.
3547 4447 3690 4506 Olim

2079 4559 2228 4606 certe
2275 4549 2597 4620 praeﬁnitum
2643 4547 2852 4612 fuerat,
2897 4561 3042 4602 nunc
3092 4553 3272 4600 autem
3322 4559 3421 4616 per
3457 4545 3688 4615 prophe-

2082 4643 2219 4698 tieas
2271 4641 2586 4712 Scripturas
2628 4638 2957 4711 patefactum
2981 4647 3086 4696 est.
3115 4635 3268 4693 Haud
3294 4637 3459 4709 igitur
3485 4645 3688 4706 metue,

2085 4750 2154 4790 ne
2186 4734 2328 4790 forte
2361 4749 2389 4787 a
2421 4733 2538 4804 lege
2564 4732 2818 4789 discedas
2851 4749 2865 4787 :
2898 4731 3003 4786 hoc
3037 4730 3245 4786 etenim
3285 4730 3402 4802 ipsa
3433 4729 3521 4786 lex
3550 4728 3688 4794 vult,

2089 4827 2192 4883 hoc
2232 4825 2536 4894 antiquitus
2570 4822 2981 4895 pranuntiavit.
3013 4822 3162 4878 Cave
3194 4821 3378 4890 itaque
3437 4819 3690 4889 inquiras

2084 4935 2183 4975 cur
2217 4933 2362 4973 nunc
2395 4932 2483 4972 res
2530 4915 2852 4971 innotuerit.
2906 4914 3121 4984 Quippe
3173 4912 3248 4968 ita
3294 4911 3388 4967 Dei
3421 4911 3689 4966 mandato

376 5018 490 5070 νεῖν
519 5015 683 5071 τοῦτο
711 5017 772 5072 τὸ
809 5019 1136 5091 μυστήριον,
1167 5017 1285 5072 ἀλλ’
1318 5017 1646 5072 ὑπακούειν.
1682 5018 1968 5088 ’Υπακοῆς
2006 5045 2015 5102 ι

2085 5016 2267 5064 actum
2299 5017 2404 5076 est,
2427 5021 2605 5078 neque
2633 5006 2700 5062 de
2727 5006 2832 5062 hoc
2858 5004 3126 5076 mysterio
3154 5003 3374 5060 curiose
3399 5001 3678 5072 vestigan-

377 5109 488 5182 γὰρ
519 5112 552 5184 ὴ
595 5111 779 5176 πίστις
811 5112 984 5168 δεῖται
1007 5154 1022 5178 ,
1060 5113 1123 5167 οὐ
1153 5112 1501 5184 περιεργίας,
1563 5111 1806 5183 μάλιστα
1839 5111 1971 5165 ὅταν
2006 5093 2015 5102 ’

2088 5103 2241 5168 dum,
2302 5101 2397 5156 sed
2455 5098 2824 5156 obedientium
2881 5097 3108 5154 omnino
3145 5103 3252 5152 est.
3295 5093 3686 5152 Obedientiam

374 5204 509 5270 Θεὸς
535 5205 826 5277 ἐπιτάττῃ.

2094 5195 2242 5251 enim
2280 5193 2524 5265 postulat
2555 5193 2710 5260 ﬁdes,
2763 5205 2874 5249 non
2929 5189 3330 5260 curiositatem,
3377 5187 3686 5261 praesertim

2094 5304 2227 5346 cum
2270 5287 2413 5344 Deus
2437 5286 2652 5358 iubeat.

446 5454 526 5525 (I)
560 5453 640 5510 Ex
667 5453 726 5512 S.
754 5455 1045 5526 Nicephori
1087 5453 1426 5579 Αροίοὲειὶεο
1461 5465 1560 5522 pro
1585 5449 1796 5507 sanctis
1858 5448 2000 5505 ima-
2184 5446 2264 5518 (2)
2299 5445 2380 5502 Ad
2421 5445 2580 5501 Rom.
2617 5462 2730 5512 xw,
2781 5444 2977 5504 25-26.
3031 5440 3196 5513 Atqui
3244 5441 3299 5498 in
3349 5439 3680 5499 editiOnibus

446 5527 594 5579 minus
653 5530 794 5579 apud
840 5527 982 5579 Ana.
1020 5526 1168 5579 Mn.
1294 5523 1502 5579 iblioth.
1578 5538 1729 5579 novn.
1792 5529 1831 5577 t.
1900 5517 1999 5579 Vl.
2110 5530 2263 5574 certe
2317 5517 2698 5579 Chrysostomi
2732 5519 2970 5576 homilia:
3006 5512 3295 5579 usquead
3335 5512 3481 5570 hunc
3532 5511 3680 5570 l’aull

375 5511 594 5600 giiiilius
653 5511 982 5600 apudﬂAing.
1020 5511 1168 5592 Mu',
1245 5511 1502 5580 Bibliotli.
1578 5538 1696 5578 nov.
1709 5545 1729 5596 λ
1792 5529 1831 5577 t.
1900 5517 1999 5589 Vl,
2110 5511 2263 5600 certe
2317 5511 2970 5600 Chrysostomihomilize
3006 5511 3194 5586 usque.
3225 5512 3295 5570 ad
3335 5512 3481 5570 hunc
3532 5511 3684 5570 l’ault

375 5590 436 5672 ᾖ.
487 5597 614 5668 I58,
647 5590 776 5656 26!.
930 5590 959 5599 '
1153 5590 1159 5592 ⁷
1709 5590 1728 5596 ⁷
2109 5590 2286 5648 locum
2321 5606 2426 5646 non
2466 5590 2807 5660 perveniunt.
