4084 6456
490 347 626 402 ωδε

1059 505 1390 523 ῃ

1268 352 1832 410 SUI'PLEMENTUM
1867 355 1958 410 AD
1993 356 2050 411 S.
2088 357 2138 413 J.
2183 356 2672 414 CilRYSOSTOMI
2711 356 2963 414 OPERA.

3607 350 3751 416 "to

3363 518 3744 539 ψ

601 671 1481 791 FRAGMENTA
1569 678 1722 794 IN
1808 679 2593 798 EPISTOLAS
2677 681 3633 802 CATHOLICAS.

1838 900 2107 974 (Casus,
2145 910 2185 958 t.
2216 900 2376 973 VIII.)

2059 1090 2132 1109 ny

1319 1231 1444 1318 IN
1518 1228 2199 1326 EPISTOLAM
2275 1235 2368 1326 S.
2445 1234 2906 1332 JACOBI.

964 1415 1201 1477 CAPUT
1260 1421 1554 1480 PRIMUM.

543 1525 710 1582 Vens.
751 1528 804 1584 2.
845 1528 1011 1584 Omne
1056 1532 1310 1602 gaudium
1353 1534 1671 1603 existimate,
1698 1536 1893 1606 fratres
1927 1539 2048 1605 mei,

471 1635 588 1672 cum
640 1621 697 1673 in
719 1621 1028 1676 tentationes
1052 1625 1228 1678 varias
1253 1625 1564 1681 incideritis.

543 1711 831 1768 Vinculum
879 1714 1227 1784 iufraugibile
1251 1728 1337 1774 est
1384 1716 1626 1786 amictio,
1652 1718 1936 1774 charitatis
1971 1719 2054 1775 inr

469 1812 834 1869 t-rcmcutum,
887 1807 1324 1875 compunctionis
1369 1818 1424 1864 et
1458 1809 1675 1880 pietatis
1727 1811 2051 1865 fundamen-

475 1902 609 1946 tum.
654 1893 795 1949 Audi
823 1897 1024 1952 etenim
1069 1899 1336 1956 dicentem
1371 1902 1673 1957 :Accedens
1709 1905 1778 1957 ad
1830 1903 2055 1960 servitu-

473 1991 572 2034 tem
619 1983 734 2053 Dei,
765 2001 1010 2057 μῆτραι-α
1058 1991 1292 2046 animam
1336 2003 1481 2047 tuam
1505 1995 1575 2048 ad
1605 1995 1987 2050 tentationem‘
2036 2012 2050 2049 :

475 2074 542 2127 Et
573 2075 828 2135 Christus
865 2083 1085 2150 quidem
1118 2093 1170 2139 et
1215 2084 1334 2156 ipse
1354 2087 1487 2142 dicit
1513 2105 1529 2142 :
1560 2087 1629 2143 In
1661 2089 1856 2144 mundo
1909 2103 2056 2158 pres-

449 2180 655 2220 snram
715 2167 1011 2239 liab'ebitis,
1067 2174 1158 2228 sed
1225 2176 1472 2244 conﬁdite
1519 2177 1562 2232 ³.
1620 2178 1689 2234 Ει
1755 2193 1972 2234 rursum
2038 2193 2052 2230 :

472 2255 710 2328 Angusta
753 2274 801 2314 et
834 2275 979 2318 arcta
1026 2267 1113 2320 via
1141 2276 1216 2322 est
1250 2269 1293 2324 ⁸.
1331 2267 1495 2324 Vides
1524 2271 1724 2342 ubique
1783 2271 2056 2326 laudatam

473 2344 841 2418 alﬂietioncm,
889 2354 1091 2425 ubique
1150 2367 1208 2413 ut
1265 2361 1633 2417 necessariam
1663 2378 1694 2417 a
1749 2364 1904 2420 nobis
1936 2379 2059 2422 sus-

473 2435 804 2504 cipiendam.
841 2440 898 2496 Si
945 2443 1091 2498 enim
1124 2445 1177 2500 in
1225 2448 1387 2517 hujus
1422 2452 1606 2507 mundi
1637 2452 1837 2523 praeliis
1899 2467 2058 2511 nemo

471 2528 590 2585 sine
620 2533 975 2595 tribulatione
997 2555 1255 2597 coronam
1277 2544 1500 2616 accipit,
1551 2563 1712 2604 nemo
1740 2550 1833 2620 qui
1861 2565 1967 2606 non
2002 2562 2060 2608 et

474 2622 772 2692 laboribus,
814 2638 868 2684 et
899 2633 1282 2691 alimentorum
1309 2639 1714 2708 observatione,
1743 2652 1800 2698 et
1833 2644 2058 2716 regimi-

473 2717 561 2772 nis
621 2723 1038 2792 consuetudine,
1081 2736 1138 2784 et
1191 2729 1433 2799 vigiliis,
1482 2743 1540 2788 et
1576 2733 1699 2789 aliis
1745 2737 1950 2800 multis,
1997 2751 2059 2794 se

471 2817 650 2884 ipsum
705 2816 1118 2887 fortificaverit,
1167 2825 1339 2880 multo
1385 2828 1557 2897 magis
1613 2828 1666 2882 in
1719 2829 1823 2884 isto
1873 2841 2056 2886 certa-

473 2925 523 2961 In
535 2924 642 2963 me.

539 3001 706 3056 Vens.
738 3001 827 3057 12.
855 3003 1048 3058 Beatus
1074 3005 1156 3059 vir
1195 3007 1284 3075 qui
1303 3009 1490 3076 snﬂ'ert
1534 3010 1898 3081 tentationem,
1921 3030 2052 3085 quo-

472 3091 641 3157 niam,
672 3109 790 3146 rum
853 3095 1107 3158 probatus
1144 3097 1325 3165 fuerit,
1355 3102 1577 3172 accipiet
1630 3117 1878 3158 coronam
1931 3107 2054 3162 vita:

468 3201 625 3254 quam
652 3189 950 3257 repromisit
973 3187 1111 3243 Deus
1133 3189 1474 3260 diligentibus
1513 3211 1589 3248 se.

540 3274 782 3346 (Beatus)
813 3277 906 3346 qui
934 3279 1220 3335 dominans
1248 3283 1355 3348 sui,
1383 3298 1444 3338 se
1471 3288 1808 3342 converterit
1839 3289 1906 3344 ad
1932 3289 2052 3345 suf-

470 3367 721 3424 ferendas
753 3371 1100 3440 tentationes,
1141 3379 1200 3428 ut
1223 3377 1532 3432 inveniatur
1563 3379 1700 3436 ineo
1758 3382 2047 3450 probatum

463 3477 625 3531 opus,
655 3469 710 3516 et
741 3462 1000 3534 patientia
1032 3466 1296 3536 perfecta,
1326 3485 1446 3538 qua:
1475 3486 1574 3540 per
1602 3474 1896 3543 semetipsa
1928 3489 2052 3544 per-

466 3554 748 3620 lieiuutur,
773 3571 872 3612 nec
893 3557 1114 3614 aliunde
1141 3560 1485 3620 obtinentur.
1516 3563 1636 3619 Alia
1663 3566 2049 3623 exhortatione

464 3645 696 3702 suadere
731 3656 964 3702 conatur
994 3658 1053 3703 ut
1087 3657 1237 3706 recte
1281 3652 1588 3724 dirigantur
1613 3656 1912 3725 proposita,
1943 3673 2045 3711 an.

465 3738 727 3794 nuntians
757 3740 965 3796 scilicet
1010 3751 1064 3796 et
1082 3741 1301 3799 beatum
1331 3760 1455 3801 esse
1491 3747 1678 3803 dicens
1713 3750 2047 3805 tentationes

464 3832 824 3887 sustinentem
843 3850 860 3900 ;
878 3834 1064 3889 evadit
1090 3835 1236 3889 enim
1260 3837 1340 3893 sic
1368 3838 1584 3894 fortiter
1609 3839 1788 3910 praelia
1812 3840 2042 3907 ducens,

465 3927 548 3980 vir
594 3925 890 3996 probatus,
935 3936 991 3982 et
1042 3928 1109 3982 ad
1157 3930 1340 3984 omnia
1398 3933 1750 3987 exercitatus.
1805 3935 1870 3989 Et
1919 3949 2046 3989 eum

464 4018 1052 4088 apparebilsplendens
1073 4022 1138 4076 de
1157 4023 1260 4076 hac
1295 4025 1580 4079 tenebrosa
1618 4034 1785 4096 terra,
1818 4027 2047 4083 donabi-

2090 1430 2139 1488 Α

2578 1433 2980 1488 ΚΕΦΑΛΑΙΟΝ
3020 1435 3323 1491 ΠΡΩΤΟΝ.

2227 1543 2439 1600 Πᾶσαν
2487 1551 2680 1616 χαρὰν
2735 1550 3070 1619 ἡγήσασθε,
3128 1551 3380 1622 ἀδελφοί
3439 1571 3581 1624 μου,
3604 1554 3752 1612 ὅταν

2156 1638 2507 1708 πειρασμοῖς
2533 1642 2894 1711 περιπέσητε
2918 1643 3235 1710 ποικίλοις.

2227 1731 2434 1802 Δεσμὺς
2468 1733 2578 1805 γάρ
2611 1734 2694 1798 τίς
2728 1735 2876 1788 ἐστιν
2909 1737 2945 1807 ἡ
2977 1734 3157 1806 θλίψις
3193 1739 3447 1812 ἀρραγὴς
3472 1779 3488 1806 ,
3520 1741 3748 1812 ἀγάπης

2155 1824 2404 1898 αὔξησις,
2428 1827 2775 1894 κατανύξεως
2805 1828 2899 1883 καὶ
2920 1828 3207 1894 εὐλαϐείας
3234 1831 3511 1896 ὑπόθεσις.
3543 1833 3745 1888 Ἀκουε

2157 1915 2265 1987 γὰρ
2313 1916 2406 1970 τοῦ
2463 1917 2735 1988 λέγοντος,
2792 1923 2863 1974 El
2909 1920 3220 1990 προσέρχῃ
3278 1922 3598 1978 δουλεύειν
3667 1924 3748 1991 τῷ

2157 2006 2372 2075 Κυρίῳ,
2403 2007 2728 2078 ἐτοίμασον
2756 2008 2871 2078 τὴν
2894 2011 3108 2080 ψυχήν
3134 2028 3251 2066 σου
3273 2013 3362 2078 είς
3386 2015 3741 2083 πειρασμόν.

2159 2097 2270 2150 Καὶ
2307 2099 2336 2150 6
2369 2100 2606 2169 Χριστὸς
2656 2099 2714 2152 δὲ
2770 2101 2934 2156 πάλιν
2981 2100 3190 2172 ἔλεγεν,
3259 2103 3365 2157 Ἕν
3415 2102 3496 2169 τῷ
3540 2107 3749 2174 κόσμῳ

2158 2191 2368 2260 θλίψιν
2397 2191 2587 2262 ἔχετεο
2629 2193 2789 2247 ἀλλὰ
2837 2193 3131 2264 θαρσεῖτε.
3177 2195 3291 2249 Καὶ
3329 2195 3516 2264 πάλιν,
3552 2196 3743 2266 Στενὴ

2159 2285 2257 2338 καὶ
2287 2285 2643 2355 τεθλιμμένη
2679 2287 2717 2354 ἠ
2753 2286 2914 2353 ὁδός.
2959 2287 3124 2360 Ὁρᾷς
3157 2289 3436 2358 πανταχοῦ
3485 2289 3585 2361 τὴν
3627 2288 3743 2342 θλί-

2158 2375 2252 2445 ψιν
2283 2378 2708 2447 ἐπαινουμένην,
2742 2377 3022 2448 πανταχοῦ
3056 2378 3638 2449 παραλαμϐανομὲνην
3668 2379 3745 2441 ὡς

2159 2469 2465 2537 ἀναγκαίαν
2489 2464 2655 2522 οὖσαν
2680 2471 2833 2541 ἡμῖν.
2870 2471 2933 2524 Et
2956 2469 3063 2540 γὰρ
3092 2472 3148 2522 ἐν
3176 2471 3290 2534 τοῖς
3315 2468 3513 2534 ἔξωθεν
3536 2469 3745 2538 ἀγῶσιν

2159 2561 2336 2624 οὐδεὶς
2374 2559 2440 2614 ἂν
2469 2561 2674 2632 ταύτης
2705 2561 2877 2633 χωρὶς
2924 2561 3193 2631 στέφανον
3224 2560 3417 2627 λάϐοι,
3453 2563 3502 2614 ei
3537 2561 3612 2633 μὴ
3650 2561 3745 2615 καὶ

2162 2652 2346 2716 πόνοις
2377 2655 2472 2706 καὶ
2496 2654 2684 2707 σιτίων
2707 2655 3093 2726 παρατηρήσει
3119 2655 3215 2708 καὶ
3243 2654 3409 2726 νόμου
3437 2654 3621 2726 διαίτῃ
3651 2655 3747 2708 καὶ

2087 2789 2131 2844 Β
2160 2745 2493 2814 ἀγρυπνίαις
2515 2786 2530 2810 ,
2566 2745 2662 2800 καὶ
2697 2747 2914 2817 μυρίοις
2962 2745 3174 2817 ἑτέροις
3221 2745 3416 2800 ἑαυτὸν
3444 2744 3698 2818 ὀχυρώσῃ
3723 2782 3740 2809 ,

2158 2840 2338 2911 πολλῳ
2369 2840 2570 2910 μᾶλλον
2603 2837 2856 2893 ἐνταῦθα.

2226 3023 2527 3094 Μακάριος
2553 3022 2708 3092 ἀνὴρ
2732 3023 2800 3090 ὃς
2819 3021 3107 3093 ὑπομένει
3135 3020 3488 3092 πειρασμὸν,
3519 3021 3608 3075 ὅτι
3645 3021 3744 3077 δό-

2154 3139 2327 3191 κιμος
2365 3120 2689 3189 γενόμενος
2707 3115 2966 3184 λήψεται
2987 3115 3096 3169 τὸν
3121 3113 3426 3183 στέφανον
3448 3113 3552 3182 τῆς
3572 3112 3742 3182 ζωῆς,

2154 3213 2228 3268 ὃν
2250 3212 2644 3282 ἐπηγγείλατο
2672 3212 2704 3263 ό
2733 3209 2949 3277 Κύριος
2968 3207 3094 3272 τοῖς
3115 3206 3431 3276 ἀγαπῶσιν
3456 3208 3666 3262 αὐτόν.

2224 3304 2526 3376 Αὖτάρκως
2557 3300 3010 3374 προτρεψάμενος
3064 3297 3399 3369 ὑφίστασθαι
3447 3299 3576 3363 τοὺς
3617 3317 3740 3353 πει-

2157 3397 2403 3467 ρασμοὺς
2442 3394 2583 3465 μετὰ
2615 3395 2826 3466 χαρᾶς,
2860 3393 2947 3446 ἵνα
2981 3391 3276 3463 ἐγγένηται
3307 3391 3532 3464 δόκιμον
3579 3391 3742 3464 ἔργον

2152 3489 2246 3541 καὶ
2267 3488 2515 3563 ὑπομονὴ
2535 3489 2552 3517 ¹
2573 3485 2774 3540 τελεία·
2797 3483 3100 3538 τελειοῦται
3123 3484 3182 3537 δὲ
3202 3483 3374 3538 ταῦτα
3397 3484 3521 3538 καθ’
3543 3483 3735 3551 ἑαυτὰ,

2153 3580 2247 3634 καὶ
2282 3579 2358 3650 μὴ
2391 3579 2456 3632 δι’
2487 3577 2618 3632 ἄλλο
2640 3579 2661 3609 ¹
2693 3577 3067 3648 πραττόμενα·
3117 3576 3186 3630 δι’
3231 3575 3422 3648 ἐτέρας
3473 3577 3740 3648 παραινέ-

2153 3690 2292 3736 σεως
2330 3671 2541 3725 πείθειν
2575 3672 2848 3742 ἐπιχειρεῖ
2893 3668 3200 3741 κατορθοῦν
3241 3670 3311 3722 τὰ
3361 3671 3736 3743 προκείμενα·

2149 3766 2218 3819 δι’
2252 3764 2592 3832 ἐπαγγελίαν
2624 3763 2896 3834 μακάριον
2934 3759 3077 3816 εἶναι
3105 3761 3279 3830 λέγων
3304 3762 3397 3818 τὸν
3427 3763 3739 3834 πειρασμὸν

2149 3858 2514 3928 ὑπομένοντα.
2541 3857 2839 3928 Γενήσεται
2866 3856 2977 3928 γὰρ
3001 3858 3021 3889 ³
3047 3855 3222 3919 οὕτως
3251 3856 3560 3926 ἀθλητικῶς
3587 3857 3738 3926 ἄγων

2150 3950 2240 4004 τὸν
2273 3949 2484 4017 ἀγῶνα,
2521 3949 2746 4018 δόκιμος
2778 3948 2917 4020 ἀνὴρ
2958 3948 3047 4002 διὰ
3087 3950 3309 4004 πάντων
3351 3951 3738 4021 γεγυμνασμὲ-

2151 4061 2260 4106 νος.
2293 4041 2453 4096 Οὕτω
2489 4041 2546 4096 δὲ
2575 4042 2905 4111 ἀναφανέντι
2936 4042 3003 4095 ἐκ
3031 4041 3140 4094 τῶν
3173 4042 3541 4112 σκυθρωπῶν,
3573 4043 3734 4114 δοθή-

465 4122 554 4163 tur
585 4123 786 4165 corona
816 4111 1068 4180 vitaajam
1105 4127 1133 4166 a
1169 4113 1278 4168 Deo
1305 4125 1610 4184 przeparata
1653 4116 1764 4171 illis
1795 4117 1888 4186 qui
1919 4117 2039 4172 dili-
2075 4165 2076 4170 η

2155 4153 2305 4189 σεται
2334 4135 2598 4204 στέφανος
2622 4134 2766 4205 ζωῆς
2796 4134 3178 4204 εὐτρεπισθεὶς
3204 4133 3310 4187 ὑπὸ
3338 4123 3598 4189 τοῦΘεοῦ
3621 4140 3736 4198 τοῖς

463 4211 592 4271 gunt
622 4201 794 4258 illum.
828 4201 921 4258 Sic
964 4203 1054 4258 ille
1085 4205 1178 4276 qui
1213 4206 1484 4264 suﬂerens
1534 4210 1863 4266 tentationes
1923 4225 2048 4266 con-

465 4295 658 4349 temnit
693 4295 912 4351 labores
947 4306 1002 4351 et
1024 4297 1196 4367 ipsam
1227 4308 1480 4364 mortem,
1509 4316 1766 4356 coronam
1829 4311 2046 4358 acterna:

461 4386 587 4440 vita:
609 4387 864 4457 accipiet.
897 4389 953 4442 Si
973 4405 1186 4459 qumras
1211 4406 1276 4446 ex
1313 4408 1419 4462 qua
1454 4394 1678 4447 materia
1715 4396 2046 4464 praeparavit

465 4479 604 4534 Deus
635 4496 896 4535 coronam
925 4482 1049 4536 vitae
1097 4484 1162 4538 iis
1194 4485 1284 4554 qui
1334 4485 1563 4555 diligunt
1589 4487 1760 4551 illum,
1803 4488 2047 4543 dicemus

465 4571 607 4639 quod
674 4583 902 4640 propter
941 4574 1180 4626 divinam
1245 4575 1636 4630 sublimitatem
1688 4578 1879 4630 oculus
1945 4592 2046 4633 nec

460 4662 617 4721 vidit,
651 4676 751 4716 nec
794 4662 946 4716 auris
972 4665 1205 4730 audivit,
1239 4679 1341 4720 nec
1366 4667 1418 4720 in
1460 4666 1630 4721 levius
1668 4682 1763 4721 cor
1807 4669 2044 4725 hominis

461 4754 709 4811 ascendit
734 4771 853 4825 quae
880 4759 1206 4827 praeparavit
1233 4759 1373 4813 Deus
1398 4759 1465 4816 iis
1483 4762 1573 4830 qui
1609 4761 1840 4830 diligunt
1863 4763 2038 4820 illum.

546 4935 711 4992 Vens.
745 4937 832 4992 l5.
885 4938 1084 4996 Deinde
1134 4943 1578 5011 concupiscentia,
1627 4963 1744 5000 cum
1790 4964 2041 5015 concepe-

462 5027 550 5088 rit,
573 5028 715 5094 parit
743 5039 1048 5096 peccatum;
1079 5043 1346 5101 peccatum
1370 5045 1545 5090 autent
1571 5055 1687 5092 cum
1709 5058 2039 5099 consumma-

457 5126 567 5169 tum
598 5119 778 5185 tuerit,
804 5133 1013 5189 generat
1051 5133 1294 5179 mortem.

527 5206 674 5276 Dum;
699 5210 900 5264 etenim
944 5222 1225 5281 peccatum
1262 5231 1570 5291 operemur,
1619 5226 1895 5296 voluptate
1955 5232 2039 5286 iu-

456 5296 672 5362 ebriati,
697 5315 806 5355 non
833 5302 912 5357 sic
944 5304 1228 5364 aﬂieimur.
1254 5309 1549 5383 Postquam
1578 5330 1756 5374 autem
1780 5333 1959 5378 ortum
1985 5334 2039 5380 et

458 5389 617 5445 linem
647 5395 873 5466 recepit,
901 5406 1028 5454 tunc
1062 5415 1234 5470 certe,
1259 5409 1563 5476 praesertim
1587 5415 1733 5469 onmi
1765 5417 2034 5473 exstincta

525 5568 546 5600 ³
585 5568 752 5628 Eccli.
780 5589 842 5640 ll,
867 5577 914 5630 Ι.
991 5578 1010 5608 ³
1049 5578 1204 5638 Joan.
1233 5601 1345 5654 xvi,
1370 5585 1459 5642 23.
1539 5589 1557 5622 ’⁸
1599 5591 1791 5649 Matth.
1819 5609 1918 5663 vn,
1951 5598 2033 5654 lli.

527 5724 711 5822 :‘tiod.
733 5731 915 5822 ‘C‘qisllz
945 5735 1214 5822 ὑπομονῇ.
1290 5745 1308 5775 ²
1343 5744 1473 5802 Cod.
1499 5747 1660 5804 Coisl.
1689 5749 1878 5822 (XXV)
1917 5751 2094 5806 ἄλλον.

454 5796 652 5870 νοήσει.
733 5803 752 5834 ⁸
779 5804 838 5858 C.
877 5805 938 5859 G.
972 5796 1143 5864 λάϐοι.

2149 4228 2312 4281 αὑτὸν
2345 4228 2654 4295 ἀγαπῶσιν.
2685 4225 2874 4288 Οὕτως
2905 4228 2934 4279 ὁ
2964 4224 3042 4295 τῷ
3070 4225 3367 4295 ὑπομένειν
3402 4225 3732 4296 πειρασμὸν,

2150 4321 2514 4392 καταφρονῶν
2543 4320 2822 4373 ἐπιπόνων
2852 4320 2948 4373 καὶ
2981 4318 3146 4372 αὐτοῦ
3178 4318 3272 4371 τοῦ
3315 4318 3576 4386 θανάτου,
3615 4319 3734 4372 στέ-

2147 4431 2315 4484 φανον
2351 4413 2448 4483 τῆς
2479 4413 2698 4466 αἰωνίου
2747 4411 2895 4480 ζωῆς
2939 4410 3301 4480 ἀπολήψεται.
3337 4410 3551 4480 Ζητεῖς,
3586 4411 3670 4475 τίς
3699 4415 3732 4482 ἠ

2148 4504 2253 4574 ὕλη
2283 4499 2341 4558 οὗ
2379 4503 2679 4572 ἡτοίμασεν
2700 4503 2728 4553 ὁ
2755 4501 2887 4564 Θεὸς
2921 4500 3192 4568 στεφάνου
3213 4499 3235 4529 ⁸
3271 4498 3418 4567 ζωῆς
3448 4501 3563 4561 τοῖς
3593 4499 3731 4564 ἀγα-

2149 4594 2326 4648 πῶσιν
2365 4593 2564 4659 αὑτόν;
2596 4591 2746 4644 ἐστιν
2789 4610 2807 4642 ι
2837 4591 2873 4645 ὃ.
2899 4591 3198 4662 ἡτοίμασεν
3229 4593 3257 4644 6
3287 4589 3421 4653 Θεὸς
3449 4592 3563 4652 τοῖς
3593 4590 3729 4658 ἀγα-

2147 4684 2324 4736 πῶσιν
2363 4683 2556 4747 αὐτὸν,
2595 4699 2614 4732 ι
2653 4679 2690 4734 ὃ.
2726 4680 2813 4734 διὰ
2863 4681 3095 4751 μέγεθος
3123 4680 3433 4750 θειότητος,
3469 4679 3588 4748 ὕψει
3635 4679 3728 4731 καί

2145 4777 2283 4846 ἀκοῇ
2315 4775 2413 4844 οὐχ
2442 4775 2752 4843 ὑπόκειται,
2787 4774 2909 4828 οὐδὲ
2938 4773 3030 4827 ἐπὶ
3058 4771 3223 4844 ψιλὴν
3249 4773 3436 4843 νόησιν
3458 4775 3479 4806 ⁵
3511 4767 3723 4837 ἀνθρὼ-

2147 4885 2250 4920 που
2277 4867 2640 4938 ἀναϐέϐηκεν.

2221 4961 2363 5012 Εἶτα
2395 4959 2432 5026 ἡ
2457 4959 2738 5028 ἐπιθυμία
2759 4956 3180 5022 συλλαϐοῦσα,
3203 4956 3387 5010 τίκτει
3415 4951 3723 5024 ἁμαρτία-ν’

2144 5057 2183 5124 ὴ
2205 5053 2271 5108 δὲ
2293 5053 2546 5124 ἁμαρτία
2567 5051 3042 5107 ἀποτελεσθεῖσα
3061 5094 3074 5117 ,
3096 5051 3346 5106 ἀποκύει
3373 5048 3658 5104 θάνατον.

2229 5241 2318 5295 Ἐν
2351 5243 2450 5312 μὲν
2485 5241 2596 5313 γὰρ
2623 5241 2703 5311 τῷ
2742 5240 3008 5311 πράττειν
3047 5238 3148 5309 τὴν
3179 5237 3458 5309 ἁμαρτίαν
3495 5235 3600 5289 ὑπὸ
3631 5236 3732 5304 τῆς

2143 5333 2337 5402 ἡδονῆς
2367 5329 2678 5401 μεθύοντες,
2701 5331 2800 5400 οὐχ
2825 5329 2999 5392 οὕτως
3029 5327 3426 5399 αἰσθανόμεθα.
3474 5324 3729 5379 Ἐπειδὰν

2142 5424 2198 5477 δὲ
2230 5425 2454 5497 γένηται
2485 5424 2581 5478 καὶ
2629 5423 2771 5496 λάϐῃ
2797 5423 2816 5452 ⁸
2858 5423 3013 5486 τέλος
3078 5423 3202 5474 τότε
3237 5421 3302 5479 δὴ
3347 5419 3584 5491 μάλιστα
3627 5419 3728 5488 τῆς

2177 5757 2193 5784 ³
2219 5757 2348 5810 Cod.
2378 5756 2438 5809 (ἐ.
2473 5759 2577 5827 γὰρ
2609 5759 2757 5831 6.-Ἱῇ
2792 5747 2936 5815 0.1:.
2971 5761 3288 5830 στεφάνους.
3366 5759 3386 5790 ⁵
3421 5757 3481 5814 (ἒ.
3513 5757 3572 5813 C.
3597 5755 3725 5828 ψιλῇ
