  <div class='ocr_page' id='page_1' title='image "/cluster/home/n/w/nwhite01/storage/ocr_20150623/64:no.13/coo.31924054869643/562.png"; bbox 0 0 4084 6452; ppageno 0'>
   <div class='ocr_carea' id='block_1_1' title="bbox 330 409 454 465">
    <p class='ocr_par' dir='ltr' id='par_1_1' title="bbox 330 409 454 465">
     <span class='ocr_line' id='line_1_1' title="bbox 330 409 454 465; baseline 0 -1"><span class='ocrx_word' id='word_1_1' title='bbox 330 409 454 465; x_wconf 68' lang='lat' dir='ltr'><strong>ltili</strong></span> 
     </span>
    </p>
   </div>
   <div class='ocr_carea' id='block_1_2' title="bbox 1303 349 2706 449">
    <p class='ocr_par' dir='ltr' id='par_1_2' title="bbox 1303 349 2706 449">
     <span class='ocr_line' id='line_1_2' title="bbox 1303 349 2706 449; baseline -0.011 0"><span class='ocrx_word' id='word_1_2' title='bbox 1303 385 1732 449; x_wconf 70' lang='lat' dir='ltr'><strong>FRAGMENTA</strong></span> <span class='ocrx_word' id='word_1_3' title='bbox 1771 383 1838 440; x_wconf 86' lang='lat' dir='ltr'><strong>IN</strong></span> <span class='ocrx_word' id='word_1_4' title='bbox 1882 377 2272 436; x_wconf 81' lang='lat' dir='ltr'><strong>EPISTOLAM</strong></span> <span class='ocrx_word' id='word_1_5' title='bbox 2309 378 2367 436; x_wconf 91' lang='lat' dir='ltr'><strong>s.</strong></span> <span class='ocrx_word' id='word_1_6' title='bbox 2405 349 2706 436; x_wconf 71' lang='lat' dir='ltr'><strong>JACOBL&quot;</strong></span> 
     </span>
    </p>
   </div>
   <div class='ocr_carea' id='block_1_3' title="bbox 3501 364 3648 428">
    <p class='ocr_par' dir='ltr' id='par_1_3' title="bbox 3501 364 3648 428">
     <span class='ocr_line' id='line_1_3' title="bbox 3501 364 3648 428; baseline -0.007 -2"><span class='ocrx_word' id='word_1_7' title='bbox 3501 364 3648 428; x_wconf 54' lang='lat' dir='ltr'><strong>illi?</strong></span> 
     </span>
    </p>
   </div>
   <div class='ocr_carea' id='block_1_4' title="bbox 326 493 1938 603">
    <p class='ocr_par' dir='ltr' id='par_1_4' title="bbox 326 507 1938 603">
     <span class='ocr_line' id='line_1_4' title="bbox 326 507 1938 603; baseline -0.016 -17"><span class='ocrx_word' id='word_1_8' title='bbox 326 530 521 603; x_wconf 76' lang='grc' dir='ltr'>ἡδονῆς</span> <span class='ocrx_word' id='word_1_9' title='bbox 578 525 902 597; x_wconf 71' lang='grc' dir='ltr'>σϐεσθείσης</span> <span class='ocrx_word' id='word_1_10' title='bbox 961 521 1204 592; x_wconf 82' lang='grc' dir='ltr'>ἁπάσης,</span> <span class='ocrx_word' id='word_1_11' title='bbox 1259 518 1324 573; x_wconf 85' lang='grc' dir='ltr'><strong>τδ</strong></span> <span class='ocrx_word' id='word_1_12' title='bbox 1367 514 1566 586; x_wconf 72' lang='grc' dir='ltr'>πικρὸν</span> <span class='ocrx_word' id='word_1_13' title='bbox 1597 513 1700 583; x_wconf 78' lang='grc' dir='ltr'>τῆς</span> <span class='ocrx_word' id='word_1_14' title='bbox 1732 507 1938 568; x_wconf 73' lang='grc' dir='ltr'>ἑννοίας</span> 
     </span>
    </p>
   </div>
   <div class='ocr_carea' id='block_1_5' title="bbox 2041 493 3641 603">
    <p class='ocr_par' dir='ltr' id='par_1_5' title="bbox 2046 493 3641 576">
     <span class='ocr_line' id='line_1_5' title="bbox 2046 493 3641 576; baseline -0.006 -14"><span class='ocrx_word' id='word_1_15' title='bbox 2046 506 2349 576; x_wconf 84' lang='lat' dir='ltr'><strong>voluptate,</strong></span> <span class='ocrx_word' id='word_1_16' title='bbox 2396 516 2620 558; x_wconf 90' lang='lat' dir='ltr'><strong>amarus</strong></span> <span class='ocrx_word' id='word_1_17' title='bbox 2663 499 2718 555; x_wconf 93' lang='lat' dir='ltr'><strong>in</strong></span> <span class='ocrx_word' id='word_1_18' title='bbox 2763 495 3185 569; x_wconf 73' lang='lat' dir='ltr'><strong>intelligentiam</strong></span> <span class='ocrx_word' id='word_1_19' title='bbox 3220 509 3342 552; x_wconf 90' lang='lat' dir='ltr'><strong>sese</strong></span> <span class='ocrx_word' id='word_1_20' title='bbox 3397 493 3641 552; x_wconf 75' lang='lat' dir='ltr'><strong>insinuat</strong></span> 
     </span>
    </p>
   </div>
   <div class='ocr_carea' id='block_1_6' title="bbox 326 604 1937 694">
    <p class='ocr_par' dir='ltr' id='par_1_6' title="bbox 326 604 1937 694">
     <span class='ocr_line' id='line_1_6' title="bbox 326 604 1937 694; baseline -0.014 -17"><span class='ocrx_word' id='word_1_21' title='bbox 326 623 709 694; x_wconf 81' lang='grc' dir='ltr'>ἐπεισέρχεται</span> <span class='ocrx_word' id='word_1_22' title='bbox 729 618 978 689; x_wconf 81' lang='grc' dir='ltr'><strong>κέντρον,</strong></span> <span class='ocrx_word' id='word_1_23' title='bbox 997 612 1328 676; x_wconf 86' lang='grc' dir='ltr'>ἀπεναντίας</span> <span class='ocrx_word' id='word_1_24' title='bbox 1347 613 1472 673; x_wconf 78' lang='grc' dir='ltr'>ταῖς</span> <span class='ocrx_word' id='word_1_25' title='bbox 1492 604 1816 666; x_wconf 81' lang='grc' dir='ltr'>ὼδινούσαις</span> <span class='ocrx_word' id='word_1_26' title='bbox 1836 619 1937 672; x_wconf 82' lang='grc' dir='ltr'>γυ-</span> 
     </span>
    </p>
   </div>
   <div class='ocr_carea' id='block_1_7' title="bbox 325 697 1937 784">
    <p class='ocr_par' dir='ltr' id='par_1_7' title="bbox 325 697 1937 784">
     <span class='ocr_line' id='line_1_7' title="bbox 325 697 1937 784; baseline -0.012 -14"><span class='ocrx_word' id='word_1_27' title='bbox 325 716 524 784; x_wconf 80' lang='grc' dir='ltr'>ναιξίν.</span> <span class='ocrx_word' id='word_1_28' title='bbox 559 714 679 767; x_wconf 82' lang='grc' dir='ltr'><strong>Ἐπ’</strong></span> <span class='ocrx_word' id='word_1_29' title='bbox 697 711 926 768; x_wconf 77' lang='grc' dir='ltr'>ἐκείνων</span> <span class='ocrx_word' id='word_1_30' title='bbox 956 709 1060 780; x_wconf 85' lang='grc' dir='ltr'>μὲν</span> <span class='ocrx_word' id='word_1_31' title='bbox 1091 706 1202 779; x_wconf 86' lang='grc' dir='ltr'>γὰρ</span> <span class='ocrx_word' id='word_1_32' title='bbox 1231 703 1340 778; x_wconf 79' lang='grc' dir='ltr'><strong>πρὸ</strong></span> <span class='ocrx_word' id='word_1_33' title='bbox 1367 702 1464 758; x_wconf 85' lang='grc' dir='ltr'><strong>τοῦ</strong></span> <span class='ocrx_word' id='word_1_34' title='bbox 1490 701 1678 766; x_wconf 84' lang='grc' dir='ltr'>τόκου,</span> <span class='ocrx_word' id='word_1_35' title='bbox 1716 697 1885 760; x_wconf 83' lang='grc' dir='ltr'>πολὺς</span> <span class='ocrx_word' id='word_1_36' title='bbox 1909 698 1937 750; x_wconf 87' lang='grc' dir='ltr'>ὁ</span> 
     </span>
    </p>
   </div>
   <div class='ocr_carea' id='block_1_8' title="bbox 326 788 1937 871">
    <p class='ocr_par' dir='ltr' id='par_1_8' title="bbox 326 788 1937 871">
     <span class='ocr_line' id='line_1_8' title="bbox 326 788 1937 871; baseline -0.012 -11"><span class='ocrx_word' id='word_1_37' title='bbox 326 805 490 868; x_wconf 86' lang='grc' dir='ltr'>πόνος</span> <span class='ocrx_word' id='word_1_38' title='bbox 503 803 598 858; x_wconf 75' lang='grc' dir='ltr'><strong>καὶ</strong></span> <span class='ocrx_word' id='word_1_39' title='bbox 623 801 816 864; x_wconf 84' lang='grc' dir='ltr'><strong>ὠδῖνες</strong></span> <span class='ocrx_word' id='word_1_40' title='bbox 833 801 1077 871; x_wconf 81' lang='grc' dir='ltr'>δριμεῖαι</span> <span class='ocrx_word' id='word_1_41' title='bbox 1100 795 1466 850; x_wconf 78' lang='grc' dir='ltr'>ἐπικόπτουσι</span> <span class='ocrx_word' id='word_1_42' title='bbox 1486 793 1611 856; x_wconf 83' lang='grc' dir='ltr'>ταῖς</span> <span class='ocrx_word' id='word_1_43' title='bbox 1637 788 1937 859; x_wconf 71' lang='grc' dir='ltr'><strong>ἀλγηδόσιν</strong></span> 
     </span>
    </p>
   </div>
   <div class='ocr_carea' id='block_1_9' title="bbox 325 881 1937 967">
    <p class='ocr_par' dir='ltr' id='par_1_9' title="bbox 325 881 1937 967">
     <span class='ocr_line' id='line_1_9' title="bbox 325 881 1937 967; baseline -0.011 -15"><span class='ocrx_word' id='word_1_44' title='bbox 325 899 519 962; x_wconf 77' lang='grc' dir='ltr'>αὑτάςο</span> <span class='ocrx_word' id='word_1_45' title='bbox 555 895 698 967; x_wconf 82' lang='grc' dir='ltr'>μετὰ</span> <span class='ocrx_word' id='word_1_46' title='bbox 746 894 803 948; x_wconf 85' lang='grc' dir='ltr'>δὲ</span> <span class='ocrx_word' id='word_1_47' title='bbox 848 892 941 948; x_wconf 82' lang='grc' dir='ltr'><strong>τὸν</strong></span> <span class='ocrx_word' id='word_1_48' title='bbox 980 892 1144 946; x_wconf 80' lang='grc' dir='ltr'>τόκον</span> <span class='ocrx_word' id='word_1_49' title='bbox 1192 891 1414 954; x_wconf 80' lang='grc' dir='ltr'>ἄνεσις,</span> <span class='ocrx_word' id='word_1_50' title='bbox 1470 885 1551 958; x_wconf 85' lang='grc' dir='ltr'>τῷ</span> <span class='ocrx_word' id='word_1_51' title='bbox 1598 884 1796 957; x_wconf 79' lang='grc' dir='ltr'>βρέφει</span> <span class='ocrx_word' id='word_1_52' title='bbox 1833 881 1937 951; x_wconf 83' lang='grc' dir='ltr'>τῆς</span> 
     </span>
    </p>
   </div>
   <div class='ocr_carea' id='block_1_10' title="bbox 325 973 1938 1060">
    <p class='ocr_par' dir='ltr' id='par_1_10' title="bbox 325 973 1938 1060">
     <span class='ocr_line' id='line_1_10' title="bbox 325 973 1938 1060; baseline -0.01 -17"><span class='ocrx_word' id='word_1_53' title='bbox 325 991 523 1060; x_wconf 80' lang='grc' dir='ltr'>ὀδύνης</span> <span class='ocrx_word' id='word_1_54' title='bbox 555 984 1011 1056; x_wconf 79' lang='grc' dir='ltr'>συνεξελθούσης.</span> <span class='ocrx_word' id='word_1_55' title='bbox 1064 982 1337 1039; x_wconf 80' lang='grc' dir='ltr'><strong>Ἐνταῦθα</strong></span> <span class='ocrx_word' id='word_1_56' title='bbox 1370 981 1429 1035; x_wconf 86' lang='grc' dir='ltr'><strong>δὲ</strong></span> <span class='ocrx_word' id='word_1_57' title='bbox 1462 980 1562 1050; x_wconf 84' lang='grc' dir='ltr'>οὐχ</span> <span class='ocrx_word' id='word_1_58' title='bbox 1595 977 1789 1041; x_wconf 77' lang='grc' dir='ltr'>οὕτως·</span> <span class='ocrx_word' id='word_1_59' title='bbox 1819 973 1938 1029; x_wconf 83' lang='grc' dir='ltr'>ἀλλ’</span> 
     </span>
    </p>
   </div>
   <div class='ocr_carea' id='block_1_11' title="bbox 328 1070 1935 1153">
    <p class='ocr_par' dir='ltr' id='par_1_11' title="bbox 328 1070 1935 1153">
     <span class='ocr_line' id='line_1_11' title="bbox 328 1070 1935 1153; baseline -0.008 -17"><span class='ocrx_word' id='word_1_60' title='bbox 328 1084 434 1146; x_wconf 75' lang='grc' dir='ltr'><strong>ἕως</strong></span> <span class='ocrx_word' id='word_1_61' title='bbox 466 1083 567 1153; x_wconf 86' lang='grc' dir='ltr'><strong>μὲν</strong></span> <span class='ocrx_word' id='word_1_62' title='bbox 618 1081 687 1136; x_wconf 83' lang='grc' dir='ltr'>ἂν</span> <span class='ocrx_word' id='word_1_63' title='bbox 734 1079 1020 1152; x_wconf 82' lang='grc' dir='ltr'>ὠδίνωμεν</span> <span class='ocrx_word' id='word_1_64' title='bbox 1066 1077 1164 1133; x_wconf 77' lang='grc' dir='ltr'>καὶ</span> <span class='ocrx_word' id='word_1_65' title='bbox 1213 1075 1693 1146; x_wconf 76' lang='grc' dir='ltr'>συλλαμϐάνωμεν</span> <span class='ocrx_word' id='word_1_66' title='bbox 1735 1072 1805 1125; x_wconf 69' lang='grc' dir='ltr'>τὰ</span> <span class='ocrx_word' id='word_1_67' title='bbox 1853 1070 1935 1124; x_wconf 84' lang='grc' dir='ltr'>δι-</span> 
     </span>
    </p>
   </div>
   <div class='ocr_carea' id='block_1_12' title="bbox 326 1165 1932 1246">
    <p class='ocr_par' dir='ltr' id='par_1_12' title="bbox 326 1165 1932 1246">
     <span class='ocr_line' id='line_1_12' title="bbox 326 1165 1932 1246; baseline -0.007 -18"><span class='ocrx_word' id='word_1_68' title='bbox 326 1174 653 1246; x_wconf 82' lang='grc' dir='ltr'>εφθαρμένα</span> <span class='ocrx_word' id='word_1_69' title='bbox 699 1174 974 1246; x_wconf 83' lang='grc' dir='ltr'>νοήματα,</span> <span class='ocrx_word' id='word_1_70' title='bbox 1011 1170 1429 1244; x_wconf 79' lang='grc' dir='ltr'><strong>εὐφραινόμεθα</strong></span> <span class='ocrx_word' id='word_1_71' title='bbox 1482 1167 1581 1223; x_wconf 74' lang='grc' dir='ltr'><strong>καὶ</strong></span> <span class='ocrx_word' id='word_1_72' title='bbox 1637 1165 1932 1238; x_wconf 74' lang='grc' dir='ltr'>χαίρομενο</span> 
     </span>
    </p>
   </div>
   <div class='ocr_carea' id='block_1_13' title="bbox 325 1255 1935 1335">
    <p class='ocr_par' dir='ltr' id='par_1_13' title="bbox 325 1255 1935 1335">
     <span class='ocr_line' id='line_1_13' title="bbox 325 1255 1935 1335; baseline -0.007 -15"><span class='ocrx_word' id='word_1_73' title='bbox 325 1267 550 1321; x_wconf 75' lang='grc' dir='ltr'>ἐπειδὰν</span> <span class='ocrx_word' id='word_1_74' title='bbox 607 1265 666 1319; x_wconf 81' lang='grc' dir='ltr'>δὲ</span> <span class='ocrx_word' id='word_1_75' title='bbox 722 1264 1090 1335; x_wconf 82' lang='grc' dir='ltr'>ἁποτὲκωμεν</span> <span class='ocrx_word' id='word_1_76' title='bbox 1146 1264 1209 1317; x_wconf 82' lang='grc' dir='ltr'><strong>τὸ</strong></span> <span class='ocrx_word' id='word_1_77' title='bbox 1267 1260 1507 1334; x_wconf 78' lang='grc' dir='ltr'>πονηρὸν</span> <span class='ocrx_word' id='word_1_78' title='bbox 1563 1257 1784 1313; x_wconf 79' lang='grc' dir='ltr'>παιδίον</span> <span class='ocrx_word' id='word_1_79' title='bbox 1833 1255 1935 1327; x_wconf 85' lang='grc' dir='ltr'>τὴν</span> 
     </span>
    </p>
   </div>
   <div class='ocr_carea' id='block_1_14' title="bbox 326 1351 1932 1432">
    <p class='ocr_par' dir='ltr' id='par_1_14' title="bbox 326 1351 1932 1432">
     <span class='ocr_line' id='line_1_14' title="bbox 326 1351 1932 1432; baseline -0.009 -16"><span class='ocrx_word' id='word_1_80' title='bbox 326 1359 627 1432; x_wconf 77' lang='grc' dir='ltr'>ἁμαρτίαν,</span> <span class='ocrx_word' id='word_1_81' title='bbox 683 1357 806 1412; x_wconf 88' lang='grc' dir='ltr'>τότε</span> <span class='ocrx_word' id='word_1_82' title='bbox 855 1357 918 1411; x_wconf 85' lang='grc' dir='ltr'>τὸ</span> <span class='ocrx_word' id='word_1_83' title='bbox 967 1352 1159 1429; x_wconf 81' lang='grc' dir='ltr'>αἶσχος</span> <span class='ocrx_word' id='word_1_84' title='bbox 1206 1353 1303 1410; x_wconf 89' lang='grc' dir='ltr'><strong>τοῦ</strong></span> <span class='ocrx_word' id='word_1_85' title='bbox 1355 1354 1644 1427; x_wconf 82' lang='grc' dir='ltr'><strong>τεχθέντος</strong></span> <span class='ocrx_word' id='word_1_86' title='bbox 1697 1351 1932 1415; x_wconf 79' lang='grc' dir='ltr'>ἰδόντες,</span> 
     </span>
    </p>
   </div>
   <div class='ocr_carea' id='block_1_15' title="bbox 325 1446 1935 1523">
    <p class='ocr_par' dir='ltr' id='par_1_15' title="bbox 325 1446 1935 1523">
     <span class='ocr_line' id='line_1_15' title="bbox 325 1446 1935 1523; baseline -0.004 -16"><span class='ocrx_word' id='word_1_87' title='bbox 325 1451 682 1523; x_wconf 81' lang='grc' dir='ltr'>ὀδυνώμεθα,</span> <span class='ocrx_word' id='word_1_88' title='bbox 714 1451 840 1505; x_wconf 85' lang='grc' dir='ltr'>τότε</span> <span class='ocrx_word' id='word_1_89' title='bbox 879 1449 1294 1521; x_wconf 87' lang='grc' dir='ltr'>διακοπτόμεθα</span> <span class='ocrx_word' id='word_1_90' title='bbox 1330 1447 1439 1503; x_wconf 84' lang='grc' dir='ltr'>τῶν</span> <span class='ocrx_word' id='word_1_91' title='bbox 1470 1446 1781 1503; x_wconf 85' lang='grc' dir='ltr'>ὠδινουσῶν</span> <span class='ocrx_word' id='word_1_92' title='bbox 1832 1461 1935 1515; x_wconf 86' lang='grc' dir='ltr'>γυ-</span> 
     </span>
    </p>
   </div>
   <div class='ocr_carea' id='block_1_16' title="bbox 327 1539 1935 1618">
    <p class='ocr_par' dir='ltr' id='par_1_16' title="bbox 327 1539 1935 1618">
     <span class='ocr_line' id='line_1_16' title="bbox 327 1539 1935 1618; baseline -0.008 -13"><span class='ocrx_word' id='word_1_93' title='bbox 327 1547 535 1605; x_wconf 83' lang='grc' dir='ltr'>ναικῶν</span> <span class='ocrx_word' id='word_1_94' title='bbox 583 1544 997 1618; x_wconf 81' lang='grc' dir='ltr'>χαλεπώτερον.</span> <span class='ocrx_word' id='word_1_95' title='bbox 1053 1545 1146 1600; x_wconf 83' lang='grc' dir='ltr'>Διὸ</span> <span class='ocrx_word' id='word_1_96' title='bbox 1198 1541 1510 1617; x_wconf 83' lang='grc' dir='ltr'>παρακαλῶ</span> <span class='ocrx_word' id='word_1_97' title='bbox 1557 1541 1633 1614; x_wconf 79' lang='grc' dir='ltr'>μὴ</span> <span class='ocrx_word' id='word_1_98' title='bbox 1679 1539 1935 1611; x_wconf 80' lang='grc' dir='ltr'>δέχεσθαι</span> 
     </span>
    </p>
   </div>
   <div class='ocr_carea' id='block_1_17' title="bbox 331 1632 1934 1712">
    <p class='ocr_par' dir='ltr' id='par_1_17' title="bbox 331 1632 1934 1712">
     <span class='ocr_line' id='line_1_17' title="bbox 331 1632 1934 1712; baseline -0.006 -18"><span class='ocrx_word' id='word_1_99' title='bbox 331 1641 435 1712; x_wconf 80' lang='grc' dir='ltr'><strong>μὲν</strong></span> <span class='ocrx_word' id='word_1_100' title='bbox 467 1639 706 1711; x_wconf 86' lang='grc' dir='ltr'>μάλιστα</span> <span class='ocrx_word' id='word_1_101' title='bbox 729 1639 885 1711; x_wconf 80' lang='grc' dir='ltr'>παρὰ</span> <span class='ocrx_word' id='word_1_102' title='bbox 911 1639 1013 1711; x_wconf 84' lang='grc' dir='ltr'><strong>τὴν</strong></span> <span class='ocrx_word' id='word_1_103' title='bbox 1047 1637 1225 1710; x_wconf 84' lang='grc' dir='ltr'>ἀρχὴν</span> <span class='ocrx_word' id='word_1_104' title='bbox 1258 1635 1562 1708; x_wconf 73' lang='grc' dir='ltr'>ἐπιθυμίαν</span> <span class='ocrx_word' id='word_1_105' title='bbox 1595 1632 1934 1705; x_wconf 79' lang='grc' dir='ltr'>διεφθαρμέ-</span> 
     </span>
    </p>
   </div>
   <div class='ocr_carea' id='block_1_18' title="bbox 327 1727 1934 1806">
    <p class='ocr_par' dir='ltr' id='par_1_18' title="bbox 327 1727 1934 1806">
     <span class='ocr_line' id='line_1_18' title="bbox 327 1727 1934 1806; baseline -0.009 -15"><span class='ocrx_word' id='word_1_106' title='bbox 327 1751 450 1806; x_wconf 72' lang='grc' dir='ltr'><strong>νηψ</strong></span> <span class='ocrx_word' id='word_1_107' title='bbox 480 1735 529 1787; x_wconf 90' lang='grc' dir='ltr'><strong>εί</strong></span> <span class='ocrx_word' id='word_1_108' title='bbox 559 1733 618 1787; x_wconf 81' lang='grc' dir='ltr'>δὲ</span> <span class='ocrx_word' id='word_1_109' title='bbox 647 1733 742 1787; x_wconf 81' lang='grc' dir='ltr'>καὶ</span> <span class='ocrx_word' id='word_1_110' title='bbox 769 1731 1096 1804; x_wconf 78' lang='grc' dir='ltr'>ἐδεξάμεθα,</span> <span class='ocrx_word' id='word_1_111' title='bbox 1124 1730 1453 1799; x_wconf 83' lang='grc' dir='ltr'>ἀποπνίγειν</span> <span class='ocrx_word' id='word_1_112' title='bbox 1481 1729 1633 1783; x_wconf 76' lang='grc' dir='ltr'>ἔνδον</span> <span class='ocrx_word' id='word_1_113' title='bbox 1663 1728 1734 1782; x_wconf 85' lang='grc' dir='ltr'>τὰ</span> <span class='ocrx_word' id='word_1_114' title='bbox 1759 1727 1934 1798; x_wconf 78' lang='grc' dir='ltr'>σπέρ-</span> 
     </span>
    </p>
   </div>
   <div class='ocr_carea' id='block_1_19' title="bbox 331 1819 2012 1922">
    <p class='ocr_par' dir='ltr' id='par_1_19' title="bbox 331 1819 2012 1922">
     <span class='ocr_line' id='line_1_19' title="bbox 331 1819 2012 1922; baseline -0.004 -41"><span class='ocrx_word' id='word_1_115' title='bbox 331 1845 504 1898; x_wconf 86' lang='grc' dir='ltr'>ματα.</span> <span class='ocrx_word' id='word_1_116' title='bbox 536 1827 598 1880; x_wconf 85' lang='lat' dir='ltr'><strong>El</strong></span> <span class='ocrx_word' id='word_1_117' title='bbox 647 1826 834 1922; x_wconf 58' lang='lat' dir='ltr'><strong>demi.</strong></span> <span class='ocrx_word' id='word_1_118' title='bbox 866 1826 1029 1899; x_wconf 81' lang='grc' dir='ltr'>μέχρι</span> <span class='ocrx_word' id='word_1_119' title='bbox 1055 1825 1252 1881; x_wconf 85' lang='grc' dir='ltr'>τούτου</span> <span class='ocrx_word' id='word_1_120' title='bbox 1298 1824 1736 1898; x_wconf 78' lang='grc' dir='ltr'>ῥᾳθυμήσωμεν,</span> <span class='ocrx_word' id='word_1_121' title='bbox 1781 1819 1934 1887; x_wconf 78' lang='grc' dir='ltr'>ἐξελ·-</span> <span class='ocrx_word' id='word_1_122' title='bbox 1967 1866 2012 1922; x_wconf 79' lang='grc' dir='ltr'><strong>Β</strong></span> 
     </span>
    </p>
   </div>
   <div class='ocr_carea' id='block_1_20' title="bbox 328 1916 1935 1994">
    <p class='ocr_par' dir='ltr' id='par_1_20' title="bbox 328 1916 1935 1994">
     <span class='ocr_line' id='line_1_20' title="bbox 328 1916 1935 1994; baseline -0.005 -18"><span class='ocrx_word' id='word_1_123' title='bbox 328 1922 532 1976; x_wconf 87' lang='grc' dir='ltr'>θοῦσαν</span> <span class='ocrx_word' id='word_1_124' title='bbox 563 1923 646 1986; x_wconf 86' lang='grc' dir='ltr'><strong>είς</strong></span> <span class='ocrx_word' id='word_1_125' title='bbox 695 1919 858 1994; x_wconf 76' lang='grc' dir='ltr'>ἔργον</span> <span class='ocrx_word' id='word_1_126' title='bbox 901 1919 1003 1992; x_wconf 84' lang='grc' dir='ltr'>τὴν</span> <span class='ocrx_word' id='word_1_127' title='bbox 1048 1919 1326 1994; x_wconf 79' lang='grc' dir='ltr'>ἁμαρτίαν</span> <span class='ocrx_word' id='word_1_128' title='bbox 1383 1918 1710 1973; x_wconf 79' lang='grc' dir='ltr'>ἀποκτεῖναι</span> <span class='ocrx_word' id='word_1_129' title='bbox 1768 1916 1935 1971; x_wconf 81' lang='grc' dir='ltr'>πάλιν</span> 
     </span>
    </p>
   </div>
   <div class='ocr_carea' id='block_1_21' title="bbox 325 2010 1936 2087">
    <p class='ocr_par' dir='ltr' id='par_1_21' title="bbox 325 2010 1936 2087">
     <span class='ocr_line' id='line_1_21' title="bbox 325 2010 1936 2087; baseline -0.006 -17"><span class='ocrx_word' id='word_1_130' title='bbox 325 2016 399 2070; x_wconf 84' lang='grc' dir='ltr'>δι’</span> <span class='ocrx_word' id='word_1_131' title='bbox 430 2014 878 2087; x_wconf 82' lang='grc' dir='ltr'>ὲξομολογήσεως</span> <span class='ocrx_word' id='word_1_132' title='bbox 910 2015 1005 2069; x_wconf 72' lang='grc' dir='ltr'>καὶ</span> <span class='ocrx_word' id='word_1_133' title='bbox 1038 2013 1318 2084; x_wconf 86' lang='grc' dir='ltr'>δακρύων,</span> <span class='ocrx_word' id='word_1_134' title='bbox 1351 2011 1442 2067; x_wconf 80' lang='grc' dir='ltr'>διὰ</span> <span class='ocrx_word' id='word_1_135' title='bbox 1469 2010 1568 2066; x_wconf 89' lang='grc' dir='ltr'><strong>τοῦ</strong></span> <span class='ocrx_word' id='word_1_136' title='bbox 1600 2011 1936 2082; x_wconf 80' lang='grc' dir='ltr'>κατηγορεῖν</span> 
     </span>
    </p>
   </div>
   <div class='ocr_carea' id='block_1_22' title="bbox 327 2101 1937 2179">
    <p class='ocr_par' dir='ltr' id='par_1_22' title="bbox 327 2101 1937 2179">
     <span class='ocr_line' id='line_1_22' title="bbox 327 2101 1937 2179; baseline -0.006 -16"><span class='ocrx_word' id='word_1_137' title='bbox 327 2107 548 2163; x_wconf 51' lang='grc' dir='ltr'>ἑαυτοῦ</span> <span class='ocrx_word' id='word_1_138' title='bbox 574 2107 729 2163; x_wconf 80' lang='grc' dir='ltr'>οὐδὲν</span> <span class='ocrx_word' id='word_1_139' title='bbox 758 2106 868 2179; x_wconf 84' lang='grc' dir='ltr'>γὰρ</span> <span class='ocrx_word' id='word_1_140' title='bbox 896 2105 1071 2172; x_wconf 76' lang='grc' dir='ltr'>οὕτως</span> <span class='ocrx_word' id='word_1_141' title='bbox 1098 2105 1346 2178; x_wconf 79' lang='grc' dir='ltr'>ὀλέθριον</span> <span class='ocrx_word' id='word_1_142' title='bbox 1376 2101 1771 2177; x_wconf 82' lang='grc' dir='ltr'>ἁμαρτίας,ὼ;</span> <span class='ocrx_word' id='word_1_143' title='bbox 1804 2117 1937 2156; x_wconf 89' lang='grc' dir='ltr'>κατ-</span> 
     </span>
    </p>
   </div>
   <div class='ocr_carea' id='block_1_23' title="bbox 328 2200 1068 2274">
    <p class='ocr_par' dir='ltr' id='par_1_23' title="bbox 328 2200 1068 2274">
     <span class='ocr_line' id='line_1_23' title="bbox 328 2200 1068 2274; baseline 0.004 -21"><span class='ocrx_word' id='word_1_144' title='bbox 328 2201 531 2274; x_wconf 86' lang='grc' dir='ltr'>ηγορία</span> <span class='ocrx_word' id='word_1_145' title='bbox 566 2200 662 2254; x_wconf 73' lang='grc' dir='ltr'><strong>καὶ</strong></span> <span class='ocrx_word' id='word_1_146' title='bbox 691 2201 1068 2270; x_wconf 80' lang='grc' dir='ltr'>κατάγνωσις.</span> 
     </span>
    </p>
   </div>
   <div class='ocr_carea' id='block_1_24' title="bbox 402 2285 1935 2362">
    <p class='ocr_par' dir='ltr' id='par_1_24' title="bbox 402 2285 1935 2362">
     <span class='ocr_line' id='line_1_24' title="bbox 402 2285 1935 2362; baseline -0.003 -17"><span class='ocrx_word' id='word_1_147' title='bbox 402 2293 708 2361; x_wconf 82' lang='grc' dir='ltr'>Θρησκεία</span> <span class='ocrx_word' id='word_1_148' title='bbox 755 2291 986 2362; x_wconf 84' lang='grc' dir='ltr'>καθαρὰ</span> <span class='ocrx_word' id='word_1_149' title='bbox 1026 2291 1124 2346; x_wconf 76' lang='grc' dir='ltr'>καὶ</span> <span class='ocrx_word' id='word_1_150' title='bbox 1155 2290 1444 2362; x_wconf 77' lang='grc' dir='ltr'>ἀμίαντος</span> <span class='ocrx_word' id='word_1_151' title='bbox 1473 2287 1632 2358; x_wconf 79' lang='grc' dir='ltr'>παρὰ</span> <span class='ocrx_word' id='word_1_152' title='bbox 1684 2287 1807 2353; x_wconf 82' lang='grc' dir='ltr'><strong>Θεῷ</strong></span> <span class='ocrx_word' id='word_1_153' title='bbox 1835 2285 1935 2341; x_wconf 77' lang='grc' dir='ltr'><strong>καί</strong></span> 
     </span>
    </p>
   </div>
   <div class='ocr_carea' id='block_1_25' title="bbox 326 2380 1932 2456">
    <p class='ocr_par' dir='ltr' id='par_1_25' title="bbox 326 2380 1932 2456">
     <span class='ocr_line' id='line_1_25' title="bbox 326 2380 1932 2456; baseline -0.005 -14"><span class='ocrx_word' id='word_1_154' title='bbox 326 2386 514 2454; x_wconf 79' lang='grc' dir='ltr'>Πατρὶ</span> <span class='ocrx_word' id='word_1_155' title='bbox 562 2385 718 2456; x_wconf 80' lang='grc' dir='ltr'>αὕτη</span> <span class='ocrx_word' id='word_1_156' title='bbox 745 2385 942 2452; x_wconf 80' lang='grc' dir='ltr'>ἐστὶν,</span> <span class='ocrx_word' id='word_1_157' title='bbox 966 2384 1443 2442; x_wconf 81' lang='grc' dir='ltr'>ἐπισκέπτεσθαι</span> <span class='ocrx_word' id='word_1_158' title='bbox 1489 2381 1794 2454; x_wconf 65' lang='grc' dir='ltr'>ὀρφανοὺς</span> <span class='ocrx_word' id='word_1_159' title='bbox 1828 2380 1932 2435; x_wconf 76' lang='grc' dir='ltr'><strong>καί</strong></span> 
     </span>
    </p>
   </div>
   <div class='ocr_carea' id='block_1_26' title="bbox 327 2476 1931 2550">
    <p class='ocr_par' dir='ltr' id='par_1_26' title="bbox 327 2476 1931 2550">
     <span class='ocr_line' id='line_1_26' title="bbox 327 2476 1931 2550; baseline -0.014 0"><span class='ocrx_word' id='word_1_160' title='bbox 327 2479 523 2549; x_wconf 80' lang='grc' dir='ltr'>χήρας</span> <span class='ocrx_word' id='word_1_161' title='bbox 551 2478 620 2532; x_wconf 79' lang='grc' dir='ltr'><strong>ἐν</strong></span> <span class='ocrx_word' id='word_1_162' title='bbox 660 2477 736 2548; x_wconf 75' lang='grc' dir='ltr'>τῇ</span> <span class='ocrx_word' id='word_1_163' title='bbox 767 2481 977 2550; x_wconf 69' lang='grc' dir='ltr'>θλίψει</span> <span class='ocrx_word' id='word_1_164' title='bbox 1009 2476 1230 2546; x_wconf 79' lang='grc' dir='ltr'>αὐτῶν,</span> <span class='ocrx_word' id='word_1_165' title='bbox 1261 2476 1532 2533; x_wconf 77' lang='grc' dir='ltr'>ἄσπιλον</span> <span class='ocrx_word' id='word_1_166' title='bbox 1577 2476 1800 2531; x_wconf 80' lang='grc' dir='ltr'>ἑαυτὸν</span> <span class='ocrx_word' id='word_1_167' title='bbox 1827 2492 1931 2544; x_wconf 84' lang='grc' dir='ltr'><strong>τη-</strong></span> 
     </span>
    </p>
   </div>
   <div class='ocr_carea' id='block_1_27' title="bbox 320 2571 1035 2643">
    <p class='ocr_par' dir='ltr' id='par_1_27' title="bbox 320 2571 1035 2643">
     <span class='ocr_line' id='line_1_27' title="bbox 320 2571 1035 2643; baseline 0.001 -16"><span class='ocrx_word' id='word_1_168' title='bbox 320 2572 458 2642; x_wconf 76' lang='grc' dir='ltr'>ρεῖν</span> <span class='ocrx_word' id='word_1_169' title='bbox 487 2571 606 2627; x_wconf 84' lang='grc' dir='ltr'><strong>ἀπὸ</strong></span> <span class='ocrx_word' id='word_1_170' title='bbox 643 2571 751 2628; x_wconf 85' lang='grc' dir='ltr'><strong>τοῦ</strong></span> <span class='ocrx_word' id='word_1_171' title='bbox 778 2573 1035 2643; x_wconf 84' lang='grc' dir='ltr'>κόσμου.</span> 
     </span>
    </p>
   </div>
   <div class='ocr_carea' id='block_1_28' title="bbox 400 2658 1932 2736">
    <p class='ocr_par' dir='ltr' id='par_1_28' title="bbox 400 2658 1932 2736">
     <span class='ocr_line' id='line_1_28' title="bbox 400 2658 1932 2736; baseline -0.005 -17"><span class='ocrx_word' id='word_1_172' title='bbox 400 2665 576 2720; x_wconf 86' lang='grc' dir='ltr'>Τοῦτό</span> <span class='ocrx_word' id='word_1_173' title='bbox 609 2666 784 2732; x_wconf 82' lang='grc' dir='ltr'>ἐστιν,</span> <span class='ocrx_word' id='word_1_174' title='bbox 818 2658 863 2735; x_wconf 84' lang='grc' dir='ltr'>ᾧ</span> <span class='ocrx_word' id='word_1_175' title='bbox 897 2663 1214 2732; x_wconf 78' lang='grc' dir='ltr'>ἐξισοῦσθαι</span> <span class='ocrx_word' id='word_1_176' title='bbox 1236 2663 1520 2736; x_wconf 75' lang='grc' dir='ltr'>δυ·.ἀμεθα</span> <span class='ocrx_word' id='word_1_177' title='bbox 1549 2662 1628 2735; x_wconf 89' lang='grc' dir='ltr'>τῷ</span> <span class='ocrx_word' id='word_1_178' title='bbox 1659 2659 1781 2733; x_wconf 81' lang='grc' dir='ltr'><strong>Θεῷ</strong></span> <span class='ocrx_word' id='word_1_179' title='bbox 1806 2659 1886 2732; x_wconf 79' lang='grc' dir='ltr'><strong>τῷ</strong></span> <span class='ocrx_word' id='word_1_180' title='bbox 1908 2659 1932 2693; x_wconf 83' lang='grc'><strong>⁷</strong></span> 
     </span>
    </p>
   </div>
   <div class='ocr_carea' id='block_1_29' title="bbox 327 2754 1929 2831">
    <p class='ocr_par' dir='ltr' id='par_1_29' title="bbox 327 2754 1929 2831">
     <span class='ocr_line' id='line_1_29' title="bbox 327 2754 1929 2831; baseline -0.003 -18"><span class='ocrx_word' id='word_1_181' title='bbox 327 2759 504 2814; x_wconf 74' lang='grc' dir='ltr'>ἐλεεῖν</span> <span class='ocrx_word' id='word_1_182' title='bbox 533 2760 630 2814; x_wconf 72' lang='grc' dir='ltr'><strong>καὶ</strong></span> <span class='ocrx_word' id='word_1_183' title='bbox 661 2759 981 2831; x_wconf 78' lang='grc' dir='ltr'>οἰκτείρειν.</span> <span class='ocrx_word' id='word_1_184' title='bbox 1014 2760 1190 2814; x_wconf 85' lang='grc' dir='ltr'>Ὅταν</span> <span class='ocrx_word' id='word_1_185' title='bbox 1237 2754 1335 2813; x_wconf 83' lang='grc' dir='ltr'><strong>οῦν</strong></span> <span class='ocrx_word' id='word_1_186' title='bbox 1371 2756 1534 2812; x_wconf 87' lang='grc' dir='ltr'>τοῦτο</span> <span class='ocrx_word' id='word_1_187' title='bbox 1567 2756 1644 2829; x_wconf 87' lang='grc' dir='ltr'>μὴ</span> <span class='ocrx_word' id='word_1_188' title='bbox 1689 2755 1929 2827; x_wconf 76' lang='grc' dir='ltr'>ἔχωμεν,</span> 
     </span>
    </p>
   </div>
   <div class='ocr_carea' id='block_1_30' title="bbox 325 2847 1933 2925">
    <p class='ocr_par' dir='ltr' id='par_1_30' title="bbox 325 2847 1933 2925">
     <span class='ocr_line' id='line_1_30' title="bbox 325 2847 1933 2925; baseline -0.002 -20"><span class='ocrx_word' id='word_1_189' title='bbox 325 2850 423 2906; x_wconf 89' lang='grc' dir='ltr'><strong>τοῦ</strong></span> <span class='ocrx_word' id='word_1_190' title='bbox 452 2851 659 2915; x_wconf 75' lang='grc' dir='ltr'>παντὸς</span> <span class='ocrx_word' id='word_1_191' title='bbox 687 2851 1144 2925; x_wconf 83' lang='grc' dir='ltr'>ἀπεστερήμεθα.</span> <span class='ocrx_word' id='word_1_192' title='bbox 1181 2853 1298 2906; x_wconf 84' lang='grc' dir='ltr'>Οὐκ</span> <span class='ocrx_word' id='word_1_193' title='bbox 1322 2848 1500 2915; x_wconf 77' lang='grc' dir='ltr'>εἶπεν,</span> <span class='ocrx_word' id='word_1_194' title='bbox 1549 2850 1678 2904; x_wconf 73' lang='grc' dir='ltr'><strong>Ἐὰν</strong></span> <span class='ocrx_word' id='word_1_195' title='bbox 1707 2847 1933 2920; x_wconf 77' lang='grc' dir='ltr'>νηστεύο</span> 
     </span>
    </p>
   </div>
   <div class='ocr_carea' id='block_1_31' title="bbox 330 2941 1932 3021">
    <p class='ocr_par' dir='ltr' id='par_1_31' title="bbox 330 2941 1932 3021">
     <span class='ocr_line' id='line_1_31' title="bbox 330 2941 1932 3021; baseline -0.002 -22"><span class='ocrx_word' id='word_1_196' title='bbox 330 2963 461 3017; x_wconf 89' lang='grc' dir='ltr'>σητε</span> <span class='ocrx_word' id='word_1_197' title='bbox 483 2945 664 3017; x_wconf 82' lang='grc' dir='ltr'>ὅμοιοί</span> <span class='ocrx_word' id='word_1_198' title='bbox 695 2947 821 3000; x_wconf 77' lang='grc' dir='ltr'>ἐστε</span> <span class='ocrx_word' id='word_1_199' title='bbox 847 2946 928 3018; x_wconf 84' lang='grc' dir='ltr'>τῷ</span> <span class='ocrx_word' id='word_1_200' title='bbox 958 2947 1138 3021; x_wconf 77' lang='grc' dir='ltr'>Πατρὶ</span> <span class='ocrx_word' id='word_1_201' title='bbox 1174 2946 1352 3018; x_wconf 80' lang='grc' dir='ltr'>ὑμῶν·</span> <span class='ocrx_word' id='word_1_202' title='bbox 1393 2945 1549 3000; x_wconf 77' lang='grc' dir='ltr'>οὐδὲν</span> <span class='ocrx_word' id='word_1_203' title='bbox 1574 2944 1686 3016; x_wconf 83' lang='grc' dir='ltr'><strong>γὰρ</strong></span> <span class='ocrx_word' id='word_1_204' title='bbox 1719 2941 1932 2997; x_wconf 80' lang='grc' dir='ltr'>τούτων</span> 
     </span>
    </p>
   </div>
   <div class='ocr_carea' id='block_1_32' title="bbox 327 3034 1933 3112">
    <p class='ocr_par' dir='ltr' id='par_1_32' title="bbox 327 3034 1933 3112">
     <span class='ocr_line' id='line_1_32' title="bbox 327 3034 1933 3112; baseline 0 -22"><span class='ocrx_word' id='word_1_205' title='bbox 327 3038 523 3110; x_wconf 61' lang='lat' dir='ltr'><strong>rupit“</strong></span> <span class='ocrx_word' id='word_1_206' title='bbox 555 3037 714 3104; x_wconf 85' lang='grc' dir='ltr'>Θεὸν,</span> <span class='ocrx_word' id='word_1_207' title='bbox 745 3038 872 3093; x_wconf 80' lang='grc' dir='ltr'>οὐδὲ</span> <span class='ocrx_word' id='word_1_208' title='bbox 898 3039 1194 3112; x_wconf 79' lang='grc' dir='ltr'>ἐργάζεται</span> <span class='ocrx_word' id='word_1_209' title='bbox 1223 3057 1276 3094; x_wconf 88' lang='grc' dir='ltr'><strong>τι</strong></span> <span class='ocrx_word' id='word_1_210' title='bbox 1311 3038 1520 3093; x_wconf 81' lang='grc' dir='ltr'>τούτων</span> <span class='ocrx_word' id='word_1_211' title='bbox 1549 3037 1578 3090; x_wconf 86' lang='grc' dir='ltr'>ὁ</span> <span class='ocrx_word' id='word_1_212' title='bbox 1602 3036 1760 3101; x_wconf 82' lang='grc' dir='ltr'>Θεὸς,</span> <span class='ocrx_word' id='word_1_213' title='bbox 1793 3034 1933 3093; x_wconf 78' lang='grc' dir='ltr'>ἀλλὰ</span> 
     </span>
    </p>
   </div>
   <div class='ocr_carea' id='block_1_33' title="bbox 326 3127 1934 3204">
    <p class='ocr_par' dir='ltr' id='par_1_33' title="bbox 326 3127 1934 3204">
     <span class='ocr_line' id='line_1_33' title="bbox 326 3127 1934 3204; baseline -0.002 -18"><span class='ocrx_word' id='word_1_214' title='bbox 326 3132 418 3200; x_wconf 88' lang='grc' dir='ltr'>τί;</span> <span class='ocrx_word' id='word_1_215' title='bbox 454 3133 714 3188; x_wconf 77' lang='grc' dir='ltr'>Γίνεσθε</span> <span class='ocrx_word' id='word_1_216' title='bbox 743 3134 1124 3204; x_wconf 75' lang='grc' dir='ltr'>οἰκτίρμονες</span> <span class='ocrx_word' id='word_1_217' title='bbox 1150 3134 1232 3201; x_wconf 85' lang='grc' dir='ltr'>ὡς</span> <span class='ocrx_word' id='word_1_218' title='bbox 1265 3136 1299 3188; x_wconf 86' lang='grc' dir='ltr'><strong><em>ό</em></strong></span> <span class='ocrx_word' id='word_1_219' title='bbox 1323 3131 1529 3202; x_wconf 78' lang='grc' dir='ltr'>Πατὴρ</span> <span class='ocrx_word' id='word_1_220' title='bbox 1557 3129 1728 3202; x_wconf 76' lang='grc' dir='ltr'>ὑμῶν</span> <span class='ocrx_word' id='word_1_221' title='bbox 1751 3129 1773 3162; x_wconf 82' lang='grc'><strong>⁹</strong></span> <span class='ocrx_word' id='word_1_222' title='bbox 1803 3131 1836 3183; x_wconf 85' lang='grc' dir='ltr'><em>ὁ</em></span> <span class='ocrx_word' id='word_1_223' title='bbox 1861 3127 1934 3182; x_wconf 76' lang='grc' dir='ltr'><strong>ἐν</strong></span> 
     </span>
    </p>
   </div>
   <div class='ocr_carea' id='block_1_34' title="bbox 2040 588 3636 657">
    <p class='ocr_par' dir='ltr' id='par_1_34' title="bbox 2040 588 3636 657">
     <span class='ocr_line' id='line_1_34' title="bbox 2040 588 3636 657; baseline -0.006 -1"><span class='ocrx_word' id='word_1_224' title='bbox 2040 600 2317 657; x_wconf 89' lang='lat' dir='ltr'><strong>stimulus.</strong></span> <span class='ocrx_word' id='word_1_225' title='bbox 2343 593 2789 653; x_wconf 84' lang='lat' dir='ltr'><strong>Parturientibus</strong></span> <span class='ocrx_word' id='word_1_226' title='bbox 2824 591 3167 648; x_wconf 89' lang='lat' dir='ltr'><strong>contrarium</strong></span> <span class='ocrx_word' id='word_1_227' title='bbox 3205 588 3408 645; x_wconf 88' lang='lat' dir='ltr'><strong>accidit</strong></span> <span class='ocrx_word' id='word_1_228' title='bbox 3436 589 3636 646; x_wconf 86' lang='lat' dir='ltr'><strong>mulie-</strong></span> 
     </span>
    </p>
   </div>
   <div class='ocr_carea' id='block_1_35' title="bbox 2039 684 3640 759">
    <p class='ocr_par' dir='ltr' id='par_1_35' title="bbox 2039 684 3640 759">
     <span class='ocr_line' id='line_1_35' title="bbox 2039 684 3640 759; baseline -0.007 -9"><span class='ocrx_word' id='word_1_229' title='bbox 2039 695 2218 750; x_wconf 81' lang='lat' dir='ltr'><strong>ribus.</strong></span> <span class='ocrx_word' id='word_1_230' title='bbox 2244 691 2447 748; x_wconf 79' lang='lat' dir='ltr'><strong>Matres</strong></span> <span class='ocrx_word' id='word_1_231' title='bbox 2475 690 2681 747; x_wconf 89' lang='lat' dir='ltr'><strong>etenim</strong></span> <span class='ocrx_word' id='word_1_232' title='bbox 2709 696 2840 744; x_wconf 88' lang='lat' dir='ltr'><strong>ante</strong></span> <span class='ocrx_word' id='word_1_233' title='bbox 2889 694 3128 759; x_wconf 87' lang='lat' dir='ltr'><strong>partum,</strong></span> <span class='ocrx_word' id='word_1_234' title='bbox 3156 695 3213 743; x_wconf 88' lang='lat' dir='ltr'><strong>et</strong></span> <span class='ocrx_word' id='word_1_235' title='bbox 3247 685 3451 740; x_wconf 89' lang='lat' dir='ltr'><strong>multus</strong></span> <span class='ocrx_word' id='word_1_236' title='bbox 3485 684 3640 740; x_wconf 87' lang='lat' dir='ltr'><strong>labor</strong></span> 
     </span>
    </p>
   </div>
   <div class='ocr_carea' id='block_1_36' title="bbox 2039 777 3642 855">
    <p class='ocr_par' dir='ltr' id='par_1_36' title="bbox 2039 777 3642 855">
     <span class='ocr_line' id='line_1_36' title="bbox 2039 777 3642 855; baseline -0.005 -15"><span class='ocrx_word' id='word_1_237' title='bbox 2039 793 2093 840; x_wconf 91' lang='lat' dir='ltr'><strong>ct</strong></span> <span class='ocrx_word' id='word_1_238' title='bbox 2109 783 2382 855; x_wconf 87' lang='lat' dir='ltr'><strong>puerperii</strong></span> <span class='ocrx_word' id='word_1_239' title='bbox 2407 779 2713 838; x_wconf 80' lang='lat' dir='ltr'><strong>acutissimi</strong></span> <span class='ocrx_word' id='word_1_240' title='bbox 2754 778 2994 843; x_wconf 92' lang='lat' dir='ltr'><strong>dolores,</strong></span> <span class='ocrx_word' id='word_1_241' title='bbox 3017 785 3271 848; x_wconf 89' lang='lat' dir='ltr'><strong>premunt</strong></span> <span class='ocrx_word' id='word_1_242' title='bbox 3291 777 3485 843; x_wconf 86' lang='lat' dir='ltr'><strong>malis;</strong></span> <span class='ocrx_word' id='word_1_243' title='bbox 3517 785 3642 845; x_wconf 85' lang='lat' dir='ltr'><strong>post</strong></span> 
     </span>
    </p>
   </div>
   <div class='ocr_carea' id='block_1_37' title="bbox 2041 867 3637 945">
    <p class='ocr_par' dir='ltr' id='par_1_37' title="bbox 2041 867 3637 945">
     <span class='ocr_line' id='line_1_37' title="bbox 2041 867 3637 945; baseline -0.006 -13"><span class='ocrx_word' id='word_1_244' title='bbox 2041 892 2171 932; x_wconf 83' lang='lat' dir='ltr'><strong>vero</strong></span> <span class='ocrx_word' id='word_1_245' title='bbox 2187 884 2403 945; x_wconf 90' lang='lat' dir='ltr'><strong>partum</strong></span> <span class='ocrx_word' id='word_1_246' title='bbox 2425 873 2666 944; x_wconf 81' lang='lat' dir='ltr'><strong>requies,</strong></span> <span class='ocrx_word' id='word_1_247' title='bbox 2692 870 2874 927; x_wconf 81' lang='lat' dir='ltr'><strong>fructu</strong></span> <span class='ocrx_word' id='word_1_248' title='bbox 2898 869 3178 941; x_wconf 83' lang='lat' dir='ltr'><strong>dissipatis</strong></span> <span class='ocrx_word' id='word_1_249' title='bbox 3193 868 3476 926; x_wconf 83' lang='lat' dir='ltr'><strong>aerumnis.</strong></span> <span class='ocrx_word' id='word_1_250' title='bbox 3498 867 3637 923; x_wconf 77' lang='lat' dir='ltr'><strong>Pec-</strong></span> 
     </span>
    </p>
   </div>
   <div class='ocr_carea' id='block_1_38' title="bbox 2039 962 3638 1035">
    <p class='ocr_par' dir='ltr' id='par_1_38' title="bbox 2039 962 3638 1035">
     <span class='ocr_line' id='line_1_38' title="bbox 2039 962 3638 1035; baseline -0.006 -10"><span class='ocrx_word' id='word_1_251' title='bbox 2039 969 2294 1026; x_wconf 88' lang='lat' dir='ltr'><strong>cantibus</strong></span> <span class='ocrx_word' id='word_1_252' title='bbox 2323 976 2507 1022; x_wconf 86' lang='lat' dir='ltr'><strong>autem</strong></span> <span class='ocrx_word' id='word_1_253' title='bbox 2555 981 2663 1021; x_wconf 94' lang='lat' dir='ltr'><strong>non</strong></span> <span class='ocrx_word' id='word_1_254' title='bbox 2711 966 2814 1022; x_wconf 87' lang='lat' dir='ltr'><strong>sic.</strong></span> <span class='ocrx_word' id='word_1_255' title='bbox 2845 963 2954 1020; x_wconf 86' lang='lat' dir='ltr'><strong>Sed</strong></span> <span class='ocrx_word' id='word_1_256' title='bbox 2991 963 3239 1034; x_wconf 78' lang='lat' dir='ltr'><strong>quandiu</strong></span> <span class='ocrx_word' id='word_1_257' title='bbox 3286 962 3534 1035; x_wconf 87' lang='lat' dir='ltr'><strong>pa-rimus</strong></span> <span class='ocrx_word' id='word_1_258' title='bbox 3579 971 3638 1017; x_wconf 93' lang='lat' dir='ltr'><strong>et</strong></span> 
     </span>
    </p>
   </div>
   <div class='ocr_carea' id='block_1_39' title="bbox 2040 1055 3636 1132">
    <p class='ocr_par' dir='ltr' id='par_1_39' title="bbox 2040 1055 3636 1132">
     <span class='ocr_line' id='line_1_39' title="bbox 2040 1055 3636 1132; baseline -0.004 -15"><span class='ocrx_word' id='word_1_259' title='bbox 2040 1061 2382 1132; x_wconf 89' lang='lat' dir='ltr'><strong>concipimus</strong></span> <span class='ocrx_word' id='word_1_260' title='bbox 2415 1066 2710 1130; x_wconf 88' lang='lat' dir='ltr'><strong>corruptas</strong></span> <span class='ocrx_word' id='word_1_261' title='bbox 2748 1057 3212 1129; x_wconf 72' lang='lat' dir='ltr'><strong>cogitationes,.et</strong></span> <span class='ocrx_word' id='word_1_262' title='bbox 3234 1055 3537 1128; x_wconf 87' lang='lat' dir='ltr'><strong>gaudemus</strong></span> <span class='ocrx_word' id='word_1_263' title='bbox 3578 1065 3636 1112; x_wconf 92' lang='lat' dir='ltr'><strong>et</strong></span> 
     </span>
    </p>
   </div>
   <div class='ocr_carea' id='block_1_40' title="bbox 2039 1149 3637 1224">
    <p class='ocr_par' dir='ltr' id='par_1_40' title="bbox 2039 1149 3637 1224">
     <span class='ocr_line' id='line_1_40' title="bbox 2039 1149 3637 1224; baseline -0.004 -16"><span class='ocrx_word' id='word_1_264' title='bbox 2039 1154 2308 1210; x_wconf 63' lang='lat' dir='ltr'><strong>laetamur.</strong></span> <span class='ocrx_word' id='word_1_265' title='bbox 2348 1153 2646 1224; x_wconf 80' lang='lat' dir='ltr'><strong>Postquam</strong></span> <span class='ocrx_word' id='word_1_266' title='bbox 2673 1160 2856 1209; x_wconf 89' lang='lat' dir='ltr'><strong>autem</strong></span> <span class='ocrx_word' id='word_1_267' title='bbox 2881 1151 3198 1222; x_wconf 77' lang='lat' dir='ltr'><strong>peperimus</strong></span> <span class='ocrx_word' id='word_1_268' title='bbox 3229 1149 3534 1221; x_wconf 89' lang='lat' dir='ltr'><strong>pessimum</strong></span> <span class='ocrx_word' id='word_1_269' title='bbox 3574 1149 3637 1204; x_wconf 87' lang='lat' dir='ltr'><strong>li-</strong></span> 
     </span>
    </p>
   </div>
   <div class='ocr_carea' id='block_1_41' title="bbox 2037 1241 3633 1318">
    <p class='ocr_par' dir='ltr' id='par_1_41' title="bbox 2037 1241 3633 1318">
     <span class='ocr_line' id='line_1_41' title="bbox 2037 1241 3633 1318; baseline -0.007 -15"><span class='ocrx_word' id='word_1_270' title='bbox 2037 1247 2194 1313; x_wconf 89' lang='lat' dir='ltr'><strong>lium,</strong></span> <span class='ocrx_word' id='word_1_271' title='bbox 2219 1254 2527 1318; x_wconf 89' lang='lat' dir='ltr'><strong>peccatum,</strong></span> <span class='ocrx_word' id='word_1_272' title='bbox 2565 1257 2695 1302; x_wconf 90' lang='lat' dir='ltr'><strong>tunc</strong></span> <span class='ocrx_word' id='word_1_273' title='bbox 2722 1244 2838 1313; x_wconf 81' lang='lat' dir='ltr'><strong>jam</strong></span> <span class='ocrx_word' id='word_1_274' title='bbox 2870 1244 3120 1299; x_wconf 82' lang='lat' dir='ltr'><strong>videntes</strong></span> <span class='ocrx_word' id='word_1_275' title='bbox 3138 1241 3304 1314; x_wconf 77' lang='lat' dir='ltr'><strong>geniti</strong></span> <span class='ocrx_word' id='word_1_276' title='bbox 3331 1241 3633 1296; x_wconf 72' lang='lat' dir='ltr'><strong>tmditatem</strong></span> 
     </span>
    </p>
   </div>
   <div class='ocr_carea' id='block_1_42' title="bbox 2037 1331 3637 1408">
    <p class='ocr_par' dir='ltr' id='par_1_42' title="bbox 2037 1331 3637 1408">
     <span class='ocr_line' id='line_1_42' title="bbox 2037 1331 3637 1408; baseline -0.004 -16"><span class='ocrx_word' id='word_1_277' title='bbox 2037 1337 2308 1408; x_wconf 85' lang='lat' dir='ltr'><strong>patimur,</strong></span> <span class='ocrx_word' id='word_1_278' title='bbox 2343 1345 2471 1393; x_wconf 89' lang='lat' dir='ltr'><strong>tunc</strong></span> <span class='ocrx_word' id='word_1_279' title='bbox 2503 1335 2775 1391; x_wconf 88' lang='lat' dir='ltr'><strong>credelius</strong></span> <span class='ocrx_word' id='word_1_280' title='bbox 2799 1349 2963 1404; x_wconf 87' lang='lat' dir='ltr'><strong>quam</strong></span> <span class='ocrx_word' id='word_1_281' title='bbox 2985 1333 3352 1404; x_wconf 83' lang='lat' dir='ltr'><strong>parturientes</strong></span> <span class='ocrx_word' id='word_1_282' title='bbox 3377 1331 3637 1388; x_wconf 89' lang='lat' dir='ltr'><strong>mulieres</strong></span> 
     </span>
    </p>
   </div>
   <div class='ocr_carea' id='block_1_43' title="bbox 2038 1424 3635 1500">
    <p class='ocr_par' dir='ltr' id='par_1_43' title="bbox 2038 1424 3635 1500">
     <span class='ocr_line' id='line_1_43' title="bbox 2038 1424 3635 1500; baseline -0.004 -16"><span class='ocrx_word' id='word_1_283' title='bbox 2038 1429 2363 1500; x_wconf 88' lang='lat' dir='ltr'><strong>premimur.</strong></span> <span class='ocrx_word' id='word_1_284' title='bbox 2425 1426 2660 1499; x_wconf 87' lang='lat' dir='ltr'><strong>Propter</strong></span> <span class='ocrx_word' id='word_1_285' title='bbox 2706 1429 2851 1497; x_wconf 91' lang='lat' dir='ltr'><strong>quod</strong></span> <span class='ocrx_word' id='word_1_286' title='bbox 2913 1425 3123 1482; x_wconf 86' lang='lat' dir='ltr'><strong>suadeo</strong></span> <span class='ocrx_word' id='word_1_287' title='bbox 3180 1439 3247 1480; x_wconf 93' lang='lat' dir='ltr'><strong>ne</strong></span> <span class='ocrx_word' id='word_1_288' title='bbox 3299 1424 3635 1494; x_wconf 83' lang='lat' dir='ltr'><strong>accipiamus</strong></span> 
     </span>
    </p>
   </div>
   <div class='ocr_carea' id='block_1_44' title="bbox 2037 1519 3638 1594">
    <p class='ocr_par' dir='ltr' id='par_1_44' title="bbox 2037 1519 3638 1594">
     <span class='ocr_line' id='line_1_44' title="bbox 2037 1519 3638 1594; baseline -0.004 -16"><span class='ocrx_word' id='word_1_289' title='bbox 2037 1523 2284 1594; x_wconf 87' lang='lat' dir='ltr'><strong>quidem,</strong></span> <span class='ocrx_word' id='word_1_290' title='bbox 2306 1521 2611 1592; x_wconf 67' lang='lat' dir='ltr'><strong>praesertim</strong></span> <span class='ocrx_word' id='word_1_291' title='bbox 2643 1521 2700 1576; x_wconf 89' lang='lat' dir='ltr'><strong>in</strong></span> <span class='ocrx_word' id='word_1_292' title='bbox 2753 1521 3048 1591; x_wconf 87' lang='lat' dir='ltr'><strong>principio,</strong></span> <span class='ocrx_word' id='word_1_293' title='bbox 3080 1519 3412 1576; x_wconf 83' lang='lat' dir='ltr'><strong>desiderium</strong></span> <span class='ocrx_word' id='word_1_294' title='bbox 3442 1534 3638 1574; x_wconf 89' lang='lat' dir='ltr'><strong>corru-</strong></span> 
     </span>
    </p>
   </div>
   <div class='ocr_carea' id='block_1_45' title="bbox 2039 1611 3638 1687">
    <p class='ocr_par' dir='ltr' id='par_1_45' title="bbox 2039 1611 3638 1687">
     <span class='ocr_line' id='line_1_45' title="bbox 2039 1611 3638 1687; baseline -0.003 -15"><span class='ocrx_word' id='word_1_295' title='bbox 2039 1625 2216 1687; x_wconf 90' lang='lat' dir='ltr'><strong>ptum.</strong></span> <span class='ocrx_word' id='word_1_296' title='bbox 2255 1615 2314 1672; x_wconf 89' lang='lat' dir='ltr'><strong>Si</strong></span> <span class='ocrx_word' id='word_1_297' title='bbox 2351 1623 2534 1670; x_wconf 88' lang='lat' dir='ltr'><strong>autem</strong></span> <span class='ocrx_word' id='word_1_298' title='bbox 2566 1613 2677 1686; x_wconf 88' lang='lat' dir='ltr'><strong>jam</strong></span> <span class='ocrx_word' id='word_1_299' title='bbox 2713 1614 3114 1684; x_wconf 88' lang='lat' dir='ltr'><strong>acceperimus,</strong></span> <span class='ocrx_word' id='word_1_300' title='bbox 3161 1626 3350 1668; x_wconf 85' lang='lat' dir='ltr'><strong>semen</strong></span> <span class='ocrx_word' id='word_1_301' title='bbox 3393 1612 3447 1666; x_wconf 92' lang='lat' dir='ltr'><strong>in</strong></span> <span class='ocrx_word' id='word_1_302' title='bbox 3479 1611 3638 1667; x_wconf 88' lang='lat' dir='ltr'><strong>nobis</strong></span> 
     </span>
    </p>
   </div>
   <div class='ocr_carea' id='block_1_46' title="bbox 2039 1702 3638 1776">
    <p class='ocr_par' dir='ltr' id='par_1_46' title="bbox 2039 1702 3638 1776">
     <span class='ocr_line' id='line_1_46' title="bbox 2039 1702 3638 1776; baseline -0.003 -14"><span class='ocrx_word' id='word_1_303' title='bbox 2039 1707 2468 1776; x_wconf 83' lang='lat' dir='ltr'><strong>restinguamus.</strong></span> <span class='ocrx_word' id='word_1_304' title='bbox 2499 1704 2656 1774; x_wconf 87' lang='lat' dir='ltr'><strong>Quod</strong></span> <span class='ocrx_word' id='word_1_305' title='bbox 2680 1705 2727 1760; x_wconf 90' lang='lat' dir='ltr'><strong>si</strong></span> <span class='ocrx_word' id='word_1_306' title='bbox 2757 1719 2888 1761; x_wconf 88' lang='lat' dir='ltr'><strong>vero</strong></span> <span class='ocrx_word' id='word_1_307' title='bbox 2919 1718 3098 1774; x_wconf 89' lang='lat' dir='ltr'><strong>usque</strong></span> <span class='ocrx_word' id='word_1_308' title='bbox 3125 1703 3268 1758; x_wconf 88' lang='lat' dir='ltr'><strong>adeo</strong></span> <span class='ocrx_word' id='word_1_309' title='bbox 3301 1702 3638 1774; x_wconf 80' lang='lat' dir='ltr'><strong>negligentes</strong></span> 
     </span>
    </p>
   </div>
   <div class='ocr_carea' id='block_1_47' title="bbox 2042 1798 3636 1870">
    <p class='ocr_par' dir='ltr' id='par_1_47' title="bbox 2042 1798 3636 1870">
     <span class='ocr_line' id='line_1_47' title="bbox 2042 1798 3636 1870; baseline -0.003 -16"><span class='ocrx_word' id='word_1_310' title='bbox 2042 1800 2306 1856; x_wconf 82' lang='lat' dir='ltr'><strong>fuerimus</strong></span> <span class='ocrx_word' id='word_1_311' title='bbox 2338 1807 2397 1854; x_wconf 91' lang='lat' dir='ltr'><strong>ut</strong></span> <span class='ocrx_word' id='word_1_312' title='bbox 2423 1798 2536 1868; x_wconf 84' lang='lat' dir='ltr'><strong>jam</strong></span> <span class='ocrx_word' id='word_1_313' title='bbox 2567 1798 2808 1855; x_wconf 89' lang='lat' dir='ltr'><strong>creverit</strong></span> <span class='ocrx_word' id='word_1_314' title='bbox 2828 1799 2880 1853; x_wconf 92' lang='lat' dir='ltr'><strong>in</strong></span> <span class='ocrx_word' id='word_1_315' title='bbox 2909 1813 3049 1870; x_wconf 88' lang='lat' dir='ltr'><strong>opus</strong></span> <span class='ocrx_word' id='word_1_316' title='bbox 3078 1804 3391 1866; x_wconf 89' lang='lat' dir='ltr'><strong>peccatum,</strong></span> <span class='ocrx_word' id='word_1_317' title='bbox 3415 1811 3636 1850; x_wconf 89' lang='lat' dir='ltr'><strong>rursum</strong></span> 
     </span>
    </p>
   </div>
   <div class='ocr_carea' id='block_1_48' title="bbox 2043 1889 3639 1960">
    <p class='ocr_par' dir='ltr' id='par_1_48' title="bbox 2043 1889 3639 1960">
     <span class='ocr_line' id='line_1_48' title="bbox 2043 1889 3639 1960; baseline -0.004 -10"><span class='ocrx_word' id='word_1_318' title='bbox 2043 1895 2174 1950; x_wconf 92' lang='lat' dir='ltr'><strong>illud</strong></span> <span class='ocrx_word' id='word_1_319' title='bbox 2231 1893 2630 1950; x_wconf 82' lang='lat' dir='ltr'><strong>interﬁciamus</strong></span> <span class='ocrx_word' id='word_1_320' title='bbox 2693 1890 3041 1957; x_wconf 83' lang='lat' dir='ltr'><strong>confusione,</strong></span> <span class='ocrx_word' id='word_1_321' title='bbox 3088 1890 3370 1960; x_wconf 82' lang='lat' dir='ltr'><strong>lacrymis,</strong></span> <span class='ocrx_word' id='word_1_322' title='bbox 3407 1897 3466 1946; x_wconf 89' lang='lat' dir='ltr'><strong>et</strong></span> <span class='ocrx_word' id='word_1_323' title='bbox 3493 1889 3639 1945; x_wconf 87' lang='lat' dir='ltr'><strong>illius</strong></span> 
     </span>
    </p>
   </div>
   <div class='ocr_carea' id='block_1_49' title="bbox 2039 1982 3638 2056">
    <p class='ocr_par' dir='ltr' id='par_1_49' title="bbox 2039 1982 3638 2056">
     <span class='ocr_line' id='line_1_49' title="bbox 2039 1982 3638 2056; baseline -0.005 -12"><span class='ocrx_word' id='word_1_324' title='bbox 2039 1987 2411 2044; x_wconf 86' lang='lat' dir='ltr'><strong>accusatione.</strong></span> <span class='ocrx_word' id='word_1_325' title='bbox 2438 1985 2587 2041; x_wconf 82' lang='lat' dir='ltr'><strong>Nihil</strong></span> <span class='ocrx_word' id='word_1_326' title='bbox 2613 1987 2761 2040; x_wconf 91' lang='lat' dir='ltr'><strong>enim</strong></span> <span class='ocrx_word' id='word_1_327' title='bbox 2793 1986 2866 2040; x_wconf 91' lang='lat' dir='ltr'><strong>ita</strong></span> <span class='ocrx_word' id='word_1_328' title='bbox 2896 1983 3107 2056; x_wconf 85' lang='lat' dir='ltr'><strong>peccati</strong></span> <span class='ocrx_word' id='word_1_329' title='bbox 3135 1983 3449 2040; x_wconf 86' lang='lat' dir='ltr'><strong>destructor</strong></span> <span class='ocrx_word' id='word_1_330' title='bbox 3493 1982 3638 2039; x_wconf 84' lang='lat' dir='ltr'><strong>sicut</strong></span> 
     </span>
    </p>
   </div>
   <div class='ocr_carea' id='block_1_50' title="bbox 2040 2078 2912 2139">
    <p class='ocr_par' dir='ltr' id='par_1_50' title="bbox 2040 2078 2912 2139">
     <span class='ocr_line' id='line_1_50' title="bbox 2040 2078 2912 2139; baseline -0.007 0"><span class='ocrx_word' id='word_1_331' title='bbox 2040 2091 2093 2139; x_wconf 88' lang='lat' dir='ltr'><strong>et</strong></span> <span class='ocrx_word' id='word_1_332' title='bbox 2115 2080 2393 2138; x_wconf 90' lang='lat' dir='ltr'><strong>accusatio</strong></span> <span class='ocrx_word' id='word_1_333' title='bbox 2414 2089 2470 2137; x_wconf 88' lang='lat' dir='ltr'><strong>et</strong></span> <span class='ocrx_word' id='word_1_334' title='bbox 2498 2078 2912 2136; x_wconf 89' lang='lat' dir='ltr'><strong>condemnatio.</strong></span> 
     </span>
    </p>
   </div>
   <div class='ocr_carea' id='block_1_51' title="bbox 2105 2259 3636 2339">
    <p class='ocr_par' dir='ltr' id='par_1_51' title="bbox 2105 2259 3636 2339">
     <span class='ocr_line' id='line_1_51' title="bbox 2105 2259 3636 2339; baseline -0.008 -15"><span class='ocrx_word' id='word_1_335' title='bbox 2105 2267 2275 2326; x_wconf 69' lang='lat' dir='ltr'><strong>Vens.</strong></span> <span class='ocrx_word' id='word_1_336' title='bbox 2323 2267 2417 2323; x_wconf 71' lang='lat'><strong>27.</strong></span> <span class='ocrx_word' id='word_1_337' title='bbox 2473 2266 2678 2339; x_wconf 80' lang='lat' dir='ltr'><strong>Religio</strong></span> <span class='ocrx_word' id='word_1_338' title='bbox 2734 2265 2934 2319; x_wconf 83' lang='lat' dir='ltr'><strong>munda</strong></span> <span class='ocrx_word' id='word_1_339' title='bbox 2983 2273 3032 2320; x_wconf 92' lang='lat' dir='ltr'><strong>et</strong></span> <span class='ocrx_word' id='word_1_340' title='bbox 3079 2261 3429 2318; x_wconf 86' lang='lat' dir='ltr'><strong>immaculata</strong></span> <span class='ocrx_word' id='word_1_341' title='bbox 3491 2259 3636 2329; x_wconf 84' lang='lat' dir='ltr'><strong>apud</strong></span> 
     </span>
    </p>
   </div>
   <div class='ocr_carea' id='block_1_52' title="bbox 2039 2353 3636 2425">
    <p class='ocr_par' dir='ltr' id='par_1_52' title="bbox 2039 2353 3636 2425">
     <span class='ocr_line' id='line_1_52' title="bbox 2039 2353 3636 2425; baseline -0.008 -5"><span class='ocrx_word' id='word_1_342' title='bbox 2039 2365 2210 2421; x_wconf 82' lang='lat' dir='ltr'><strong>Deum</strong></span> <span class='ocrx_word' id='word_1_343' title='bbox 2243 2372 2293 2420; x_wconf 86' lang='lat' dir='ltr'><strong>et</strong></span> <span class='ocrx_word' id='word_1_344' title='bbox 2317 2362 2540 2418; x_wconf 80' lang='lat' dir='ltr'><strong>Patrem</strong></span> <span class='ocrx_word' id='word_1_345' title='bbox 2565 2360 2678 2417; x_wconf 77' lang='grc' dir='ltr'>ἠιιέ</span> <span class='ocrx_word' id='word_1_346' title='bbox 2703 2369 2782 2417; x_wconf 85' lang='lat' dir='ltr'><strong>est</strong></span> <span class='ocrx_word' id='word_1_347' title='bbox 2809 2377 2829 2418; x_wconf 91' lang='lat'><strong><em>:</em></strong></span> <span class='ocrx_word' id='word_1_348' title='bbox 2861 2360 3081 2415; x_wconf 70' lang='lat' dir='ltr'><strong>visitare</strong></span> <span class='ocrx_word' id='word_1_349' title='bbox 3111 2358 3300 2412; x_wconf 76' lang='lat' dir='ltr'><strong>viduas</strong></span> <span class='ocrx_word' id='word_1_350' title='bbox 3321 2365 3367 2412; x_wconf 87' lang='lat' dir='ltr'><strong>et</strong></span> <span class='ocrx_word' id='word_1_351' title='bbox 3403 2353 3636 2425; x_wconf 80' lang='lat' dir='ltr'><strong>pupillos</strong></span> 
     </span>
    </p>
   </div>
   <div class='ocr_carea' id='block_1_53' title="bbox 2037 2448 3638 2524">
    <p class='ocr_par' dir='ltr' id='par_1_53' title="bbox 2037 2448 3638 2524">
     <span class='ocr_line' id='line_1_53' title="bbox 2037 2448 3638 2524; baseline -0.006 -11"><span class='ocrx_word' id='word_1_352' title='bbox 2037 2461 2092 2513; x_wconf 89' lang='lat' dir='ltr'><strong>in</strong></span> <span class='ocrx_word' id='word_1_353' title='bbox 2115 2457 2470 2513; x_wconf 77' lang='lat' dir='ltr'><strong>tribulatione</strong></span> <span class='ocrx_word' id='word_1_354' title='bbox 2498 2471 2706 2524; x_wconf 81' lang='lat' dir='ltr'><strong>eorum,</strong></span> <span class='ocrx_word' id='word_1_355' title='bbox 2742 2462 2793 2510; x_wconf 90' lang='lat' dir='ltr'><strong>et</strong></span> <span class='ocrx_word' id='word_1_356' title='bbox 2824 2453 3227 2509; x_wconf 81' lang='lat' dir='ltr'><strong>immaculatum</strong></span> <span class='ocrx_word' id='word_1_357' title='bbox 3258 2467 3314 2506; x_wconf 86' lang='lat' dir='ltr'><strong>se</strong></span> <span class='ocrx_word' id='word_1_358' title='bbox 3365 2448 3638 2506; x_wconf 82' lang='lat' dir='ltr'><strong>custodire</strong></span> 
     </span>
    </p>
   </div>
   <div class='ocr_carea' id='block_1_54' title="bbox 2035 2539 2630 2610">
    <p class='ocr_par' dir='ltr' id='par_1_54' title="bbox 2035 2539 2630 2610">
     <span class='ocr_line' id='line_1_54' title="bbox 2035 2539 2630 2610; baseline 0.007 -5"><span class='ocrx_word' id='word_1_359' title='bbox 2035 2552 2103 2606; x_wconf 82' lang='lat' dir='ltr'><strong>ab</strong></span> <span class='ocrx_word' id='word_1_360' title='bbox 2129 2553 2228 2607; x_wconf 78' lang='lat' dir='ltr'><strong>hoc</strong></span> <span class='ocrx_word' id='word_1_361' title='bbox 2256 2539 2483 2610; x_wconf 63' lang='lat' dir='ltr'><strong>sarculo.</strong></span> <span class='ocrx_word' id='word_1_362' title='bbox 2600 2559 2630 2584; x_wconf 65' lang='grc' dir='ltr'><strong><em>ο</em></strong></span> 
     </span>
    </p>
   </div>
   <div class='ocr_carea' id='block_1_55' title="bbox 2107 2633 3640 2714">
    <p class='ocr_par' dir='ltr' id='par_1_55' title="bbox 2107 2633 3640 2714">
     <span class='ocr_line' id='line_1_55' title="bbox 2107 2633 3640 2714; baseline -0.009 -10"><span class='ocrx_word' id='word_1_363' title='bbox 2107 2648 2164 2704; x_wconf 90' lang='lat' dir='ltr'><strong>ld</strong></span> <span class='ocrx_word' id='word_1_364' title='bbox 2191 2656 2296 2714; x_wconf 90' lang='lat' dir='ltr'><strong>est,</strong></span> <span class='ocrx_word' id='word_1_365' title='bbox 2334 2647 2388 2703; x_wconf 87' lang='lat' dir='ltr'><strong>in</strong></span> <span class='ocrx_word' id='word_1_366' title='bbox 2422 2647 2526 2704; x_wconf 89' lang='lat' dir='ltr'><strong>hoc</strong></span> <span class='ocrx_word' id='word_1_367' title='bbox 2549 2643 2762 2701; x_wconf 90' lang='lat' dir='ltr'><strong>similes</strong></span> <span class='ocrx_word' id='word_1_368' title='bbox 2793 2641 2905 2698; x_wconf 91' lang='lat' dir='ltr'><strong>Deo</strong></span> <span class='ocrx_word' id='word_1_369' title='bbox 2934 2639 3054 2697; x_wconf 82' lang='lat' dir='ltr'><strong>ﬁeri</strong></span> <span class='ocrx_word' id='word_1_370' title='bbox 3082 2652 3397 2709; x_wconf 87' lang='lat' dir='ltr'><strong>possumus,</strong></span> <span class='ocrx_word' id='word_1_371' title='bbox 3434 2634 3482 2692; x_wconf 89' lang='lat' dir='ltr'><strong>si</strong></span> <span class='ocrx_word' id='word_1_372' title='bbox 3535 2633 3640 2691; x_wconf 85' lang='lat' dir='ltr'><strong>mi-</strong></span> 
     </span>
    </p>
   </div>
   <div class='ocr_carea' id='block_1_56' title="bbox 2037 2729 3634 2811">
    <p class='ocr_par' dir='ltr' id='par_1_56' title="bbox 2037 2729 3634 2811">
     <span class='ocr_line' id='line_1_56' title="bbox 2037 2729 3634 2811; baseline -0.011 -11"><span class='ocrx_word' id='word_1_373' title='bbox 2037 2757 2288 2800; x_wconf 90' lang='lat' dir='ltr'><strong>seremur</strong></span> <span class='ocrx_word' id='word_1_374' title='bbox 2313 2750 2368 2796; x_wconf 91' lang='lat' dir='ltr'><strong>et</strong></span> <span class='ocrx_word' id='word_1_375' title='bbox 2397 2739 2784 2811; x_wconf 90' lang='lat' dir='ltr'><strong>compatimur.</strong></span> <span class='ocrx_word' id='word_1_376' title='bbox 2814 2733 2870 2791; x_wconf 91' lang='lat' dir='ltr'><strong>Si</strong></span> <span class='ocrx_word' id='word_1_377' title='bbox 2895 2734 3016 2791; x_wconf 70' lang='lat' dir='ltr'><strong>haec</strong></span> <span class='ocrx_word' id='word_1_378' title='bbox 3041 2747 3172 2804; x_wconf 87' lang='lat' dir='ltr'><strong>ergo</strong></span> <span class='ocrx_word' id='word_1_379' title='bbox 3206 2747 3316 2788; x_wconf 90' lang='lat' dir='ltr'><strong>non</strong></span> <span class='ocrx_word' id='word_1_380' title='bbox 3346 2729 3634 2794; x_wconf 85' lang='lat' dir='ltr'><strong>habemus,</strong></span> 
     </span>
    </p>
   </div>
   <div class='ocr_carea' id='block_1_57' title="bbox 2037 2822 3634 2908">
    <p class='ocr_par' dir='ltr' id='par_1_57' title="bbox 2037 2822 3634 2908">
     <span class='ocr_line' id='line_1_57' title="bbox 2037 2822 3634 2908; baseline -0.011 -16"><span class='ocrx_word' id='word_1_381' title='bbox 2037 2838 2106 2892; x_wconf 91' lang='lat' dir='ltr'><strong>ah</strong></span> <span class='ocrx_word' id='word_1_382' title='bbox 2132 2837 2250 2908; x_wconf 91' lang='lat' dir='ltr'><strong>ipso</strong></span> <span class='ocrx_word' id='word_1_383' title='bbox 2284 2835 2511 2890; x_wconf 89' lang='lat' dir='ltr'><strong>omnino</strong></span> <span class='ocrx_word' id='word_1_384' title='bbox 2567 2844 2913 2900; x_wconf 85' lang='lat' dir='ltr'><strong>separamur.</strong></span> <span class='ocrx_word' id='word_1_385' title='bbox 2951 2827 3072 2885; x_wconf 89' lang='lat' dir='ltr'><strong>Non</strong></span> <span class='ocrx_word' id='word_1_386' title='bbox 3119 2826 3296 2883; x_wconf 84' lang='lat' dir='ltr'><strong>dicit:</strong></span> <span class='ocrx_word' id='word_1_387' title='bbox 3328 2823 3391 2880; x_wconf 89' lang='lat' dir='ltr'><strong>Si</strong></span> <span class='ocrx_word' id='word_1_388' title='bbox 3418 2822 3634 2894; x_wconf 73' lang='lat' dir='ltr'><strong>jejuna-</strong></span> 
     </span>
    </p>
   </div>
   <div class='ocr_carea' id='block_1_58' title="bbox 2036 2913 3638 2992">
    <p class='ocr_par' dir='ltr' id='par_1_58' title="bbox 2036 2913 3638 2992">
     <span class='ocr_line' id='line_1_58' title="bbox 2036 2913 3638 2992; baseline -0.011 -9"><span class='ocrx_word' id='word_1_389' title='bbox 2036 2927 2250 2992; x_wconf 80' lang='lat' dir='ltr'><strong>veritis,</strong></span> <span class='ocrx_word' id='word_1_390' title='bbox 2285 2924 2498 2982; x_wconf 87' lang='lat' dir='ltr'><strong>similes</strong></span> <span class='ocrx_word' id='word_1_391' title='bbox 2530 2923 2688 2980; x_wconf 88' lang='lat' dir='ltr'><strong>eritis</strong></span> <span class='ocrx_word' id='word_1_392' title='bbox 2734 2920 2884 2977; x_wconf 87' lang='lat' dir='ltr'><strong>Patri</strong></span> <span class='ocrx_word' id='word_1_393' title='bbox 2915 2929 3125 2986; x_wconf 81' lang='lat' dir='ltr'><strong>vestro,</strong></span> <span class='ocrx_word' id='word_1_394' title='bbox 3157 2916 3296 2973; x_wconf 90' lang='lat' dir='ltr'><strong>nihil</strong></span> <span class='ocrx_word' id='word_1_395' title='bbox 3329 2915 3478 2972; x_wconf 90' lang='lat' dir='ltr'><strong>enim</strong></span> <span class='ocrx_word' id='word_1_396' title='bbox 3530 2913 3638 2969; x_wconf 90' lang='lat' dir='ltr'><strong>tale</strong></span> 
     </span>
    </p>
   </div>
   <div class='ocr_carea' id='block_1_59' title="bbox 2036 3004 3632 3092">
    <p class='ocr_par' dir='ltr' id='par_1_59' title="bbox 2036 3004 3632 3092">
     <span class='ocr_line' id='line_1_59' title="bbox 2036 3004 3632 3092; baseline -0.011 -16"><span class='ocrx_word' id='word_1_397' title='bbox 2036 3020 2176 3092; x_wconf 87' lang='lat' dir='ltr'><strong>apud</strong></span> <span class='ocrx_word' id='word_1_398' title='bbox 2191 3017 2361 3074; x_wconf 89' lang='lat' dir='ltr'><strong>Deum</strong></span> <span class='ocrx_word' id='word_1_399' title='bbox 2388 3030 2488 3072; x_wconf 87' lang='lat' dir='ltr'><strong>nec</strong></span> <span class='ocrx_word' id='word_1_400' title='bbox 2508 3013 2708 3072; x_wconf 89' lang='lat' dir='ltr'><strong>similia</strong></span> <span class='ocrx_word' id='word_1_401' title='bbox 2741 3013 2848 3070; x_wconf 86' lang='lat' dir='ltr'><strong>illis</strong></span> <span class='ocrx_word' id='word_1_402' title='bbox 2868 3019 3129 3084; x_wconf 83' lang='lat' dir='ltr'><strong>operatur</strong></span> <span class='ocrx_word' id='word_1_403' title='bbox 3144 3026 3166 3079; x_wconf 63' lang='grc' dir='ltr'><em>ς</em></span> <span class='ocrx_word' id='word_1_404' title='bbox 3181 3007 3275 3065; x_wconf 90' lang='lat' dir='ltr'><strong>sed</strong></span> <span class='ocrx_word' id='word_1_405' title='bbox 3292 3006 3426 3079; x_wconf 90' lang='lat' dir='ltr'><strong>quid</strong></span> <span class='ocrx_word' id='word_1_406' title='bbox 3451 3004 3586 3062; x_wconf 89' lang='lat' dir='ltr'><strong>dicit</strong></span> <span class='ocrx_word' id='word_1_407' title='bbox 3617 3019 3632 3058; x_wconf 89' lang='lat'><strong>:</strong></span> 
     </span>
    </p>
   </div>
   <div class='ocr_carea' id='block_1_60' title="bbox 2038 3097 3638 3173">
    <p class='ocr_par' dir='ltr' id='par_1_60' title="bbox 2038 3097 3638 3173">
     <span class='ocr_line' id='line_1_60' title="bbox 2038 3097 3638 3173; baseline -0.01 -3"><span class='ocrx_word' id='word_1_408' title='bbox 2038 3115 2226 3172; x_wconf 84' lang='lat' dir='ltr'><strong>Estote</strong></span> <span class='ocrx_word' id='word_1_409' title='bbox 2249 3110 2617 3167; x_wconf 86' lang='lat' dir='ltr'><strong>misericordes</strong></span> <span class='ocrx_word' id='word_1_410' title='bbox 2653 3108 2789 3164; x_wconf 89' lang='lat' dir='ltr'><strong>sicut</strong></span> <span class='ocrx_word' id='word_1_411' title='bbox 2812 3117 2860 3162; x_wconf 91' lang='lat' dir='ltr'><strong>et</strong></span> <span class='ocrx_word' id='word_1_412' title='bbox 2894 3106 3060 3162; x_wconf 82' lang='lat' dir='ltr'><strong>Pater</strong></span> <span class='ocrx_word' id='word_1_413' title='bbox 3095 3112 3268 3160; x_wconf 81' lang='lat' dir='ltr'><strong>vester</strong></span> <span class='ocrx_word' id='word_1_414' title='bbox 3289 3101 3381 3173; x_wconf 86' lang='lat' dir='ltr'><strong>qui</strong></span> <span class='ocrx_word' id='word_1_415' title='bbox 3410 3100 3464 3155; x_wconf 85' lang='lat' dir='ltr'><strong>in</strong></span> <span class='ocrx_word' id='word_1_416' title='bbox 3493 3097 3638 3154; x_wconf 63' lang='lat' dir='ltr'><strong>caelis</strong></span> 
     </span>
    </p>
   </div>
   <div class='ocr_carea' id='block_1_61' title="bbox 327 3192 1938 3297">
    <p class='ocr_par' dir='ltr' id='par_1_61' title="bbox 327 3192 1932 3297">
     <span class='ocr_line' id='line_1_61' title="bbox 327 3192 1932 3297; baseline -0.002 -19"><span class='ocrx_word' id='word_1_417' title='bbox 327 3224 456 3292; x_wconf 80' lang='grc' dir='ltr'>τοῖς</span> <span class='ocrx_word' id='word_1_418' title='bbox 487 3225 793 3296; x_wconf 79' lang='grc' dir='ltr'>οὐρανοῖς.</span> <span class='ocrx_word' id='word_1_419' title='bbox 840 3192 1014 3282; x_wconf 76' lang='grc' dir='ltr'>Τοῦτο</span> <span class='ocrx_word' id='word_1_420' title='bbox 1042 3227 1180 3283; x_wconf 87' lang='grc' dir='ltr'>Θεοῦ</span> <span class='ocrx_word' id='word_1_421' title='bbox 1225 3225 1408 3297; x_wconf 80' lang='grc' dir='ltr'>ἔργον.</span> <span class='ocrx_word' id='word_1_422' title='bbox 1469 3192 1723 3280; x_wconf 40' lang='grc' dir='ltr'>ἱζὰνσοῦν</span> <span class='ocrx_word' id='word_1_423' title='bbox 1769 3221 1932 3278; x_wconf 85' lang='grc' dir='ltr'>τοῦτο</span> 
     </span>
    </p>
   </div>
   <div class='ocr_carea' id='block_1_62' title="bbox 2041 3192 3642 3297">
    <p class='ocr_par' dir='ltr' id='par_1_62' title="bbox 2041 3192 3642 3275">
     <span class='ocr_line' id='line_1_62' title="bbox 2041 3192 3642 3275; baseline -0.012 -9"><span class='ocrx_word' id='word_1_424' title='bbox 2041 3220 2111 3266; x_wconf 86' lang='lat' dir='ltr'><strong>est</strong></span> <span class='ocrx_word' id='word_1_425' title='bbox 2136 3210 2178 3262; x_wconf 83' lang='lat'><strong>°.</strong></span> <span class='ocrx_word' id='word_1_426' title='bbox 2205 3206 2320 3262; x_wconf 84' lang='lat' dir='ltr'><strong>Hoc</strong></span> <span class='ocrx_word' id='word_1_427' title='bbox 2342 3206 2438 3262; x_wconf 85' lang='lat' dir='ltr'><strong>Dei</strong></span> <span class='ocrx_word' id='word_1_428' title='bbox 2464 3219 2624 3275; x_wconf 88' lang='lat' dir='ltr'><strong>opus.</strong></span> <span class='ocrx_word' id='word_1_429' title='bbox 2653 3201 2712 3258; x_wconf 88' lang='lat' dir='ltr'><strong>Si</strong></span> <span class='ocrx_word' id='word_1_430' title='bbox 2737 3200 2869 3258; x_wconf 90' lang='lat' dir='ltr'><strong>illud</strong></span> <span class='ocrx_word' id='word_1_431' title='bbox 2889 3214 3021 3271; x_wconf 89' lang='lat' dir='ltr'><strong>ergo</strong></span> <span class='ocrx_word' id='word_1_432' title='bbox 3047 3214 3158 3255; x_wconf 92' lang='lat' dir='ltr'><strong>non</strong></span> <span class='ocrx_word' id='word_1_433' title='bbox 3179 3197 3370 3263; x_wconf 88' lang='lat' dir='ltr'><strong>habes,</strong></span> <span class='ocrx_word' id='word_1_434' title='bbox 3387 3193 3518 3267; x_wconf 92' lang='lat' dir='ltr'><strong>quid</strong></span> <span class='ocrx_word' id='word_1_435' title='bbox 3541 3192 3642 3248; x_wconf 87' lang='lat' dir='ltr'><strong>ha-</strong></span> 
     </span>
    </p>
   </div>
   <div class='ocr_carea' id='block_1_63' title="bbox 331 3316 1931 3462">
    <p class='ocr_par' dir='ltr' id='par_1_63' title="bbox 331 3316 1931 3462">
     <span class='ocr_line' id='line_1_63' title="bbox 331 3316 1931 3462; baseline -0.009 -77"><span class='ocrx_word' id='word_1_436' title='bbox 331 3316 407 3462; x_wconf 57' lang='grc' dir='ltr'><strong>μῖ]</strong></span> <span class='ocrx_word' id='word_1_437' title='bbox 435 3316 588 3390; x_wconf 78' lang='grc' dir='ltr'>ἔχῃς.</span> <span class='ocrx_word' id='word_1_438' title='bbox 616 3317 670 3372; x_wconf 78' lang='grc' dir='ltr'>τι</span> <span class='ocrx_word' id='word_1_439' title='bbox 705 3317 888 3390; x_wconf 77' lang='grc' dir='ltr'>ἔχειςς</span> <span class='ocrx_word' id='word_1_440' title='bbox 918 3319 1142 3374; x_wconf 73' lang='grc' dir='ltr'><em>Ἕλεον</em></span> <span class='ocrx_word' id='word_1_441' title='bbox 1173 3321 1360 3386; x_wconf 74' lang='grc' dir='ltr'>θέλω,</span> <span class='ocrx_word' id='word_1_442' title='bbox 1393 3317 1562 3390; x_wconf 70' lang='grc' dir='ltr'>φησι,</span> <span class='ocrx_word' id='word_1_443' title='bbox 1592 3317 1690 3374; x_wconf 78' lang='grc' dir='ltr'>καὶ</span> <span class='ocrx_word' id='word_1_444' title='bbox 1719 3317 1794 3371; x_wconf 87' lang='grc' dir='ltr'>οὺ</span> <span class='ocrx_word' id='word_1_445' title='bbox 1825 3317 1931 3372; x_wconf 85' lang='grc' dir='ltr'>θυ-</span> 
     </span>
     <span class='ocr_line' id='line_1_64' title="bbox 331 3422 498 3462; baseline 0 0"><span class='ocrx_word' id='word_1_446' title='bbox 331 3422 373 3462; x_wconf 93' lang='grc' dir='ltr'><strong>σ</strong></span> <span class='ocrx_word' id='word_1_447' title='bbox 398 3423 498 3462; x_wconf 78' lang='grc' dir='ltr'>αν.</span> 
     </span>
    </p>
   </div>
   <div class='ocr_carea' id='block_1_64' title="bbox 327 3422 498 3464">
    <p class='ocr_par' dir='ltr' id='par_1_64' title="bbox 327 3422 498 3464">
     <span class='ocr_line' id='line_1_65' title="bbox 327 3422 498 3464; baseline 0 0"><span class='ocrx_word' id='word_1_448' title='bbox 327 3422 498 3464; x_wconf 78' lang='grc' dir='ltr'>σιαν.</span> 
     </span>
    </p>
   </div>
   <div class='ocr_carea' id='block_1_65' title="bbox 971 3523 1334 3581">
    <p class='ocr_par' dir='ltr' id='par_1_65' title="bbox 971 3523 1334 3581">
     <span class='ocr_line' id='line_1_66' title="bbox 971 3523 1334 3581; baseline 0.006 -2"><span class='ocrx_word' id='word_1_449' title='bbox 971 3523 1224 3580; x_wconf 78' lang='grc' dir='ltr'><strong>ΚΕΦΑΛ.</strong></span> <span class='ocrx_word' id='word_1_450' title='bbox 1255 3525 1334 3581; x_wconf 86' lang='grc' dir='ltr'><strong>Β’.</strong></span> 
     </span>
    </p>
   </div>
   <div class='ocr_carea' id='block_1_66' title="bbox 417 3613 1938 3688">
    <p class='ocr_par' dir='ltr' id='par_1_66' title="bbox 417 3613 1938 3688">
     <span class='ocr_line' id='line_1_67' title="bbox 417 3613 1938 3688; baseline 0.004 -19"><span class='ocrx_word' id='word_1_451' title='bbox 417 3613 686 3684; x_wconf 73' lang='grc' dir='ltr'>Ἀδελφοί</span> <span class='ocrx_word' id='word_1_452' title='bbox 745 3631 865 3684; x_wconf 82' lang='grc' dir='ltr'><strong>μου</strong></span> <span class='ocrx_word' id='word_1_453' title='bbox 883 3655 898 3682; x_wconf 94' lang='grc'><strong>,</strong></span> <span class='ocrx_word' id='word_1_454' title='bbox 934 3613 1023 3686; x_wconf 81' lang='grc' dir='ltr'>μὴ</span> <span class='ocrx_word' id='word_1_455' title='bbox 1091 3618 1163 3672; x_wconf 79' lang='grc' dir='ltr'>ἐν</span> <span class='ocrx_word' id='word_1_456' title='bbox 1195 3619 1738 3687; x_wconf 73' lang='grc' dir='ltr'>προσωποληψίαις</span> <span class='ocrx_word' id='word_1_457' title='bbox 1765 3617 1938 3688; x_wconf 80' lang='grc' dir='ltr'>ἔχετε</span> 
     </span>
    </p>
   </div>
   <div class='ocr_carea' id='block_1_67' title="bbox 331 3709 1936 3785">
    <p class='ocr_par' dir='ltr' id='par_1_67' title="bbox 331 3709 1936 3785">
     <span class='ocr_line' id='line_1_68' title="bbox 331 3709 1936 3785; baseline 0.002 -20"><span class='ocrx_word' id='word_1_458' title='bbox 331 3712 446 3779; x_wconf 81' lang='grc' dir='ltr'>τὴν</span> <span class='ocrx_word' id='word_1_459' title='bbox 472 3709 684 3765; x_wconf 78' lang='grc' dir='ltr'>πίστιν</span> <span class='ocrx_word' id='word_1_460' title='bbox 719 3711 828 3766; x_wconf 87' lang='grc' dir='ltr'><strong>τοῦ</strong></span> <span class='ocrx_word' id='word_1_461' title='bbox 867 3713 1093 3782; x_wconf 82' lang='grc' dir='ltr'>Κυρίου</span> <span class='ocrx_word' id='word_1_462' title='bbox 1117 3711 1291 3784; x_wconf 73' lang='grc' dir='ltr'><strong>ἡμῶν</strong></span> <span class='ocrx_word' id='word_1_463' title='bbox 1312 3710 1517 3783; x_wconf 84' lang='grc' dir='ltr'>Ἰησοῦ</span> <span class='ocrx_word' id='word_1_464' title='bbox 1543 3714 1804 3784; x_wconf 79' lang='grc' dir='ltr'>Χριστοῦ</span> <span class='ocrx_word' id='word_1_465' title='bbox 1825 3713 1936 3785; x_wconf 70' lang='grc' dir='ltr'>τῆς</span> 
     </span>
    </p>
   </div>
   <div class='ocr_carea' id='block_1_68' title="bbox 329 3802 537 3871">
    <p class='ocr_par' dir='ltr' id='par_1_68' title="bbox 329 3802 537 3871">
     <span class='ocr_line' id='line_1_69' title="bbox 329 3802 537 3871; baseline 0.005 -2"><span class='ocrx_word' id='word_1_466' title='bbox 329 3802 537 3871; x_wconf 82' lang='grc' dir='ltr'><strong>δόξης-</strong></span> 
     </span>
    </p>
   </div>
   <div class='ocr_carea' id='block_1_69' title="bbox 404 3896 1938 3976">
    <p class='ocr_par' dir='ltr' id='par_1_69' title="bbox 404 3896 1938 3976">
     <span class='ocr_line' id='line_1_70' title="bbox 404 3896 1938 3976; baseline 0.003 -25"><span class='ocrx_word' id='word_1_467' title='bbox 404 3898 564 3962; x_wconf 88' lang='grc' dir='ltr'>Τίνος</span> <span class='ocrx_word' id='word_1_468' title='bbox 607 3896 798 3953; x_wconf 69' lang='grc' dir='ltr'>ἕνεκεν</span> <span class='ocrx_word' id='word_1_469' title='bbox 844 3898 911 3954; x_wconf 79' lang='grc' dir='ltr'><strong>σὺ</strong></span> <span class='ocrx_word' id='word_1_470' title='bbox 947 3899 1093 3972; x_wconf 76' lang='grc' dir='ltr'>μέγα</span> <span class='ocrx_word' id='word_1_471' title='bbox 1123 3904 1384 3976; x_wconf 79' lang='grc' dir='ltr'>φρονεῖς,</span> <span class='ocrx_word' id='word_1_472' title='bbox 1429 3902 1636 3973; x_wconf 76' lang='grc' dir='ltr'>φησίνς</span> <span class='ocrx_word' id='word_1_473' title='bbox 1687 3903 1760 3957; x_wconf 85' lang='grc' dir='ltr'>Ἣ</span> <span class='ocrx_word' id='word_1_474' title='bbox 1791 3901 1938 3957; x_wconf 83' lang='grc' dir='ltr'>διατι</span> 
     </span>
    </p>
   </div>
   <div class='ocr_carea' id='block_1_70' title="bbox 329 3990 1938 4068">
    <p class='ocr_par' dir='ltr' id='par_1_70' title="bbox 329 3990 1938 4068">
     <span class='ocr_line' id='line_1_71' title="bbox 329 3990 1938 4068; baseline 0.004 -25"><span class='ocrx_word' id='word_1_475' title='bbox 329 3991 497 4046; x_wconf 86' lang='grc' dir='ltr'>πάλιν</span> <span class='ocrx_word' id='word_1_476' title='bbox 536 3990 724 4064; x_wconf 70' lang='grc' dir='ltr'>ἕτερος</span> <span class='ocrx_word' id='word_1_477' title='bbox 755 3992 948 4049; x_wconf 73' lang='grc' dir='ltr'>ἑαυτὸν</span> <span class='ocrx_word' id='word_1_478' title='bbox 979 3994 1351 4063; x_wconf 79' lang='grc' dir='ltr'>ὲξευτελίζει;</span> <span class='ocrx_word' id='word_1_479' title='bbox 1385 3996 1524 4067; x_wconf 76' lang='grc' dir='ltr'><strong>Οὐχὶ</strong></span> <span class='ocrx_word' id='word_1_480' title='bbox 1555 3995 1719 4068; x_wconf 82' lang='grc' dir='ltr'>σῶμά</span> <span class='ocrx_word' id='word_1_481' title='bbox 1765 3996 1938 4067; x_wconf 71' lang='grc' dir='ltr'>ἐσμεν</span> 
     </span>
    </p>
   </div>
   <div class='ocr_carea' id='block_1_71' title="bbox 331 4081 1937 4157">
    <p class='ocr_par' dir='ltr' id='par_1_71' title="bbox 331 4081 1937 4157">
     <span class='ocr_line' id='line_1_72' title="bbox 331 4081 1937 4157; baseline 0.002 -21"><span class='ocrx_word' id='word_1_482' title='bbox 331 4083 576 4147; x_wconf 77' lang='grc' dir='ltr'>ἅπαντες</span> <span class='ocrx_word' id='word_1_483' title='bbox 596 4081 677 4150; x_wconf 83' lang='grc' dir='ltr'>ἓν,</span> <span class='ocrx_word' id='word_1_484' title='bbox 710 4084 807 4139; x_wconf 77' lang='grc' dir='ltr'>καὶ</span> <span class='ocrx_word' id='word_1_485' title='bbox 834 4085 1068 4156; x_wconf 77' lang='grc' dir='ltr'>μεγάλοι</span> <span class='ocrx_word' id='word_1_486' title='bbox 1095 4087 1190 4141; x_wconf 80' lang='grc' dir='ltr'>καὶ</span> <span class='ocrx_word' id='word_1_487' title='bbox 1215 4087 1444 4157; x_wconf 88' lang='grc' dir='ltr'>μικροί;</span> <span class='ocrx_word' id='word_1_488' title='bbox 1475 4087 1647 4142; x_wconf 86' lang='grc' dir='ltr'>Ὅταν</span> <span class='ocrx_word' id='word_1_489' title='bbox 1666 4082 1761 4141; x_wconf 80' lang='grc' dir='ltr'><strong>οὖν</strong></span> <span class='ocrx_word' id='word_1_490' title='bbox 1790 4086 1937 4141; x_wconf 77' lang='grc' dir='ltr'>κατὰ</span> 
     </span>
    </p>
   </div>
   <div class='ocr_carea' id='block_1_72' title="bbox 325 4171 1936 4252">
    <p class='ocr_par' dir='ltr' id='par_1_72' title="bbox 325 4171 1936 4252">
     <span class='ocr_line' id='line_1_73' title="bbox 325 4171 1936 4252; baseline 0.003 -23"><span class='ocrx_word' id='word_1_491' title='bbox 325 4175 392 4229; x_wconf 83' lang='grc' dir='ltr'><strong>τὸ</strong></span> <span class='ocrx_word' id='word_1_492' title='bbox 415 4175 716 4247; x_wconf 82' lang='grc' dir='ltr'>κεφάλαιον</span> <span class='ocrx_word' id='word_1_493' title='bbox 747 4177 806 4233; x_wconf 84' lang='grc' dir='ltr'>ἓν</span> <span class='ocrx_word' id='word_1_494' title='bbox 833 4171 986 4252; x_wconf 79' lang='grc' dir='ltr'>ὦμεν</span> <span class='ocrx_word' id='word_1_495' title='bbox 1014 4181 1110 4235; x_wconf 74' lang='grc' dir='ltr'><strong>καὶ</strong></span> <span class='ocrx_word' id='word_1_496' title='bbox 1138 4181 1390 4252; x_wconf 86' lang='grc' dir='ltr'>ἀλλήλων</span> <span class='ocrx_word' id='word_1_497' title='bbox 1417 4180 1579 4252; x_wconf 81' lang='grc' dir='ltr'>μέλη,</span> <span class='ocrx_word' id='word_1_498' title='bbox 1611 4180 1666 4234; x_wconf 89' lang='grc' dir='ltr'><strong>τί</strong></span> <span class='ocrx_word' id='word_1_499' title='bbox 1703 4183 1770 4252; x_wconf 80' lang='grc' dir='ltr'>τῇ</span> <span class='ocrx_word' id='word_1_500' title='bbox 1794 4180 1936 4234; x_wconf 83' lang='grc' dir='ltr'>ἀπο-</span> 
     </span>
    </p>
   </div>
   <div class='ocr_carea' id='block_1_73' title="bbox 330 4253 1933 4345">
    <p class='ocr_par' dir='ltr' id='par_1_73' title="bbox 330 4253 1933 4345">
     <span class='ocr_line' id='line_1_74' title="bbox 330 4253 1933 4345; baseline 0.004 -25"><span class='ocrx_word' id='word_1_501' title='bbox 330 4269 454 4340; x_wconf 78' lang='grc' dir='ltr'>νοίᾳ</span> <span class='ocrx_word' id='word_1_502' title='bbox 497 4268 813 4341; x_wconf 79' lang='grc' dir='ltr'>αὐχίζεις¹⁰</span> <span class='ocrx_word' id='word_1_503' title='bbox 863 4253 1206 4339; x_wconf 70' lang='grc' dir='ltr'>σαυτόν;’τί</span> <span class='ocrx_word' id='word_1_504' title='bbox 1254 4271 1491 4345; x_wconf 81' lang='grc' dir='ltr'>αἰσχύνῃ</span> <span class='ocrx_word' id='word_1_505' title='bbox 1529 4271 1623 4326; x_wconf 81' lang='grc' dir='ltr'><strong>τὸν</strong></span> <span class='ocrx_word' id='word_1_506' title='bbox 1669 4272 1933 4343; x_wconf 83' lang='grc' dir='ltr'>ἀδελφόν;</span> 
     </span>
    </p>
   </div>
   <div class='ocr_carea' id='block_1_74' title="bbox 331 4359 1932 4439">
    <p class='ocr_par' dir='ltr' id='par_1_74' title="bbox 331 4359 1932 4439">
     <span class='ocr_line' id='line_1_75' title="bbox 331 4359 1932 4439; baseline 0.006 -26"><span class='ocrx_word' id='word_1_507' title='bbox 331 4359 549 4432; x_wconf 79' lang='grc' dir='ltr'>Ὠσπερ</span> <span class='ocrx_word' id='word_1_508' title='bbox 589 4363 699 4435; x_wconf 85' lang='grc' dir='ltr'><strong>γὰρ</strong></span> <span class='ocrx_word' id='word_1_509' title='bbox 745 4365 954 4431; x_wconf 75' lang='grc' dir='ltr'>ἐκεῖνός</span> <span class='ocrx_word' id='word_1_510' title='bbox 989 4383 1083 4420; x_wconf 89' lang='grc' dir='ltr'><strong>σου</strong></span> <span class='ocrx_word' id='word_1_511' title='bbox 1126 4367 1320 4439; x_wconf 83' lang='grc' dir='ltr'>μέλος,</span> <span class='ocrx_word' id='word_1_512' title='bbox 1368 4366 1515 4422; x_wconf 73' lang='grc' dir='ltr'>οὕτω</span> <span class='ocrx_word' id='word_1_513' title='bbox 1545 4367 1804 4422; x_wconf 84' lang='grc' dir='ltr'>κάκείνου</span> <span class='ocrx_word' id='word_1_514' title='bbox 1833 4367 1932 4433; x_wconf 79' lang='grc' dir='ltr'><strong>σὺ,</strong></span> 
     </span>
    </p>
   </div>
   <div class='ocr_carea' id='block_1_75' title="bbox 331 4454 1359 4532">
    <p class='ocr_par' dir='ltr' id='par_1_75' title="bbox 331 4454 1359 4532">
     <span class='ocr_line' id='line_1_76' title="bbox 331 4454 1359 4532; baseline 0.007 -24"><span class='ocrx_word' id='word_1_515' title='bbox 331 4454 426 4508; x_wconf 62' lang='grc' dir='ltr'><strong>καὶ⁸</strong></span> <span class='ocrx_word' id='word_1_516' title='bbox 455 4455 627 4527; x_wconf 81' lang='grc' dir='ltr'>πολλὴ</span> <span class='ocrx_word' id='word_1_517' title='bbox 656 4457 800 4512; x_wconf 77' lang='grc' dir='ltr'>κατὰ</span> <span class='ocrx_word' id='word_1_518' title='bbox 825 4457 986 4513; x_wconf 89' lang='grc' dir='ltr'>τοῦτο</span> <span class='ocrx_word' id='word_1_519' title='bbox 1015 4460 1049 4530; x_wconf 77' lang='grc' dir='ltr'>ἡ</span> <span class='ocrx_word' id='word_1_520' title='bbox 1074 4459 1359 4532; x_wconf 82' lang='grc' dir='ltr'>ὁμοτιμία.</span> 
     </span>
    </p>
   </div>
   <div class='ocr_carea' id='block_1_76' title="bbox 416 4642 1930 4722">
    <p class='ocr_par' dir='ltr' id='par_1_76' title="bbox 416 4642 1930 4722">
     <span class='ocr_line' id='line_1_77' title="bbox 416 4642 1930 4722; baseline 0.006 -25"><span class='ocrx_word' id='word_1_521' title='bbox 416 4644 499 4699; x_wconf 84' lang='grc' dir='ltr'><strong>Οὐ</strong></span> <span class='ocrx_word' id='word_1_522' title='bbox 532 4642 868 4715; x_wconf 81' lang='grc' dir='ltr'>διεκρίθητε</span> <span class='ocrx_word' id='word_1_523' title='bbox 903 4647 974 4703; x_wconf 80' lang='grc' dir='ltr'><strong>ἐν</strong></span> <span class='ocrx_word' id='word_1_524' title='bbox 999 4648 1241 4716; x_wconf 81' lang='grc' dir='ltr'>ἑαυτοῖς</span> <span class='ocrx_word' id='word_1_525' title='bbox 1276 4649 1376 4704; x_wconf 79' lang='grc' dir='ltr'>καὶ</span> <span class='ocrx_word' id='word_1_526' title='bbox 1419 4647 1703 4722; x_wconf 76' lang='grc' dir='ltr'>ἐγένεσθε</span> <span class='ocrx_word' id='word_1_527' title='bbox 1735 4651 1930 4721; x_wconf 77' lang='grc' dir='ltr'>κριταὶ</span> 
     </span>
    </p>
   </div>
   <div class='ocr_carea' id='block_1_77' title="bbox 326 4733 1078 4809">
    <p class='ocr_par' dir='ltr' id='par_1_77' title="bbox 326 4733 1078 4809">
     <span class='ocr_line' id='line_1_78' title="bbox 326 4733 1078 4809; baseline 0.009 -21"><span class='ocrx_word' id='word_1_528' title='bbox 326 4733 740 4807; x_wconf 69' lang='grc' dir='ltr'>διαλογισμῶν</span> <span class='ocrx_word' id='word_1_529' title='bbox 763 4740 1078 4809; x_wconf 75' lang='grc' dir='ltr'><strong>πονηρῶν;</strong></span> 
     </span>
    </p>
   </div>
   <div class='ocr_carea' id='block_1_78' title="bbox 399 4830 1928 4911">
    <p class='ocr_par' dir='ltr' id='par_1_78' title="bbox 399 4830 1928 4911">
     <span class='ocr_line' id='line_1_79' title="bbox 399 4830 1928 4911; baseline 0.007 -28"><span class='ocrx_word' id='word_1_530' title='bbox 399 4830 474 4884; x_wconf 84' lang='grc' dir='ltr'><strong>Τὸ</strong></span> <span class='ocrx_word' id='word_1_531' title='bbox 505 4830 640 4885; x_wconf 82' lang='grc' dir='ltr'>αὐτὸ</span> <span class='ocrx_word' id='word_1_532' title='bbox 681 4833 762 4896; x_wconf 84' lang='grc' dir='ltr'><strong>είς</strong></span> <span class='ocrx_word' id='word_1_533' title='bbox 809 4833 1076 4906; x_wconf 83' lang='grc' dir='ltr'>ἀλλήλους</span> <span class='ocrx_word' id='word_1_534' title='bbox 1117 4836 1472 4908; x_wconf 79' lang='grc' dir='ltr'>φρονοῦντες.</span> <span class='ocrx_word' id='word_1_535' title='bbox 1517 4838 1862 4911; x_wconf 80' lang='grc' dir='ltr'>Παρεγένετο</span> <span class='ocrx_word' id='word_1_536' title='bbox 1900 4841 1928 4893; x_wconf 83' lang='grc' dir='ltr'>ὁ</span> 
     </span>
    </p>
   </div>
   <div class='ocr_carea' id='block_1_79' title="bbox 328 4921 1928 5008">
    <p class='ocr_par' dir='ltr' id='par_1_79' title="bbox 328 4921 1928 5008">
     <span class='ocr_line' id='line_1_80' title="bbox 328 4921 1928 5008; baseline 0.008 -34"><span class='ocrx_word' id='word_1_537' title='bbox 328 4921 521 4994; x_wconf 80' lang='grc' dir='ltr'>πένης·</span> <span class='ocrx_word' id='word_1_538' title='bbox 553 4924 715 4992; x_wconf 87' lang='grc' dir='ltr'>γενοῦ</span> <span class='ocrx_word' id='word_1_539' title='bbox 751 4925 874 4980; x_wconf 88' lang='grc' dir='ltr'>κατ’</span> <span class='ocrx_word' id='word_1_540' title='bbox 920 4927 1086 4982; x_wconf 84' lang='grc' dir='ltr'>αὐτὸν</span> <span class='ocrx_word' id='word_1_541' title='bbox 1111 4929 1153 4961; x_wconf 81' lang='grc'>¹¹</span> <span class='ocrx_word' id='word_1_542' title='bbox 1193 4929 1274 5004; x_wconf 86' lang='grc' dir='ltr'>τῷ</span> <span class='ocrx_word' id='word_1_543' title='bbox 1307 4934 1642 5005; x_wconf 82' lang='grc' dir='ltr'>φρονήματι·</span> <span class='ocrx_word' id='word_1_544' title='bbox 1677 4933 1754 5008; x_wconf 79' lang='grc' dir='ltr'>μὴ</span> <span class='ocrx_word' id='word_1_545' title='bbox 1807 4934 1928 5006; x_wconf 88' lang='grc' dir='ltr'>μεί-</span> 
     </span>
    </p>
   </div>
   <div class='ocr_carea' id='block_1_80' title="bbox 328 5013 1935 5093">
    <p class='ocr_par' dir='ltr' id='par_1_80' title="bbox 328 5013 1935 5093">
     <span class='ocr_line' id='line_1_81' title="bbox 328 5013 1935 5093; baseline 0.008 -25"><span class='ocrx_word' id='word_1_546' title='bbox 328 5013 458 5078; x_wconf 78' lang='grc' dir='ltr'>ζονα</span> <span class='ocrx_word' id='word_1_547' title='bbox 483 5019 804 5093; x_wconf 80' lang='grc' dir='ltr'>καταϐάλῃς</span> <span class='ocrx_word' id='word_1_548' title='bbox 837 5022 1006 5092; x_wconf 76' lang='grc' dir='ltr'>ὄγκον</span> <span class='ocrx_word' id='word_1_549' title='bbox 1034 5023 1122 5078; x_wconf 78' lang='grc' dir='ltr'>διὰ</span> <span class='ocrx_word' id='word_1_550' title='bbox 1155 5025 1247 5080; x_wconf 82' lang='grc' dir='ltr'><strong>τὸν</strong></span> <span class='ocrx_word' id='word_1_551' title='bbox 1277 5027 1532 5082; x_wconf 76' lang='grc' dir='ltr'><strong>πλοῦτον⁸</strong></span> <span class='ocrx_word' id='word_1_552' title='bbox 1559 5029 1662 5082; x_wconf 82' lang='grc' dir='ltr'><strong>οὐκ</strong></span> <span class='ocrx_word' id='word_1_553' title='bbox 1691 5022 1808 5084; x_wconf 80' lang='grc' dir='ltr'><strong>ἔστί</strong></span> <span class='ocrx_word' id='word_1_554' title='bbox 1835 5029 1935 5084; x_wconf 67' lang='grc' dir='ltr'><strong>πέρ</strong></span> 
     </span>
    </p>
   </div>
   <div class='ocr_carea' id='block_1_81' title="bbox 327 5114 1934 5195">
    <p class='ocr_par' dir='ltr' id='par_1_81' title="bbox 327 5114 1934 5195">
     <span class='ocr_line' id='line_1_82' title="bbox 327 5114 1934 5195; baseline 0.009 -31"><span class='ocrx_word' id='word_1_555' title='bbox 327 5127 428 5180; x_wconf 88' lang='grc' dir='ltr'>νης</span> <span class='ocrx_word' id='word_1_556' title='bbox 475 5114 572 5167; x_wconf 60' lang='grc' dir='ltr'><strong>καὶ⁸</strong></span> <span class='ocrx_word' id='word_1_557' title='bbox 607 5114 868 5182; x_wconf 85' lang='grc' dir='ltr'>πλούσιος</span> <span class='ocrx_word' id='word_1_558' title='bbox 913 5119 974 5172; x_wconf 82' lang='grc' dir='ltr'>ὲν</span> <span class='ocrx_word' id='word_1_559' title='bbox 1017 5118 1258 5190; x_wconf 79' lang='grc' dir='ltr'>Χριστῷ.</span> <span class='ocrx_word' id='word_1_560' title='bbox 1307 5121 1400 5194; x_wconf 83' lang='grc' dir='ltr'><strong>Μὴ</strong></span> <span class='ocrx_word' id='word_1_561' title='bbox 1450 5122 1632 5177; x_wconf 88' lang='grc' dir='ltr'>τοίνυν</span> <span class='ocrx_word' id='word_1_562' title='bbox 1666 5124 1934 5195; x_wconf 76' lang='grc' dir='ltr'>ἐπαισχύ-</span> 
     </span>
    </p>
   </div>
   <div class='ocr_carea' id='block_1_82' title="bbox 326 5203 1933 5283">
    <p class='ocr_par' dir='ltr' id='par_1_82' title="bbox 326 5203 1933 5283">
     <span class='ocr_line' id='line_1_83' title="bbox 326 5203 1933 5283; baseline 0.008 -26"><span class='ocrx_word' id='word_1_563' title='bbox 326 5218 426 5276; x_wconf 83' lang='grc' dir='ltr'>νῃς</span> <span class='ocrx_word' id='word_1_564' title='bbox 449 5204 491 5236; x_wconf 85' lang='grc'><strong>¹²</strong></span> <span class='ocrx_word' id='word_1_565' title='bbox 521 5203 612 5259; x_wconf 82' lang='grc' dir='ltr'>διὰ</span> <span class='ocrx_word' id='word_1_566' title='bbox 647 5206 750 5278; x_wconf 78' lang='grc' dir='ltr'>τὴν</span> <span class='ocrx_word' id='word_1_567' title='bbox 783 5206 990 5274; x_wconf 73' lang='grc' dir='ltr'>ἔξωθεν</span> <span class='ocrx_word' id='word_1_568' title='bbox 1025 5209 1346 5283; x_wconf 77' lang='grc' dir='ltr'>περιϐολὴν,</span> <span class='ocrx_word' id='word_1_569' title='bbox 1382 5212 1521 5267; x_wconf 81' lang='grc' dir='ltr'>ἀλλὰ</span> <span class='ocrx_word' id='word_1_570' title='bbox 1555 5213 1816 5282; x_wconf 81' lang='grc' dir='ltr'>ἀπόδεξαι</span> <span class='ocrx_word' id='word_1_571' title='bbox 1842 5215 1933 5272; x_wconf 83' lang='grc' dir='ltr'>διὰ</span> 
     </span>
    </p>
   </div>
   <div class='ocr_carea' id='block_1_83' title="bbox 325 5295 849 5366">
    <p class='ocr_par' dir='ltr' id='par_1_83' title="bbox 325 5295 849 5366">
     <span class='ocr_line' id='line_1_84' title="bbox 325 5295 849 5366; baseline 0.017 -18"><span class='ocrx_word' id='word_1_572' title='bbox 325 5296 428 5366; x_wconf 77' lang='grc' dir='ltr'><strong>τὴν</strong></span> <span class='ocrx_word' id='word_1_573' title='bbox 457 5295 608 5353; x_wconf 78' lang='grc' dir='ltr'>ἔνδον</span> <span class='ocrx_word' id='word_1_574' title='bbox 641 5298 849 5356; x_wconf 88' lang='grc' dir='ltr'>πίστιν.</span> 
     </span>
    </p>
   </div>
   <div class='ocr_carea' id='block_1_84' title="bbox 410 5388 1932 5473">
    <p class='ocr_par' dir='ltr' id='par_1_84' title="bbox 410 5388 1932 5473">
     <span class='ocr_line' id='line_1_85' title="bbox 410 5388 1932 5473; baseline 0.009 -30"><span class='ocrx_word' id='word_1_575' title='bbox 410 5388 763 5460; x_wconf 85' lang='grc' dir='ltr'>Ἀκούσατε,</span> <span class='ocrx_word' id='word_1_576' title='bbox 806 5393 1063 5465; x_wconf 81' lang='grc' dir='ltr'>ἀδελφοί</span> <span class='ocrx_word' id='word_1_577' title='bbox 1095 5395 1228 5467; x_wconf 84' lang='grc' dir='ltr'>’μου</span> <span class='ocrx_word' id='word_1_578' title='bbox 1245 5399 1692 5473; x_wconf 69' lang='grc' dir='ltr'>ἁγαπητοὶ,οῠχ</span> <span class='ocrx_word' id='word_1_579' title='bbox 1722 5404 1756 5457; x_wconf 84' lang='grc' dir='ltr'><em>ὀ</em></span> <span class='ocrx_word' id='word_1_580' title='bbox 1787 5401 1932 5471; x_wconf 85' lang='grc' dir='ltr'>Θεὸς</span> 
     </span>
    </p>
   </div>
   <div class='ocr_carea' id='block_1_85' title="bbox 325 5481 1928 5567">
    <p class='ocr_par' dir='ltr' id='par_1_85' title="bbox 325 5481 1928 5567">
     <span class='ocr_line' id='line_1_86' title="bbox 325 5481 1928 5567; baseline 0.01 -31"><span class='ocrx_word' id='word_1_581' title='bbox 325 5481 651 5549; x_wconf 79' lang='grc' dir='ltr'>ἐξελέξατο</span> <span class='ocrx_word' id='word_1_582' title='bbox 703 5486 848 5555; x_wconf 83' lang='grc' dir='ltr'>τοὺς</span> <span class='ocrx_word' id='word_1_583' title='bbox 905 5492 1186 5562; x_wconf 84' lang='grc' dir='ltr'>πτωχοὺς</span> <span class='ocrx_word' id='word_1_584' title='bbox 1237 5494 1346 5550; x_wconf 84' lang='grc' dir='ltr'><strong>τοῦ</strong></span> <span class='ocrx_word' id='word_1_585' title='bbox 1404 5497 1640 5567; x_wconf 79' lang='grc' dir='ltr'>κόσμου</span> <span class='ocrx_word' id='word_1_586' title='bbox 1669 5539 1686 5564; x_wconf 94' lang='grc'><strong>,</strong></span> <span class='ocrx_word' id='word_1_587' title='bbox 1735 5499 1928 5552; x_wconf 77' lang='grc' dir='ltr'>πλου-</span> 
     </span>
    </p>
   </div>
   <div class='ocr_carea' id='block_1_86' title="bbox 399 5664 1412 5745">
    <p class='ocr_par' dir='ltr' id='par_1_86' title="bbox 399 5664 1412 5745">
     <span class='ocr_line' id='line_1_87' title="bbox 399 5664 1412 5745; baseline 0.012 -24"><span class='ocrx_word' id='word_1_588' title='bbox 399 5664 423 5697; x_wconf 85' lang='grc'><strong>⁶</strong></span> <span class='ocrx_word' id='word_1_589' title='bbox 452 5664 588 5726; x_wconf 89' lang='lat' dir='ltr'><strong>Luc.</strong></span> <span class='ocrx_word' id='word_1_590' title='bbox 617 5683 695 5736; x_wconf 81' lang='grc' dir='ltr'><strong>νι,</strong></span> <span class='ocrx_word' id='word_1_591' title='bbox 726 5669 815 5726; x_wconf 81' lang='lat'><strong>56.</strong></span> <span class='ocrx_word' id='word_1_592' title='bbox 897 5671 939 5726; x_wconf 93' lang='lat'><strong>&quot;.</strong></span> <span class='ocrx_word' id='word_1_593' title='bbox 984 5671 1178 5731; x_wconf 84' lang='lat' dir='ltr'><strong>Matth.</strong></span> <span class='ocrx_word' id='word_1_594' title='bbox 1208 5691 1286 5745; x_wconf 67' lang='grc' dir='ltr'>ις,</span> <span class='ocrx_word' id='word_1_595' title='bbox 1323 5676 1412 5732; x_wconf 76' lang='grc'><strong>1⁸5.</strong></span> 
     </span>
    </p>
   </div>
   <div class='ocr_carea' id='block_1_87' title="bbox 400 5825 2029 5908">
    <p class='ocr_par' dir='ltr' id='par_1_87' title="bbox 400 5825 2029 5908">
     <span class='ocr_line' id='line_1_88' title="bbox 400 5825 2029 5908; baseline 0.006 -27"><span class='ocrx_word' id='word_1_596' title='bbox 400 5825 510 5908; x_wconf 58' lang='grc'><strong>⁷-0.</strong></span> <span class='ocrx_word' id='word_1_597' title='bbox 543 5826 608 5883; x_wconf 89' lang='lat' dir='ltr'><strong>C.</strong></span> <span class='ocrx_word' id='word_1_598' title='bbox 639 5827 702 5908; x_wconf 72' lang='grc' dir='ltr'><strong>τὸ</strong></span> <span class='ocrx_word' id='word_1_599' title='bbox 729 5844 801 5908; x_wconf 58' lang='lat' dir='ltr'><strong>ex</strong></span> <span class='ocrx_word' id='word_1_600' title='bbox 826 5841 1068 5908; x_wconf 48' lang='lat' dir='ltr'><strong>correct.</strong></span> <span class='ocrx_word' id='word_1_601' title='bbox 1147 5833 1168 5864; x_wconf 81' lang='grc'>⁸</span> <span class='ocrx_word' id='word_1_602' title='bbox 1291 5833 1353 5890; x_wconf 90' lang='lat' dir='ltr'><strong>C.</strong></span> <span class='ocrx_word' id='word_1_603' title='bbox 1391 5832 1541 5908; x_wconf 74' lang='grc' dir='ltr'>περί.</span> <span class='ocrx_word' id='word_1_604' title='bbox 1623 5835 1720 5892; x_wconf 74' lang='grc' dir='ltr'>Ὀ.</span> <span class='ocrx_word' id='word_1_605' title='bbox 1752 5835 1812 5892; x_wconf 87' lang='lat' dir='ltr'><strong>C.</strong></span> <span class='ocrx_word' id='word_1_606' title='bbox 1848 5833 2029 5907; x_wconf 82' lang='grc' dir='ltr'>ἡμῶν.</span> 
     </span>
    </p>
   </div>
   <div class='ocr_carea' id='block_1_88' title="bbox 337 5896 1304 5974">
    <p class='ocr_par' dir='ltr' id='par_1_88' title="bbox 337 5896 1304 5974">
     <span class='ocr_line' id='line_1_89' title="bbox 337 5896 1304 5974; baseline 0.012 -26"><span class='ocrx_word' id='word_1_607' title='bbox 337 5896 566 5956; x_wconf 74' lang='grc' dir='ltr'>ἐκεῖνον.</span> <span class='ocrx_word' id='word_1_608' title='bbox 652 5897 669 5927; x_wconf 74' lang='grc'>⁸</span> <span class='ocrx_word' id='word_1_609' title='bbox 722 5900 782 5957; x_wconf 86' lang='lat' dir='ltr'><strong>C.</strong></span> <span class='ocrx_word' id='word_1_610' title='bbox 818 5902 878 5959; x_wconf 85' lang='lat' dir='ltr'><strong>C.</strong></span> <span class='ocrx_word' id='word_1_611' title='bbox 912 5905 1304 5974; x_wconf 83' lang='grc' dir='ltr'>ἐπαισχυνθῇς.</span> 
     </span>
    </p>
   </div>
   <div class='ocr_carea' id='block_1_89' title="bbox 2037 3287 3638 3365">
    <p class='ocr_par' dir='ltr' id='par_1_89' title="bbox 2037 3287 3638 3365">
     <span class='ocr_line' id='line_1_90' title="bbox 2037 3287 3638 3365; baseline -0.011 -4"><span class='ocrx_word' id='word_1_612' title='bbox 2037 3303 2177 3361; x_wconf 79' lang='lat' dir='ltr'><strong>bes?</strong></span> <span class='ocrx_word' id='word_1_613' title='bbox 2207 3299 2640 3358; x_wconf 82' lang='lat' dir='ltr'><strong>Misericordiam</strong></span> <span class='ocrx_word' id='word_1_614' title='bbox 2666 3295 2806 3365; x_wconf 75' lang='lat' dir='ltr'><strong>volo,</strong></span> <span class='ocrx_word' id='word_1_615' title='bbox 2841 3294 2998 3363; x_wconf 84' lang='lat' dir='ltr'><strong>dicit,</strong></span> <span class='ocrx_word' id='word_1_616' title='bbox 3021 3302 3072 3349; x_wconf 91' lang='lat' dir='ltr'><strong>et</strong></span> <span class='ocrx_word' id='word_1_617' title='bbox 3105 3308 3211 3348; x_wconf 89' lang='lat' dir='ltr'><strong>non</strong></span> <span class='ocrx_word' id='word_1_618' title='bbox 3238 3288 3560 3361; x_wconf 74' lang='lat' dir='ltr'><strong>sacriﬁcium</strong></span> <span class='ocrx_word' id='word_1_619' title='bbox 3590 3287 3638 3344; x_wconf 83' lang='grc'>⁷.</span> 
     </span>
    </p>
   </div>
   <div class='ocr_carea' id='block_1_90' title="bbox 2709 3506 2962 3566">
    <p class='ocr_par' dir='ltr' id='par_1_90' title="bbox 2709 3506 2962 3566">
     <span class='ocr_line' id='line_1_91' title="bbox 2709 3506 2962 3566; baseline -0.008 0"><span class='ocrx_word' id='word_1_620' title='bbox 2709 3507 2864 3566; x_wconf 85' lang='lat' dir='ltr'><strong>CAP.</strong></span> <span class='ocrx_word' id='word_1_621' title='bbox 2895 3506 2962 3564; x_wconf 89' lang='lat' dir='ltr'><strong>ll.</strong></span> 
     </span>
    </p>
   </div>
   <div class='ocr_carea' id='block_1_91' title="bbox 2116 3615 3639 3686">
    <p class='ocr_par' dir='ltr' id='par_1_91' title="bbox 2116 3615 3639 3686">
     <span class='ocr_line' id='line_1_92' title="bbox 2116 3615 3639 3686; baseline -0.014 -2"><span class='ocrx_word' id='word_1_622' title='bbox 2116 3627 2288 3684; x_wconf 73' lang='lat' dir='ltr'><strong>Vsus.</strong></span> <span class='ocrx_word' id='word_1_623' title='bbox 2330 3627 2384 3682; x_wconf 77' lang='lat' dir='ltr'><strong>l.</strong></span> <span class='ocrx_word' id='word_1_624' title='bbox 2423 3621 2644 3678; x_wconf 78' lang='lat' dir='ltr'><strong>Fratres</strong></span> <span class='ocrx_word' id='word_1_625' title='bbox 2675 3622 2802 3686; x_wconf 90' lang='lat' dir='ltr'><strong>mei,</strong></span> <span class='ocrx_word' id='word_1_626' title='bbox 2837 3618 3000 3675; x_wconf 81' lang='lat' dir='ltr'><strong>nolite</strong></span> <span class='ocrx_word' id='word_1_627' title='bbox 3033 3617 3092 3672; x_wconf 90' lang='lat' dir='ltr'><strong>in</strong></span> <span class='ocrx_word' id='word_1_628' title='bbox 3113 3615 3495 3686; x_wconf 84' lang='lat' dir='ltr'><strong>’personarunt</strong></span> <span class='ocrx_word' id='word_1_629' title='bbox 3541 3622 3639 3663; x_wconf 81' lang='lat' dir='ltr'><strong>ac-</strong></span> 
     </span>
    </p>
   </div>
   <div class='ocr_carea' id='block_1_92' title="bbox 2039 3699 3641 3792">
    <p class='ocr_par' dir='ltr' id='par_1_92' title="bbox 2039 3699 3641 3792">
     <span class='ocr_line' id='line_1_93' title="bbox 2039 3699 3641 3792; baseline -0.016 -14"><span class='ocrx_word' id='word_1_630' title='bbox 2039 3723 2280 3792; x_wconf 85' lang='lat' dir='ltr'><strong>ceptione</strong></span> <span class='ocrx_word' id='word_1_631' title='bbox 2341 3718 2534 3774; x_wconf 80' lang='lat' dir='ltr'><strong>habere</strong></span> <span class='ocrx_word' id='word_1_632' title='bbox 2566 3715 2725 3785; x_wconf 79' lang='lat' dir='ltr'><strong>ﬁdem</strong></span> <span class='ocrx_word' id='word_1_633' title='bbox 2773 3710 2988 3768; x_wconf 85' lang='lat' dir='ltr'><strong>Domini</strong></span> <span class='ocrx_word' id='word_1_634' title='bbox 3044 3708 3215 3764; x_wconf 80' lang='lat' dir='ltr'><strong>nostri</strong></span> <span class='ocrx_word' id='word_1_635' title='bbox 3246 3703 3380 3763; x_wconf 70' lang='lat' dir='ltr'><strong>Iesu</strong></span> <span class='ocrx_word' id='word_1_636' title='bbox 3436 3699 3641 3761; x_wconf 83' lang='lat' dir='ltr'><strong>Christi</strong></span> 
     </span>
    </p>
   </div>
   <div class='ocr_carea' id='block_1_93' title="bbox 2040 3816 2248 3888">
    <p class='ocr_par' dir='ltr' id='par_1_93' title="bbox 2040 3816 2248 3888">
     <span class='ocr_line' id='line_1_94' title="bbox 2040 3816 2248 3888; baseline 0.005 -18"><span class='ocrx_word' id='word_1_637' title='bbox 2040 3816 2248 3888; x_wconf 64' lang='lat' dir='ltr'><strong>gloriae.</strong></span> 
     </span>
    </p>
   </div>
   <div class='ocr_carea' id='block_1_94' title="bbox 2113 3895 3643 3980">
    <p class='ocr_par' dir='ltr' id='par_1_94' title="bbox 2113 3895 3643 3980">
     <span class='ocr_line' id='line_1_95' title="bbox 2113 3895 3643 3980; baseline -0.012 -13"><span class='ocrx_word' id='word_1_638' title='bbox 2113 3910 2254 3980; x_wconf 82' lang='lat' dir='ltr'><strong>Quid</strong></span> <span class='ocrx_word' id='word_1_639' title='bbox 2284 3916 2369 3966; x_wconf 89' lang='lat' dir='ltr'><strong>est</strong></span> <span class='ocrx_word' id='word_1_640' title='bbox 2394 3907 2536 3980; x_wconf 88' lang='lat' dir='ltr'><strong>quod</strong></span> <span class='ocrx_word' id='word_1_641' title='bbox 2571 3906 2638 3964; x_wconf 94' lang='lat' dir='ltr'><strong>de</strong></span> <span class='ocrx_word' id='word_1_642' title='bbox 2672 3912 2726 3961; x_wconf 88' lang='lat' dir='ltr'><strong>te</strong></span> <span class='ocrx_word' id='word_1_643' title='bbox 2775 3900 3013 3974; x_wconf 84' lang='lat' dir='ltr'><strong>superbe</strong></span> <span class='ocrx_word' id='word_1_644' title='bbox 3055 3897 3252 3965; x_wconf 85' lang='lat' dir='ltr'><strong>sentis,</strong></span> <span class='ocrx_word' id='word_1_645' title='bbox 3275 3895 3402 3952; x_wconf 90' lang='lat' dir='ltr'><strong>dum</strong></span> <span class='ocrx_word' id='word_1_646' title='bbox 3448 3908 3482 3952; x_wconf 91' lang='lat' dir='ltr'><strong>e</strong></span> <span class='ocrx_word' id='word_1_647' title='bbox 3508 3907 3643 3951; x_wconf 85' lang='lat' dir='ltr'><strong>con-</strong></span> 
     </span>
    </p>
   </div>
   <div class='ocr_carea' id='block_1_95' title="bbox 2043 3991 3642 4071">
    <p class='ocr_par' dir='ltr' id='par_1_95' title="bbox 2043 3991 3642 4071">
     <span class='ocr_line' id='line_1_96' title="bbox 2043 3991 3642 4071; baseline -0.011 -9"><span class='ocrx_word' id='word_1_648' title='bbox 2043 4021 2230 4070; x_wconf 89' lang='lat' dir='ltr'><strong>verso,</strong></span> <span class='ocrx_word' id='word_1_649' title='bbox 2271 4003 2416 4060; x_wconf 87' lang='lat' dir='ltr'><strong>alter</strong></span> <span class='ocrx_word' id='word_1_650' title='bbox 2475 4000 2715 4071; x_wconf 89' lang='lat' dir='ltr'><strong>teipsum</strong></span> <span class='ocrx_word' id='word_1_651' title='bbox 2777 3994 3126 4054; x_wconf 81' lang='lat' dir='ltr'><strong>contemnit?</strong></span> <span class='ocrx_word' id='word_1_652' title='bbox 3189 3991 3390 4048; x_wconf 83' lang='lat' dir='ltr'><strong>Nonne</strong></span> <span class='ocrx_word' id='word_1_653' title='bbox 3443 4003 3642 4058; x_wconf 87' lang='lat' dir='ltr'><strong>corpus</strong></span> 
     </span>
    </p>
   </div>
   <div class='ocr_carea' id='block_1_96' title="bbox 2041 4084 3639 4162">
    <p class='ocr_par' dir='ltr' id='par_1_96' title="bbox 2041 4084 3639 4162">
     <span class='ocr_line' id='line_1_97' title="bbox 2041 4084 3639 4162; baseline -0.014 -5"><span class='ocrx_word' id='word_1_654' title='bbox 2041 4115 2213 4157; x_wconf 88' lang='lat' dir='ltr'><strong>unum</strong></span> <span class='ocrx_word' id='word_1_655' title='bbox 2240 4111 2433 4156; x_wconf 88' lang='lat' dir='ltr'><strong>sumus</strong></span> <span class='ocrx_word' id='word_1_656' title='bbox 2453 4108 2672 4161; x_wconf 89' lang='lat' dir='ltr'><strong>omnes,</strong></span> <span class='ocrx_word' id='word_1_657' title='bbox 2703 4098 2759 4148; x_wconf 91' lang='lat' dir='ltr'><strong>et</strong></span> <span class='ocrx_word' id='word_1_658' title='bbox 2785 4089 2970 4162; x_wconf 89' lang='lat' dir='ltr'><strong>magni</strong></span> <span class='ocrx_word' id='word_1_659' title='bbox 2996 4097 3054 4146; x_wconf 90' lang='lat' dir='ltr'><strong>et</strong></span> <span class='ocrx_word' id='word_1_660' title='bbox 3079 4085 3272 4160; x_wconf 84' lang='lat' dir='ltr'><strong>parvi?</strong></span> <span class='ocrx_word' id='word_1_661' title='bbox 3310 4084 3452 4140; x_wconf 88' lang='lat' dir='ltr'><strong>Dum</strong></span> <span class='ocrx_word' id='word_1_662' title='bbox 3477 4095 3639 4152; x_wconf 89' lang='lat' dir='ltr'><strong>ergo,</strong></span> 
     </span>
    </p>
   </div>
   <div class='ocr_carea' id='block_1_97' title="bbox 2043 4172 3643 4260">
    <p class='ocr_par' dir='ltr' id='par_1_97' title="bbox 2043 4172 3643 4260">
     <span class='ocr_line' id='line_1_98' title="bbox 2043 4172 3643 4260; baseline -0.016 -9"><span class='ocrx_word' id='word_1_663' title='bbox 2043 4191 2346 4251; x_wconf 87' lang='lat' dir='ltr'><strong>secundum</strong></span> <span class='ocrx_word' id='word_1_664' title='bbox 2373 4189 2518 4260; x_wconf 89' lang='lat' dir='ltr'><strong>quod</strong></span> <span class='ocrx_word' id='word_1_665' title='bbox 2546 4185 2879 4258; x_wconf 70' lang='lat' dir='ltr'><strong>praecipuum</strong></span> <span class='ocrx_word' id='word_1_666' title='bbox 2909 4192 3016 4248; x_wconf 84' lang='lat' dir='ltr'><strong>est,</strong></span> <span class='ocrx_word' id='word_1_667' title='bbox 3041 4194 3210 4234; x_wconf 91' lang='lat' dir='ltr'><strong>unum</strong></span> <span class='ocrx_word' id='word_1_668' title='bbox 3240 4189 3452 4240; x_wconf 90' lang='lat' dir='ltr'><strong>sumus,</strong></span> <span class='ocrx_word' id='word_1_669' title='bbox 3473 4180 3532 4229; x_wconf 93' lang='lat' dir='ltr'><strong>et</strong></span> <span class='ocrx_word' id='word_1_670' title='bbox 3563 4172 3643 4227; x_wconf 89' lang='lat' dir='ltr'><strong>al-</strong></span> 
     </span>
    </p>
   </div>
   <div class='ocr_carea' id='block_1_98' title="bbox 2041 4260 3642 4344">
    <p class='ocr_par' dir='ltr' id='par_1_98' title="bbox 2041 4260 3642 4344">
     <span class='ocr_line' id='line_1_99' title="bbox 2041 4260 3642 4344; baseline -0.014 -6"><span class='ocrx_word' id='word_1_671' title='bbox 2041 4291 2128 4338; x_wconf 92' lang='lat' dir='ltr'><strong>ter</strong></span> <span class='ocrx_word' id='word_1_672' title='bbox 2157 4279 2382 4337; x_wconf 89' lang='lat' dir='ltr'><strong>alterius</strong></span> <span class='ocrx_word' id='word_1_673' title='bbox 2408 4278 2680 4341; x_wconf 88' lang='lat' dir='ltr'><strong>membra,</strong></span> <span class='ocrx_word' id='word_1_674' title='bbox 2714 4273 2845 4344; x_wconf 91' lang='lat' dir='ltr'><strong>quid</strong></span> <span class='ocrx_word' id='word_1_675' title='bbox 2895 4281 2949 4326; x_wconf 91' lang='lat' dir='ltr'><strong>tu</strong></span> <span class='ocrx_word' id='word_1_676' title='bbox 2985 4265 3474 4326; x_wconf 89' lang='lat' dir='ltr'><strong>intolerantissime</strong></span> <span class='ocrx_word' id='word_1_677' title='bbox 3531 4260 3642 4334; x_wconf 86' lang='lat' dir='ltr'><strong>glo-</strong></span> 
     </span>
    </p>
   </div>
   <div class='ocr_carea' id='block_1_99' title="bbox 2044 4356 3640 4447">
    <p class='ocr_par' dir='ltr' id='par_1_99' title="bbox 2044 4356 3640 4447">
     <span class='ocr_line' id='line_1_100' title="bbox 2044 4356 3640 4447; baseline -0.014 -13"><span class='ocrx_word' id='word_1_678' title='bbox 2044 4379 2230 4443; x_wconf 89' lang='lat' dir='ltr'><strong>riaris,</strong></span> <span class='ocrx_word' id='word_1_679' title='bbox 2254 4375 2387 4447; x_wconf 91' lang='lat' dir='ltr'><strong>quid</strong></span> <span class='ocrx_word' id='word_1_680' title='bbox 2432 4372 2659 4429; x_wconf 82' lang='lat' dir='ltr'><strong>fratrem</strong></span> <span class='ocrx_word' id='word_1_681' title='bbox 2704 4366 3036 4424; x_wconf 90' lang='lat' dir='ltr'><strong>contumelia</strong></span> <span class='ocrx_word' id='word_1_682' title='bbox 3071 4377 3237 4418; x_wconf 81' lang='lat' dir='ltr'><strong>vexas</strong></span> <span class='ocrx_word' id='word_1_683' title='bbox 3254 4361 3280 4414; x_wconf 78' lang='lat' dir='ltr'><strong>‘i</strong></span> <span class='ocrx_word' id='word_1_684' title='bbox 3305 4359 3462 4415; x_wconf 93' lang='lat' dir='ltr'><strong>Sicut</strong></span> <span class='ocrx_word' id='word_1_685' title='bbox 3488 4356 3640 4415; x_wconf 91' lang='lat' dir='ltr'><strong>enim</strong></span> 
     </span>
    </p>
   </div>
   <div class='ocr_carea' id='block_1_100' title="bbox 2043 4451 3641 4532">
    <p class='ocr_par' dir='ltr' id='par_1_100' title="bbox 2043 4451 3641 4532">
     <span class='ocr_line' id='line_1_101' title="bbox 2043 4451 3641 4532; baseline -0.016 -4"><span class='ocrx_word' id='word_1_686' title='bbox 2043 4473 2146 4528; x_wconf 91' lang='lat' dir='ltr'><strong>iste</strong></span> <span class='ocrx_word' id='word_1_687' title='bbox 2177 4469 2484 4526; x_wconf 90' lang='lat' dir='ltr'><strong>membrum</strong></span> <span class='ocrx_word' id='word_1_688' title='bbox 2519 4475 2692 4532; x_wconf 91' lang='lat' dir='ltr'><strong>tuum,</strong></span> <span class='ocrx_word' id='word_1_689' title='bbox 2717 4461 2798 4519; x_wconf 92' lang='lat' dir='ltr'><strong>sic</strong></span> <span class='ocrx_word' id='word_1_690' title='bbox 2818 4470 2874 4517; x_wconf 91' lang='lat' dir='ltr'><strong>et</strong></span> <span class='ocrx_word' id='word_1_691' title='bbox 2902 4469 2956 4516; x_wconf 93' lang='lat' dir='ltr'><strong>tu</strong></span> <span class='ocrx_word' id='word_1_692' title='bbox 2984 4456 3178 4530; x_wconf 86' lang='lat' dir='ltr'><strong>ipsius,</strong></span> <span class='ocrx_word' id='word_1_693' title='bbox 3203 4463 3260 4511; x_wconf 91' lang='lat' dir='ltr'><strong>et</strong></span> <span class='ocrx_word' id='word_1_694' title='bbox 3289 4451 3418 4509; x_wconf 90' lang='lat' dir='ltr'><strong>inde</strong></span> <span class='ocrx_word' id='word_1_695' title='bbox 3444 4462 3641 4522; x_wconf 79' lang='lat' dir='ltr'><strong>magna</strong></span> 
     </span>
    </p>
   </div>
   <div class='ocr_carea' id='block_1_101' title="bbox 1965 4561 2608 4634">
    <p class='ocr_par' dir='ltr' id='par_1_101' title="bbox 1965 4561 2608 4634">
     <span class='ocr_line' id='line_1_102' title="bbox 1965 4561 2608 4634; baseline -0.014 -11"><span class='ocrx_word' id='word_1_696' title='bbox 1965 4575 2013 4632; x_wconf 83' lang='lat'><strong>1)</strong></span> <span class='ocrx_word' id='word_1_697' title='bbox 2043 4566 2268 4622; x_wconf 88' lang='lat' dir='ltr'><strong>honoris</strong></span> <span class='ocrx_word' id='word_1_698' title='bbox 2303 4561 2608 4634; x_wconf 63' lang='lat' dir='ltr'><strong>mqualitas.</strong></span> 
     </span>
    </p>
   </div>
   <div class='ocr_carea' id='block_1_102' title="bbox 2117 4639 3642 4723">
    <p class='ocr_par' dir='ltr' id='par_1_102' title="bbox 2117 4639 3642 4723">
     <span class='ocr_line' id='line_1_103' title="bbox 2117 4639 3642 4723; baseline -0.017 -7"><span class='ocrx_word' id='word_1_699' title='bbox 2117 4659 2287 4716; x_wconf 76' lang='lat' dir='ltr'><strong>Vsus.</strong></span> <span class='ocrx_word' id='word_1_700' title='bbox 2334 4656 2391 4712; x_wconf 75' lang='grc'>4.</span> <span class='ocrx_word' id='word_1_701' title='bbox 2449 4654 2642 4710; x_wconf 84' lang='lat' dir='ltr'><strong>Nonne</strong></span> <span class='ocrx_word' id='word_1_702' title='bbox 2694 4649 2958 4723; x_wconf 83' lang='lat' dir='ltr'><strong>judicatis</strong></span> <span class='ocrx_word' id='word_1_703' title='bbox 3007 4644 3153 4717; x_wconf 82' lang='lat' dir='ltr'><strong>apud</strong></span> <span class='ocrx_word' id='word_1_704' title='bbox 3196 4639 3556 4710; x_wconf 81' lang='lat' dir='ltr'><strong>vosmetipsos,</strong></span> <span class='ocrx_word' id='word_1_705' title='bbox 3591 4643 3642 4691; x_wconf 89' lang='lat' dir='ltr'><strong>et</strong></span> 
     </span>
    </p>
   </div>
   <div class='ocr_carea' id='block_1_103' title="bbox 2044 4734 3370 4825">
    <p class='ocr_par' dir='ltr' id='par_1_103' title="bbox 2044 4734 3370 4825">
     <span class='ocr_line' id='line_1_104' title="bbox 2044 4734 3370 4825; baseline -0.012 -17"><span class='ocrx_word' id='word_1_706' title='bbox 2044 4754 2180 4825; x_wconf 80' lang='lat' dir='ltr'><strong>facti</strong></span> <span class='ocrx_word' id='word_1_707' title='bbox 2213 4751 2342 4807; x_wconf 84' lang='lat' dir='ltr'><strong>estis</strong></span> <span class='ocrx_word' id='word_1_708' title='bbox 2368 4748 2579 4820; x_wconf 87' lang='lat' dir='ltr'><strong>judices</strong></span> <span class='ocrx_word' id='word_1_709' title='bbox 2608 4744 2987 4818; x_wconf 80' lang='lat' dir='ltr'><strong>cogitationum</strong></span> <span class='ocrx_word' id='word_1_710' title='bbox 3017 4734 3370 4808; x_wconf 84' lang='lat' dir='ltr'><strong>iniquarum?</strong></span> 
     </span>
    </p>
   </div>
   <div class='ocr_carea' id='block_1_104' title="bbox 2110 4832 3640 4902">
    <p class='ocr_par' dir='ltr' id='par_1_104' title="bbox 2110 4832 3640 4902">
     <span class='ocr_line' id='line_1_105' title="bbox 2110 4832 3640 4902; baseline -0.014 -1"><span class='ocrx_word' id='word_1_711' title='bbox 2110 4846 2256 4902; x_wconf 85' lang='lat' dir='ltr'><strong>Idem</strong></span> <span class='ocrx_word' id='word_1_712' title='bbox 2297 4844 2368 4900; x_wconf 90' lang='lat' dir='ltr'><strong>de</strong></span> <span class='ocrx_word' id='word_1_713' title='bbox 2414 4841 2672 4898; x_wconf 89' lang='lat' dir='ltr'><strong>omnibus</strong></span> <span class='ocrx_word' id='word_1_714' title='bbox 2715 4838 3046 4896; x_wconf 85' lang='lat' dir='ltr'><strong>sentiamus.</strong></span> <span class='ocrx_word' id='word_1_715' title='bbox 3082 4832 3251 4889; x_wconf 82' lang='lat' dir='ltr'><strong>Adest</strong></span> <span class='ocrx_word' id='word_1_716' title='bbox 3280 4841 3509 4901; x_wconf 90' lang='lat' dir='ltr'><strong>pauper,</strong></span> <span class='ocrx_word' id='word_1_717' title='bbox 3541 4838 3640 4881; x_wconf 80' lang='lat' dir='ltr'><strong>cu-</strong></span> 
     </span>
    </p>
   </div>
   <div class='ocr_carea' id='block_1_105' title="bbox 2044 4916 3638 4998">
    <p class='ocr_par' dir='ltr' id='par_1_105' title="bbox 2044 4916 3638 4998">
     <span class='ocr_line' id='line_1_106' title="bbox 2044 4916 3638 4998; baseline -0.018 -1"><span class='ocrx_word' id='word_1_718' title='bbox 2044 4955 2158 4997; x_wconf 88' lang='lat' dir='ltr'><strong>ram</strong></span> <span class='ocrx_word' id='word_1_719' title='bbox 2196 4937 2354 4995; x_wconf 90' lang='lat' dir='ltr'><strong>istius</strong></span> <span class='ocrx_word' id='word_1_720' title='bbox 2375 4935 2519 4992; x_wconf 87' lang='lat' dir='ltr'><strong>habe</strong></span> <span class='ocrx_word' id='word_1_721' title='bbox 2548 4932 2672 4990; x_wconf 84' lang='lat' dir='ltr'><strong>forti</strong></span> <span class='ocrx_word' id='word_1_722' title='bbox 2705 4930 2929 4998; x_wconf 89' lang='lat' dir='ltr'><strong>animo;</strong></span> <span class='ocrx_word' id='word_1_723' title='bbox 2970 4940 3081 4984; x_wconf 81' lang='lat' dir='ltr'><strong>nec.</strong></span> <span class='ocrx_word' id='word_1_724' title='bbox 3104 4921 3368 4993; x_wconf 84' lang='lat' dir='ltr'><strong>majorem</strong></span> <span class='ocrx_word' id='word_1_725' title='bbox 3401 4919 3470 4974; x_wconf 86' lang='lat' dir='ltr'><strong>de</strong></span> <span class='ocrx_word' id='word_1_726' title='bbox 3494 4916 3638 4972; x_wconf 85' lang='lat' dir='ltr'><strong>divi-</strong></span> 
     </span>
    </p>
   </div>
   <div class='ocr_carea' id='block_1_106' title="bbox 2045 5008 3638 5096">
    <p class='ocr_par' dir='ltr' id='par_1_106' title="bbox 2045 5008 3638 5096">
     <span class='ocr_line' id='line_1_107' title="bbox 2045 5008 3638 5096; baseline -0.018 -7"><span class='ocrx_word' id='word_1_727' title='bbox 2045 5034 2136 5090; x_wconf 91' lang='lat' dir='ltr'><strong>tiis</strong></span> <span class='ocrx_word' id='word_1_728' title='bbox 2164 5031 2458 5088; x_wconf 84' lang='lat' dir='ltr'><strong>elationem</strong></span> <span class='ocrx_word' id='word_1_729' title='bbox 2494 5025 2762 5096; x_wconf 87' lang='lat' dir='ltr'><strong>accipias.</strong></span> <span class='ocrx_word' id='word_1_730' title='bbox 2795 5021 2984 5092; x_wconf 88' lang='lat' dir='ltr'><strong>Neque</strong></span> <span class='ocrx_word' id='word_1_731' title='bbox 3014 5030 3224 5090; x_wconf 85' lang='lat' dir='ltr'><strong>pauper</strong></span> <span class='ocrx_word' id='word_1_732' title='bbox 3251 5024 3436 5083; x_wconf 85' lang='lat' dir='ltr'><strong>neque</strong></span> <span class='ocrx_word' id='word_1_733' title='bbox 3485 5008 3638 5064; x_wconf 84' lang='lat' dir='ltr'><strong>dives</strong></span> 
     </span>
    </p>
   </div>
   <div class='ocr_carea' id='block_1_107' title="bbox 2041 5098 3635 5185">
    <p class='ocr_par' dir='ltr' id='par_1_107' title="bbox 2041 5098 3635 5185">
     <span class='ocr_line' id='line_1_108' title="bbox 2041 5098 3635 5185; baseline -0.018 -5"><span class='ocrx_word' id='word_1_734' title='bbox 2041 5132 2127 5180; x_wconf 91' lang='lat' dir='ltr'><strong>est</strong></span> <span class='ocrx_word' id='word_1_735' title='bbox 2175 5122 2230 5178; x_wconf 90' lang='lat' dir='ltr'><strong>in</strong></span> <span class='ocrx_word' id='word_1_736' title='bbox 2265 5119 2506 5175; x_wconf 86' lang='lat' dir='ltr'><strong>Christo.</strong></span> <span class='ocrx_word' id='word_1_737' title='bbox 2539 5115 2658 5173; x_wconf 88' lang='lat' dir='ltr'><strong>Noli</strong></span> <span class='ocrx_word' id='word_1_738' title='bbox 2715 5115 2900 5185; x_wconf 88' lang='lat' dir='ltr'><strong>itaque</strong></span> <span class='ocrx_word' id='word_1_739' title='bbox 2954 5109 3280 5166; x_wconf 88' lang='lat' dir='ltr'><strong>erubescere</strong></span> <span class='ocrx_word' id='word_1_740' title='bbox 3325 5104 3379 5158; x_wconf 92' lang='lat' dir='ltr'><strong>iu</strong></span> <span class='ocrx_word' id='word_1_741' title='bbox 3421 5098 3635 5159; x_wconf 78' lang='lat' dir='ltr'><strong>externi</strong></span> 
     </span>
    </p>
   </div>
   <div class='ocr_carea' id='block_1_108' title="bbox 2037 5187 3632 5286">
    <p class='ocr_par' dir='ltr' id='par_1_108' title="bbox 2037 5187 3632 5286">
     <span class='ocr_line' id='line_1_109' title="bbox 2037 5187 3632 5286; baseline -0.02 -14"><span class='ocrx_word' id='word_1_742' title='bbox 2037 5213 2222 5286; x_wconf 88' lang='lat' dir='ltr'><strong>specie</strong></span> <span class='ocrx_word' id='word_1_743' title='bbox 2252 5208 2579 5274; x_wconf 85' lang='lat' dir='ltr'><strong>indumenti,</strong></span> <span class='ocrx_word' id='word_1_744' title='bbox 2616 5204 2715 5262; x_wconf 86' lang='lat' dir='ltr'><strong>sed</strong></span> <span class='ocrx_word' id='word_1_745' title='bbox 2744 5202 2895 5260; x_wconf 89' lang='lat' dir='ltr'><strong>illum</strong></span> <span class='ocrx_word' id='word_1_746' title='bbox 2932 5198 3122 5270; x_wconf 86' lang='lat' dir='ltr'><strong>accipe</strong></span> <span class='ocrx_word' id='word_1_747' title='bbox 3145 5189 3449 5253; x_wconf 86' lang='lat' dir='ltr'><strong>secundum</strong></span> <span class='ocrx_word' id='word_1_748' title='bbox 3481 5187 3632 5244; x_wconf 59' lang='lat' dir='ltr'><strong>inte-</strong></span> 
     </span>
    </p>
   </div>
   <div class='ocr_carea' id='block_1_109' title="bbox 2042 5303 2687 5379">
    <p class='ocr_par' dir='ltr' id='par_1_109' title="bbox 2042 5303 2687 5379">
     <span class='ocr_line' id='line_1_110' title="bbox 2042 5303 2687 5379; baseline -0.019 -14"><span class='ocrx_word' id='word_1_749' title='bbox 2042 5309 2241 5365; x_wconf 90' lang='lat' dir='ltr'><strong>riorem</strong></span> <span class='ocrx_word' id='word_1_750' title='bbox 2275 5303 2458 5360; x_wconf 86' lang='lat' dir='ltr'><strong>tidem.</strong></span> <span class='ocrx_word' id='word_1_751' title='bbox 2662 5356 2687 5379; x_wconf 36' lang='grc' dir='ltr'>θ</span> 
     </span>
    </p>
   </div>
   <div class='ocr_carea' id='block_1_110' title="bbox 2116 5380 3642 5467">
    <p class='ocr_par' dir='ltr' id='par_1_110' title="bbox 2116 5380 3642 5467">
     <span class='ocr_line' id='line_1_111' title="bbox 2116 5380 3642 5467; baseline -0.015 -15"><span class='ocrx_word' id='word_1_752' title='bbox 2116 5400 2284 5456; x_wconf 77' lang='lat' dir='ltr'><strong>Vsus.</strong></span> <span class='ocrx_word' id='word_1_753' title='bbox 2318 5399 2376 5467; x_wconf 81' lang='lat'><strong>5,</strong></span> <span class='ocrx_word' id='word_1_754' title='bbox 2407 5398 2464 5456; x_wconf 84' lang='lat'><strong>6.</strong></span> <span class='ocrx_word' id='word_1_755' title='bbox 2484 5395 2704 5464; x_wconf 82' lang='lat' dir='ltr'><strong>Audite,</strong></span> <span class='ocrx_word' id='word_1_756' title='bbox 2731 5393 2926 5465; x_wconf 77' lang='lat' dir='ltr'><strong>fratres</strong></span> <span class='ocrx_word' id='word_1_757' title='bbox 2949 5405 3050 5444; x_wconf 83' lang='lat' dir='ltr'><strong>met</strong></span> <span class='ocrx_word' id='word_1_758' title='bbox 3077 5380 3445 5446; x_wconf 86' lang='lat' dir='ltr'><strong>dilectissimi;</strong></span> <span class='ocrx_word' id='word_1_759' title='bbox 3469 5391 3642 5433; x_wconf 80' lang='lat' dir='ltr'><strong>nonne</strong></span> 
     </span>
    </p>
   </div>
   <div class='ocr_carea' id='block_1_111' title="bbox 2055 5467 3642 5565">
    <p class='ocr_par' dir='ltr' id='par_1_111' title="bbox 2055 5467 3642 5565">
     <span class='ocr_line' id='line_1_112' title="bbox 2055 5467 3642 5565; baseline -0.018 -13"><span class='ocrx_word' id='word_1_760' title='bbox 2055 5495 2202 5552; x_wconf 86' lang='lat' dir='ltr'><strong>Deus</strong></span> <span class='ocrx_word' id='word_1_761' title='bbox 2228 5494 2382 5565; x_wconf 86' lang='lat' dir='ltr'><strong>elegit</strong></span> <span class='ocrx_word' id='word_1_762' title='bbox 2406 5505 2662 5564; x_wconf 82' lang='lat' dir='ltr'><strong>pauperes</strong></span> <span class='ocrx_word' id='word_1_763' title='bbox 2712 5488 2768 5544; x_wconf 90' lang='lat' dir='ltr'><strong>in</strong></span> <span class='ocrx_word' id='word_1_764' title='bbox 2817 5487 2916 5541; x_wconf 78' lang='lat' dir='ltr'><strong>hoc</strong></span> <span class='ocrx_word' id='word_1_765' title='bbox 2953 5481 3172 5548; x_wconf 72' lang='lat' dir='ltr'><strong>&quot;tundo,</strong></span> <span class='ocrx_word' id='word_1_766' title='bbox 3203 5475 3393 5533; x_wconf 80' lang='lat' dir='ltr'><strong>diuites</strong></span> <span class='ocrx_word' id='word_1_767' title='bbox 3426 5474 3482 5530; x_wconf 86' lang='lat' dir='ltr'><strong>in</strong></span> <span class='ocrx_word' id='word_1_768' title='bbox 3531 5467 3642 5534; x_wconf 78' lang='lat' dir='ltr'><strong>ﬁde</strong></span> 
     </span>
    </p>
   </div>
   <div class='ocr_carea' id='block_1_112' title="bbox 2151 5815 3642 5904">
    <p class='ocr_par' dir='ltr' id='par_1_112' title="bbox 2151 5815 3642 5904">
     <span class='ocr_line' id='line_1_113' title="bbox 2151 5815 3642 5904; baseline -0.014 -10"><span class='ocrx_word' id='word_1_769' title='bbox 2151 5836 2192 5868; x_wconf 75' lang='lat'><strong>&#39;°</strong></span> <span class='ocrx_word' id='word_1_770' title='bbox 2219 5836 2275 5893; x_wconf 87' lang='lat' dir='ltr'><strong>C.</strong></span> <span class='ocrx_word' id='word_1_771' title='bbox 2308 5829 2621 5904; x_wconf 58' lang='grc' dir='ltr'>(λοχίζεις.</span> <span class='ocrx_word' id='word_1_772' title='bbox 2687 5827 3134 5900; x_wconf 76' lang='grc' dir='ltr'>ἀπονοιαυχίζεις</span> <span class='ocrx_word' id='word_1_773' title='bbox 3172 5826 3310 5883; x_wconf 79' lang='lat' dir='ltr'><strong>Cod.</strong></span> <span class='ocrx_word' id='word_1_774' title='bbox 3410 5821 3454 5854; x_wconf 88' lang='lat'>“</span> <span class='ocrx_word' id='word_1_775' title='bbox 3480 5820 3545 5876; x_wconf 78' lang='lat' dir='ltr'><strong>C.</strong></span> <span class='ocrx_word' id='word_1_776' title='bbox 3571 5815 3642 5874; x_wconf 73' lang='lat' dir='ltr'><strong>C-</strong></span> 
     </span>
    </p>
   </div>
  </div>
