4084 6474
527 368 666 428 im?)

1332 355 1911 425 ’SUPPLEMENTUM
1951 362 2043 418 AD
2082 362 2141 417 s.
2181 360 2230 415 ι.
2267 358 2756 416 CIIRYSOSTOMI
2796 357 3047 413 orsus.

3650 354 3786 415 i0“

523 491 573 538 et
597 482 830 538 lueredes
868 492 1029 553 regni
1060 485 1200 554 quod
1234 488 1528 552 repromisit
1582 486 1720 543 Deus
1755 486 2090 556 diligentibus

2200 480 2368 544 m’avc
2409 479 2481 532 ἐν
2505 477 2725 541 πίστει,
2758 477 2853 535 καί
2881 472 3294 544 κληρονόμους
3324 464 3434 534 τῆς
3450 467 3784 536 ,ϐασιλείας

525 576 615 632 se?
639 591 730 632 ros
762 586 940 634 autem
970 577 1335 635 “honorastis
1361 594 1662 649 pauperem.

568 752 710 811 ~Nos
741 756 909 822 enim,
940 756 1087 815 sicut
1105 772 1265 826 quam
1297 757 1539 813 maxime
1570 759 1714 829 passi
1739 759 2089 828 detrimenta,

530 845 606 901 ita
634 846 1064 916 supplicantibus
1101 846 1450 916 insuitamus,
1488 863 1688 919 eosque
1718 850 2096 915 abborremus,

530 950 634 993 nec
674 937 804 1006 quid
853 936 1069 1004 damus,
1096 937 1192 993 sed
1224 951 1255 993 ο
1282 947 1473 995 contra
1524 941 1931 998 contristamus.
1965 942 2101 998 Cor-

530 1027 684 1096 ripit:
702 1036 759 1080 ut
779 1025 1026 1095 fratrem,
1056 1026 1190 1082 dicit
1216 1026 1435 1095 Paulus,
1466 1038 1513 1084 et
1535 1028 1699 1085 nolite
1719 1030 1856 1085 sicut
1885 1030 2097 1085 inimico

526 1115 783 1176 insultare
822 1116 866 1173 ³.
916 1116 1016 1184 Οιιὶ
1071 1116 1298 1172 fratrem
1346 1133 1506 1175 suum
1553 1118 1800 1189 corripit,
1835 1135 1946 1177 non
1995 1120 2102 1177 ltoc

526 1205 743 1276 publice
777 1205 1362 1280 iacit.Corrcptionem
1406 1225 1513 1266 non
1549 1208 1812 1282 divulgat,
1841 1210 1937 1267 sed
1986 1209 2099 1280 pri-

529 1296 694 1351 vatim
739 1296 935 1365 instat,
990 1306 1046 1353 et
1088 1313 1279 1370 magna
1332 1315 1454 1356 cum
1508 1301 1818 1371 prudentia,
1862 1309 1917 1357 et
1969 1299 2105 1355 allii-

523 1398 667 1453 ctus,
720 1397 776 1445 ct
814 1389 900 1444 vix
960 1400 1270 1462 temperans
1307 1406 1338 1446 a
1386 1392 1665 1464 iacrymis,
1693 1408 1831 1462 quas
1880 1402 2105 1463 etszepe

524 1482 788 1551 plurimas
834 1482 1085 1541 effundit.
1142 1486 1188 1541 Δ
1243 1484 1487 1543 fraterno
1540 1498 1721 1544 tamen
1769 1486 2105 1557 digredimur

523 1588 711 1638 sensu,
764 1575 972 1645 absque
1028 1575 1266 1637 fraterna
1294 1577 1621 1648 corripimus
1683 1576 2099 1643 benevolentia,
2138 1591 2146 1601 ·

524 1681 630 1720 non
659 1667 813 1736 quasi
846 1667 1032 1725 aliiicti
1076 1668 1132 1725 in
1159 1672 1427 1737 donando,
1456 1670 1553 1727 sed
1588 1682 1648 1726 ut
1675 1686 1820 1741 aegre
1848 1670 2101 1727 ferentes

2202 567 2274 640 ἧς
2319 570 2713 640 ἐπηγγείλατο
2763 567 2886 634 τοῖς
2931 562 3246 637 ἀγαπῶσιν
3275 562 3494 625 αὺτόν;
3519 558 3687 631 ὑμεῖς
3712 558 3784 613 δὲ

2197 661 2524 733 ἠτιμάσατε
2550 659 2658 714 τόν
2693 658 2946 727 πτωχόν.

2281 753 2470 823 Ἡμεῖς
2502 752 2560 805 δὲ
2608 750 2682 814 ὡς
2716 748 2786 803 τὰ
2820 749 3054 820 μέγιστα
3085 744 3410 817 ἠδικημένοι
3457 740 3599 796 οὕτω
3643 741 3777 807 τοὺς

2201 844 2634 917 προσαιτοῦντας
2683 843 3000 914 ὑϐρίζομεν,
3052 836 3533 911 ἀποστρεφόμεθα·
3584 835 3644 888 οὑ
3697 834 3781 889 δί-

2200 938 2324 1001 δους
2349 937 2392 969 ⁸³
2424 954 2477 990 τι
2508 938 2604 990 καὶ
2629 936 2861 1002 λυπεῖς;
2892 930 3271 995 Νουθετεῖτε,
3301 925 3459 982 εἶπεν
3486 929 3515 981 ὁ
3546 925 3780 991 Παῦλος,

2200 1030 2280 1095 ὡς
2332 1027 2655 1098 ἀδελφοὺς,
2701 1028 2815 1096 οὐχ
2869 1023 3127 1095 ὑϐρίζετε
3173 1022 3254 1089 ὡς
3298 1019 3572 1091 ἐχθρούς
3616 1019 3644 1070 ό
3690 1018 3782 1071 τὸν

2201 1118 2430 1188 ἀδελφὸν
2473 1115 2639 1172 αὑτοῦ
2683 1114 2973 1180 νουθετῶν,
3018 1113 3083 1166 οὑ
3129 1110 3367 1183 δημοσίᾳ
3404 1108 3567 1162 τοῦτο
3612 1111 3779 1161 ποιεῖ·

2202 1211 2303 1265 οὐκ
2327 1206 2669 1281 ἑκπομπεὺει
2699 1205 2798 1279 τὴν
2832 1204 3013 1277 ῦϐριν,
3043 1203 3161 1258 ἀλλ’
3197 1202 3305 1273 ἰδία
3338 1201 3435 1255 καὶ
3482 1199 3622 1270 μετὰ
3650 1200 3781 1252 πολ-

2202 1306 2300 1377 λῆς
2324 1306 2366 1338 ³⁵
2392 1306 2688 1377 προσοχῆς,
2715 1303 2811 1357 καὶ
2834 1299 3016 1370 ἀλγῶν
3050 1300 3143 1353 καὶ
3165 1288 3493 1368 δακνόμενος
3524 1294 3779 1367 δακρύων

2204 1398 2299 1453 καὶ
2340 1396 2685 1467 ὀδυρόμενος.
2739 1393 2872 1447 Ἀπὸ
2910 1391 3206 1462 ἀδελφικῆς
3244 1388 3427 1443 τοίνυν
3460 1388 3782 1460 παρέχομεν

2203 1490 2302 1561 τῆς
2329 1486 2590 1552 διανοίας.
2621 1485 2729 1540 ἀπὺ
2751 1484 3050 1555 ἀδελφικῆς
3074 1480 3437 1550 νουθετοῦμεν
3461 1478 3563 1549 τῆς
3593 1496 3785 1549 προαι-
3883 1558 3892 1565 .

2208 1582 2434 1654 ρέσεως,
2461 1579 2538 1652 μὴ
2564 1579 2641 1644 ὼς
2664 1577 2958 1648 ἀλγοῦντες
2994 1576 3089 1631 ἐπὶ
3111 1575 3189 1647 τῷ
3218 1574 3259 1607 ¹⁸
3293 1573 3526 1637 διδόναι,
3555 1572 3670 1625 ἀλλ’
3703 1572 3783 1635 ὡς

2204 1670 2499 1740 ἀλγοῦντες
2537 1669 2632 1723 ἐπὶ
2657 1670 2733 1739 τῷ
2763 1669 2970 1723 ἐκεῖνον
3015 1665 3378 1739 παραϐαίνειν
3420 1662 3519 1734 τὴν
3559 1662 3782 1733 ἐντολὴν

525 1758 704 1828 ipsum
758 1761 1065 1830 transgredi
1123 1770 1390 1833 pmcepta
1453 1771 1648 1819 contra
1699 1752 2009 1818 utilitatem.
2045 1759 2102 1815 Si

2206 1763 2299 1816 ἐπὶ
2326 1761 2387 1815 τὸ
2430 1760 2647 1833 κέρδος.
2682 1759 2745 1814 Ei
2779 1760 2887 1833 γὰρ
2925 1759 3065 1832 μετά
3092 1757 3152 1812 τδ
3180 1757 3363 1811 δοῦναι
3386 1756 3655 1828 ὑϐρίζεις,
3684 1755 3781 1808 λυ-

525 1862 708 1907 autem
733 1867 857 1908 cum
883 1852 1120 1921 dederis,
1153 1853 1405 1922 insultas,
1437 1854 1811 1911 beneﬁcentia:
1852 1853 2103 1924 volupta-

528 1949 634 1998 tem
655 1943 983 2013 corrumpis.
1009 1943 1117 2000 Sed
1143 1947 1191 2001 sl
1223 1958 1398 2014 neque
1418 1944 1515 1999 das
1539 1952 1595 2001 et
1616 1944 1868 2013 insultas,
1900 1951 2103 2015 quanto

529 2032 983 2090 miserabiliorem
1005 2032 1204 2091 eiiicies
1237 2034 1381 2091 hunc
1413 2035 1528 2106 jam
1554 2034 1811 2091 miserum
1845 2044 1901 2091 et
1924 2033 2104 2089 infeli-

526 2140 645 2183 cem
664 2125 678 2181 i
704 2126 887 2183 Exivit
908 2127 975 2184 ad
996 2136 1049 2184 te
1073 2138 1131 2183 ut
1154 2128 1302 2185 illum
1321 2128 1627 2199 adjuvares,
1654 2136 1708 2184 et
1729 2128 1935 2184 recedit
1958 2142 2105 2182 mor-

527 2217 620 2274 tali
652 2228 879 2289 accepto
908 2219 1153 2285 vulnere,
1186 2220 1470 2293 magisque
1490 2219 1834 2293 lacrymabit.
1884 2220 1944 2277 Si
1980 2222 2104 2292 quis

524 2318 707 2370 autem
738 2310 1030 2380 indigentia
1064 2320 1160 2368 aut
1207 2313 1558 2380 necessitate}
1585 2314 1897 2371 mendicare
1955 2329 2091 2369 com-

526 2401 766 2473 pellitur,
801 2403 850 2459 si
882 2418 1032 2470 vero,
1071 2404 1485 2463 mendicationis
1532 2420 1722 2473 causa,
1756 2407 2100 2462 contumeliis

524 2495 780 2565 aﬂicitur,
828 2506 1056 2568 quanta,
1107 2512 1313 2567 quasso,
1348 2498 1455 2554 erit
1480 2497 1659 2568 ipsius
1701 2498 2102 2555 animadversio

506 2588 579 2645 in
611 2588 1065 2646 contumeliosum
1093 2587 1109 2643 i
1140 2588 1455 2646 Creatorem
1486 2598 1667 2647 autem
1713 2590 1829 2662 ipse
1881 2590 2104 2647 exulce-

521 2688 629 2748 rat,
659 2679 928 2752 siquidem
950 2679 1095 2736 itunc
1126 2679 1273 2736 misit
1301 2679 1447 2737 Deus
1476 2680 1545 2737 ad
1577 2687 1630 2736 te
1658 2680 2015 2752 indigentem,
2041 2690 2101 2737 ut

526 2779 583 2827 tu
613 2770 808 2826 debeas
862 2770 1112 2827 auxiliari
1138 2770 1216 2825 illi
1249 2811 1265 2838 ,
1296 2781 1352 2828 et
1384 2779 1439 2827 tu
1483 2770 1560 2827 illi
1597 2780 1820 2843 propter
1858 2783 1912 2831 te
1960 2772 2103 2830 indi-

523 2861 670 2931 genti
725 2860 974 2919 insultas.
1037 2862 1251 2930 Quanta
1292 2864 1408 2920 hac
1452 2862 1843 2934 imprudentia!
1901 2875 2103 2937 quanta

527 2953 629 3008 boc
668 2967 806 3022 opus
852 2952 1181 3025 ingratitudo
1201 2954 1215 3008 ι

601 3044 767 3101 Vsus.
793 3045 851 3110 6,
874 3046 927 3104 7.
952 3045 1145 3103 Nonne
1171 3049 1357 3103 divites
1379 3068 1471 3120 per
1491 3051 1776 3123 potentiam
1802 3050 2103 3121 opprimunt

2212 1854 2379 1927 μαίνῃ
2400 1855 2467 1927 τῇ
2508 1853 2608 1925 τῆς
2631 1853 2832 1917 δόσεως
2872 1851 3053 1925 ἡδονῇ.
3090 1851 3261 1905 ὀταν
3286 1849 3343 1903 δὲ
3376 1849 3515 1921 μήτε
3552 1848 3657 1919 δῷς
3688 1849 3787 1901 καὶ

2207 1946 2460 2021 ὑϐρίσῃς,
2491 1946 2659 2000 πόσον
2678 1946 2779 1999 οὐκ
2797 1942 3039 2013 εἰργάσω
3060 1941 3231 1997 κακὸν
3247 1941 3337 1995 τὸν
3366 1939 3552 1996 άθλιον
3574 1940 3787 1992 ἐκεῖνον

2206 2041 2303 2093 καὶ
2330 2037 2709 2110 ταλαίπωρον;
2737 2036 3053 2108 Προσῆλθεν
3081 2034 3157 2099 ὡς
3177 2031 3536 2104 ὲλεησόμενος
3559 2032 3605 2063 ³⁸
3632 2031 3787 2102 παρά

2207 2130 2326 2196 σοῦ,
2346 2130 2528 2186 λαϐὼν
2550 2130 2608 2184 δὲ
2637 2128 2860 2202 καιρίαν
2886 2128 2982 2200 τὴν
3012 2127 3228 2199 πληγὴν
3261 2124 3495 2195 ἀπῆλθε,
3528 2124 3622 2177 καὶ
3655 2122 3787 2195 μᾶλ-

2205 2225 2297 2280 λον
2330 2224 2646 2296 ἐδάκρυσεν.
2685 2223 2857 2276 Ὅταν
2887 2221 2996 2292 γὰρ
3036 2219 3419 2289 ἀναγκάζηται
3452 2217 3542 2271 διὰ
3569 2217 3669 2288 τὴν
3697 2216 3785 2269 ἐν·

2205 2317 2357 2371 δειαν
2402 2315 2740 2387 προσαιτεῖν,
2787 2312 2877 2367 διὰ
2914 2312 2973 2366 δὲ
3014 2311 3075 2365 τδ
3122 2312 3439 2381 προσαιτεῖν
3478 2308 3781 2379 ὑϐρίζεται,

2205 2408 2309 2480 ὅρα
2339 2407 2481 2478 πόση
2509 2405 2585 2478 τῷ
2617 2404 2893 2477 ὑϐρίζοντι
2927 2405 2961 2476 ἡ
2990 2402 3255 2475 τιμωρία.
3294 2400 3594 2473 Παροξύνει
3622 2402 3663 2433 "
3688 2400 3783 2454 τὸν

2215 2500 2524 2571 ποιήσαντα
2547 2498 2728 2554 αὐτόν’
2764 2497 2924 2568 εἴπερ
2943 2496 3052 2567 γάρ
3086 2511 3175 2565 μοι
3205 2493 3369 2559 αὐτὸς
3403 2493 3567 2548 αὐτὸν
3595 2492 3780 2563 ἀφῆκε

2206 2590 2468 2647 πένεσθαι
2493 2590 2583 2645 διὰ
2613 2589 2695 2656 σὲ,
2730 2590 2821 2643 ἵνα
2846 2590 2910 2641 σὺ
2941 2588 3070 2659 έχης
3107 2584 3439 2657 θεραπεύειν
3466 2585 3651 2651 αὑτὸν,
3683 2585 3781 2637 καὶ

2206 2685 2271 2740 σὺ
2308 2683 2400 2739 τὸν
2431 2682 2522 2738 διὰ
2551 2681 2611 2737 σὲ
2635 2681 2934 2753 πενόμενον
2960 2678 3225 2751 ὑϐρίζεις,
3250 2677 3427 2748 πόσης
3457 2673 3780 2746 ἀγνωμοσύ-

2205 2766 2303 2849 νης
2329 2768 2749 2844 ταῦτα;”πόσης
2781 2774 3106 2846 ἀχαριστίας
3133 2772 3295 2829 τοῦτο
3323 2771 3384 2825 τὸ
3418 2769 3604 2843 ἔργονῐ

2277 3036 2400 3105 Οὐχ
2459 3036 2513 3089 οι
2561 3033 2839 3087 πλούσιοι
2910 3025 3539 3083 καταδυναστεύουσιν
3588 3020 3777 3092 ὑμῶν,

527 3150 620 3191 nos
643 3173 659 3200 ,
688 3145 735 3190 et
760 3135 858 3204 ipsi
885 3136 1104 3192 tradunt
1142 3153 1235 3192 nos
1275 3141 1344 3194 ad
1365 3111 1619 3210 judicia?
1648 3111 1846 3197 Nonne
1862 3111 1960 3213 ipsi
1982 3139 2097 3195 bla-

2207 3128 2303 3183 καί
2327 3125 2497 3182 αὐτοὶ
2530 3125 2820 3178 ἕλκουσιν
2854 3118 3011 3191 ὑμᾶς
3033 3122 3120 3185 είς
3146 3114 3446 3186 κριτήρια;
3465 3116 3576 3169 οὐκ
3597 3111 3779 3213 ἀὐτοί

525 3202 796 3301 sphemant
821 3228 1009 3284 bonum
1032 3245 1218 3286 nomen
1237 3202 1383 3302 quod
1398 3232 1689 3287 invocatum
1713 3243 1787 3288 est
1803 3202 1959 3303 super
1974 3232 2101 3288 nos?

2200 3216 2637 3290 βλασφημοῦσι
2678 3214 2746 3269 τὸ
2794 3211 2986 3268 καλὸν
3023 3210 3210 3281 ὄνομα
3235 3207 3303 3262 τό
3329 3202 3655 3274 ἐπικληθὲν
3683 3203 3779 3272 ἐφ’

2200 3310 2385 3385 ὑμᾶςς

498 3474 504 3479 ε
598 3410 875 3469 Generose
908 3414 1145 3485 ipsorum
1173 3414 1523 3486 cupiditatem
1546 3418 1787 3475 suﬂ'erte.
1819 3418 1897 3474 illi
1921 3427 2099 3475 autem

2260 3427 2472 3497 ¹ιιιέρετε
2499 3421 2765 3490 γενναίως
2809 3418 2909 3483 τάς
2948 3413 3285 3502 πλεονεξίας.
3330 3412 3597 3474 Ἑαυτοὺς
3621 3409 3780 3502 ἀναι-

524 3503 736 3574 seipsos
779 3507 1028 3575 perdent,
1058 3522 1163 3563 non
1198 3522 1314 3564 vos.
1348 3508 1470 3578 Vos,
1493 3510 1708 3580 quidem
1743 3511 2101 3582 divitiisspo-

2208 3518 2395 3593 ροῦσιν
2420 3517 2644 3583 ἐκεῖνοι,
2675 3515 2777 3585 οὑχ
2814 3511 2980 3583 ὑμᾶς.
3033 3500 3211 3580 ’Υμᾶς
3263 3506 3362 3577 μὲν
3416 3501 3777 3593 ἀποστεροῦσι

476 3610 483 3617 ·
525 3595 684 3663 liant,
719 3598 815 3654 sed
864 3599 1075 3669 seipsos
1103 3601 1311 3658 nudant
1357 3602 1730 3659 benevolentia
1772 3614 1826 3658 et
1852 3604 2103 3672 praesidio

2206 3592 2525 3683 χρημάτων,
2582 3607 2810 3669 ἑαυτοὺς
2855 3603 2914 3657 δὲ
2942 3599 3210 3673 γυμνοῦσι
3255 3598 3353 3669 τῆς
3422 3594 3635 3657 εὐνοίας
3678 3592 3776 3647 τοῦ

525 3689 643 3745 Dei.
671 3689 775 3758 Qui
812 3705 941 3748 vero
971 3692 1091 3749 istis
1112 3692 1452 3759 destituitur,
1476 3694 1604 3751 licet
1649 3702 1880 3752 cunctas
1913 3697 2082 3751 mund

2201 3701 2342 3755 Θεοῦ
2376 3700 2473 3755 καὶ
2515 3700 2616 3769 τῆς
2659 3695 2932 3768 βοηθείας⁸
2982 3695 3013 3747 ό
3060 3692 3119 3746 δὲ
3148 3690 3367 3760 ἐκείνης
3403 3686 3684 3759 στερηθεὶς
3707 3685 3775 3746 ⁸⁸,

526 3782 1059 3853 possideatdivitias,
1092 3784 1331 3841 omnium
1379 3787 1756 3857 pauperrimus
1781 3792 1885 3843 est.

595 3964 874 4022 VensJﬂ.
921 3966 1010 4022 Sic
1057 3967 1333 4038 loquimini
1388 3979 1439 4024 et
1484 3986 1562 4026 ste
1616 3970 1973 4044 facite,sieut‘
2010 3988 2104 4043 per
2183 3988 2187 3993 '

2109 4080 2123 4115 ι
2201 4068 2546 4136 ἐλευθερίας.
2565 4063 2896 4135 μέλλοντες
2930 4059 3259 4130 κρίνεσθαι.

528 4061 689 4129 legent
719 4059 977 4116 libertatis
1007 4062 1310 4131 incipientes
1322 4062 1581 4131 jndicari.

590 4153 786 4212 Melius
837 4158 984 4213 enim
1039 4167 1124 4215 est
1182 4172 1281 4216 vos
1320 4159 1501 4217 verbis
1544 4169 1756 4228 terreri,
1809 4175 1880 4217 ne
1938 4159 2101 4217 rebus

522 4248 861 4306 crueiemini.

603 4343 768 4400 Vens.
802 4343 895 4400 15.
936 4341 1312 4416 Superezaltat
1365 4353 1542 4402 autem
1597 4346 1962 4404 misericordia
2001 4347 2098 4417 ju-

521 4433 735 4491 dicium.

603 4527 955 4599 Eleemosyna
1002 4529 1339 4586 admirabilis
1368 4529 1612 4598 quaedam
1645 4543 1734 4586 res
1759 4538 1847 4586 est
1880 4538 1936 4584 et
1974 4543 2101 4599 pro-

527 4619 688 4674 tectio
712 4622 1051 4690 operantium
1098 4622 1277 4689 illam;
1308 4635 1339 4675 a
1388 4621 1501 4675 Deo
1532 4620 1734 4676 etenim
1767 4629 2004 4686 amatur,
2047 4627 2101 4677 ct

521 4708 673 4776 juxta
705 4710 852 4766 illum
906 4720 1015 4767 stat
1059 4724 1295 4780 semper.
1334 4710 1578 4767 Gratiam
1632 4709 1790 4766 facile
1846 4712 2102 4782 impetrat

528 4803 582 4857 in
604 4804 855 4859 omnibus
894 4818 1017 4874 qua:
1063 4804 1364 4869 desiderat,
1397 4803 1559 4861 modo
1600 4819 1706 4860 non
1739 4805 1814 4861 sit
1839 4806 2041 4877 injusta
2069 4822 2101 4862 ι

526 4896 715 4964 nobis;
742 4896 943 4965 injuste
974 4906 1154 4952 autem
1183 4904 1267 4951 est
1290 4909 1412 4951 cum
1445 4895 1593 4952 illam
1625 4911 1919 4967 operemur
1948 4898 2104 4955 bonis

478 5002 487 5007 ⁴
524 4989 713 5057 rapina
755 4988 1093 5059 comparatis
1128 4987 1291 5059 quasi
1319 4987 1367 5043 si
1421 5003 1554 5059 pura
1613 5002 1815 5047 essent.
1849 4990 2101 5063 Magnam

524 5081 875 5148 operantibus
929 5094 1049 5137 eam
1109 5081 1273 5137 donat
1310 5081 1596 5152 justitiam,
1649 5093 1793 5139 tanta
1853 5084 1969 5154 ejus
2020 5093 2104 5140 est

525 5171 783 5228 fortitudo
830 5182 886 5230 et
941 5174 994 5228 in
1037 5175 1271 5244 gratiam
1348 5176 1715 5233 misericordis
1758 5187 1814 5232 ct
1869 5179 1923 5231 in
1978 5190 2103 5248 gra-

528 5263 656 5317 tiam
695 5265 989 5343 peccantis.
1022 5265 1138 5336 lpsa
1164 5307 1180 5333 ,
1211 5267 1423 5323 vincula
1468 5268 1665 5335 solvit,
1722 5271 1971 5325 tenebras
2015 5268 2104 5323 [υ-

473 5347 479 5353 ’
526 5361 654 5422 gat,
701 5354 877 5424 ignem
948 5358 1287 5428 exstinguit,
1336 5374 1572 5415 vermem
1627 5360 1863 5424 occidit,
1902 5359 2103 5413 avertit

536 5442 825 5499 stridorem
876 5446 1141 5515 dentium,
1173 5451 1329 5522 eique
1376 5465 1572 5527 magna
1628 5466 1749 5506 cum
1800 5451 2095 5510 securitate

596 5578 618 5609 ³
656 5575 697 5633 ii
726 5577 915 5639 'l‘bess.
936 5598 1031 5656 tu,
1065 5585 1149 5641 15.

614 5716 660 5789 ιο
686 5716 748 5774 ο,
785 5718 846 5775 (ς,
899 5720 1074 5784 δίδως,
1172 5722 1216 5753 ⁸⁸
1248 5722 1308 5776 C.
1342 5722 1403 5776 C.
1446 5720 1644 5789 πολλῆς
1694 5717 1816 5789 τῇςε

1918 5717 1958 5750 ¹⁵
1991 5718 2052 5772 C.
2078 5716 2141 5771 C.
2177 5717 2258 5771 τὸ.

2208 3796 2313 3849 κᾶν
2342 3793 2554 3849 ἅπαντα
2584 3789 2949 3863 περιϐάληται
2980 3785 3080 3857 τῆς
3121 3781 3449 3854 οἰκουμένης
3487 3779 3579 3835 τὸν
3608 3777 3775 3833 πλοῦν·

2203 3902 2318 3951 τον,
2349 3885 2575 3939 πάντων
2604 3883 2722 3936 ἐστὶ
2747 3880 3091 3949 πενέστερος.
3562 3948 3567 3949 γ

2271 3976 2469 4042 Οὕτως
2503 3973 2743 4029 λαλεῖτε
2769 3969 2866 4026 καί
2893 3970 3080 4033 οὕτως
3095 3965 3335 4029 ποιεῖτε,
3364 3962 3558 4030 ὠςδιὰ
3585 3961 3774 4030 νόμον

2271 4160 2489 4214 Βέλτιον
2526 4156 2637 4228 γάρ
2676 4156 2787 4218 τοῖς
2817 4154 3071 4225 ῥήμασι»
3086 4149 3244 4240 ,ὑμᾶς
3275 4146 3509 4219 φοϐῆσαι
3532 4186 3547 4212 ,
3575 4144 3662 4198 ἵνα
3697 4160 3773 4215 μη

2094 4250 2104 4259 ’
2201 4255 2311 4316 τοῖς
2352 4251 2671 4323 πράγμασιν
2698 4247 2999 4318 ἀλγησητε.

2269 4341 2725 4414 Κατακαυχᾶται
2748 4340 2924 4395 ἔλεον
2941 4335 3211 4407 κρίσεως.

2288 4535 2353 4590 Ἦ
2378 4529 2719 4604 ἐλεημοσύνη
2752 4528 2912 4599 τέχνη
2936 4540 3021 4589 τις
3049 4524 3245 4594 ἀριστη
3276 4522 3394 4575 ἐστὶ
3417 4519 3510 4574 καὶ
3541 4515 3775 4587 προστά-

2199 4645 2285 4692 τις
2337 4627 2446 4680 τῶν
2502 4620 2886 4695 ἐργαζομένων
2937 4616 3127 4687 αὑτήν.
3183 4615 3317 4683 Φίλη
3367 4613 3477 4683 γὰρ
3508 4610 3604 4663 τοῦ
3634 4608 3771 4661 Θεοῦ

2197 4721 2317 4773 ἐστι
2344 4718 2409 4782 ⁸⁸,
2441 4715 2537 4770 καὶ
2581 4716 2670 4768 ἀεὶ
2697 4714 2926 4784 πλησίον
2959 4711 3190 4781 ἕστηκεν
3218 4704 3404 4770 αὑτοῦ,
3439 4702 3579 4775 ὑπὲρ
3604 4695 3677 4756 ὧν
3704 4700 3767 4753 ἂν

2205 4808 2466 4882 βούληται
2490 4806 2727 4869 εὐκόλως
2756 4806 2986 4861 αἰτοῦσα
3030 4803 3214 4875 χάριν,
3249 4799 3408 4871 μόνον
3455 4796 3522 4851 ἂν
3557 4794 3629 4866 μὴ
3657 4791 3766 4844 ἀδι-

2204 4902 2372 4971 κῆται
2424 4898 2555 4972 παρ’
2598 4898 2776 4969 ήμῶνο
2819 4898 3085 4953 ἀδικεῖται
3121 4895 3178 4949 δὲ
3203 4935 3219 4959 ,
3252 4894 3382 4945 ὅταν
3410 4888 3471 4954 ἐξ
3514 4884 3761 4958 ἁρπαγῆς

2199 4992 2380 5049 αὑτῶν
2403 4991 2449 5023 ⁸⁸
2479 4988 2862 5061 ἐργαζώμεθα,
2888 4990 2962 5052 ὡς
2990 4987 3086 5042 ὲάν
3170 4982 3412 5053 καθαρὰ,
3437 4977 3640 5048 πολλὴν
3659 4975 3766 5037 τοῖς

2201 5081 2625 5153 ἀναπέμπουσιν
2673 5079 2844 5151 αὐτὴν
2891 5079 3078 5133 δίδωσι
3129 5076 3230 5147 τὴν
3282 5070 3621 5145 παρρησίαν
3677 5066 3795 5139 κει)Ἰ

2201 5172 2344 5245 ὑπὲρ
2392 5170 2921 5243 προσκεκρουκότων
2972 5169 3179 5239 δεῖται,
3229 5162 3464 5231 τοσαύτη
3511 5157 3683 5226 αὑτῆς
3736 5156 3772 5225 ἡ

2200 5264 2373 5335 ίσχὺς,
2402 5265 2496 5317 καὶ⁷
2539 5264 2682 5334 ὑπὲρ
2702 5260 3102 5333 ἡμαρτηκότων
3122 5260 3164 5291 ⁸⁸
3187 5273 3201 5287 ⁸
3242 5254 3381 5325 αῦτη
3410 5251 3772 5323 διαῤῥήγνυσι

2198 5359 2268 5413 τά
2296 5358 2495 5430 δεσμά,
2523 5358 2642 5412 λύει
2674 5357 2737 5412 τὸ
2763 5356 2975 5423 σκότος,
3020 5354 3272 5409 σϐέννυσι
3298 5350 3360 5404 τὸ
3387 5347 3521 5419 πῦρ,
3548 5343 3776 5399 θανατοῖ

2198 5452 2287 5509 τὸν
2323 5450 2604 5522 σκώληκα,
2638 5449 2937 5504 ἀπελαύνει
2973 5447 3062 5503 τὸν
3089 5445 3199 5502 τῶν
3222 5443 3450 5498 ὀδόντων
3482 5434 3769 5510 βρυγμόν”

2340 5718 2381 5748 ²⁶
2411 5715 2472 5769 C.
2512 5716 2573 5770 C.
2611 5714 3053 5784 ἐλεηθησόμενος.
3133 5713 3194 5766 ³⁷.
3222 5711 3285 5769 C.
3320 5710 3381 5768 C.
3440 5706 3771 5782 παρωξύνιι.

525 5785 569 5829 ⁸³
587 5787 649 5853 C.
683 5790 744 5851 C.
775 5792 1106 5862 γυμνωθεὶς.
1184 5794 1224 5825 ¹⁹
1249 5793 1309 5848 C.
1337 5792 1397 5846 (ἑ.
1456 5785 1626 5843 ἐστὶν.
1695 5788 1765 5873 h"
1795 5788 1855 5843 (Σ.
1881 5787 1942 5845 C.
1970 5787 2105 5860 αὑτὴ

2230 5788 2272 5819 ²¹
2313 5786 2375 5843 C.
2404 5785 2465 5841 Ο.
2499 5785 2894 5858 ἡμαρτικότων.
