4084 6500
481 406 623 465 tots
1446 387 1876 469 FRAGMENTA
1913 409 1979 466 IN
2017 411 2409 469 EPISTOLAM
2451 414 2507 470 s.
2549 415 2805 475 ωροτε.
3628 424 3770 484 teis

477 531 649 602 ταύτῃ
680 531 818 603 μετὰ
873 531 1075 601 πολλῆς
1104 529 1291 594 ἀδείας
1322 530 1632 601 ἀνοίγονται
1678 533 1789 586 τῶν
1819 531 2037 604 οὐρανῶ

2143 534 2444 593 ,emlorum
2516 537 2841 603 aperiuntur
2909 549 3099 607 portae.
3162 570 3233 581 —
3271 539 3339 595 Et
3404 543 3564 612 paulo
3623 560 3762 612 post.

478 625 534 676 αἱ
586 623 779 677 πύλαι.
836 652 906 666 -
958 624 1066 678 Καὶ
1095 623 1226 694 μετ’
1265 624 1461 692 ὀλίγω-
1534 624 1835 678 Βασίλισσα
1866 625 1912 657 ’⁸
1958 625 2041 697 ys,

2172 626 2382 682 Revera
2427 629 2628 683 etenim
2683 630 2869 701 regina
2898 639 3006 697 est,
3030 632 3239 688 similes
3268 634 3520 693 homines
3560 637 3766 696 faciens

473 716 646 780 ὅντως
698 716 848 770 ἐστὶν
903 716 1108 788 ὁμοίως
1153 717 1199 749 ³³
1256 717 1582 789 ἀνθρώπους
1629 718 1863 772 ποιοῦσα
1920 719 2063 789 Θεῷι

477 808 740 863 Ἕσεσθε
758 807 891 878 τὰρ,
905 808 1095 880 φησὶν,
1114 808 1506 879 οἰκτίρμονες,
1527 810 1610 876 ὠς
1625 812 1657 864 ὀ
1679 810 1885 881 Πατὴρ
1904 810 2070 880 ὑμῶν

472 905 505 954 ὁ
541 901 613 954 ἐν
659 900 784 967 τοῖς
831 901 1135 970 οὐρανοῖς·
1196 902 1509 975 ὑπόπτεράς
1550 904 1670 955 ἐστι
1710 904 1806 958 καὶ
1844 905 2024 974 κούφη

2170 918 2393 963 auratas
2410 908 2619 964 habens
2642 927 2870 980 pennas,
2899 927 3024 982 quae
3045 912 3252 968 aethera
3279 913 3443 969 volito
3471 915 3766 971 verberan-

470 998 752 1070 πτέρυγας
796 995 998 1067 ἔχουσα
1028 997 1259 1068 χρυσᾶς
1299 996 1498 1067 πτῆσιν
1528 995 1731 1067 ἔχουσα
1758 996 1901 1050 πάνυ
1936 997 2041 1068 τέρ

2169 1010 2275 1067 tes,
2302 1001 2531 1055 multum
2557 1001 2838 1058 laetiﬁcant
2854 1004 3180 1075 angelos.De
3202 1005 3293 1060 illa
3310 1007 3512 1062 dicitur
3532 1027 3547 1063 :
3568 1006 3768 1063 Penno:

471 1107 574 1143 που
584 1106 683 1143 σαν
705 1088 833 1152 τοὺς
845 1088 1135 1157 ἀγγέλους.
1153 1089 1303 1144 Ἐκεῖ
1317 1089 1365 1123 ⁸⁵
1389 1089 1689 1161 Πτέρυγες
1712 1088 2041 1158 περιστερῶ

2167 1092 2424 1148 columba:
2446 1093 2829 1165 deargentataz,
2865 1106 2914 1151 et
2965 1098 3263 1166 posteriora
3296 1098 3413 1169 ejus
3460 1101 3515 1154 in
3560 1100 3767 1169 pallore

468 1181 1034 1252 περιηργυρωμέναι,
1065 1181 1166 1238 καὶ
1209 1181 1557 1253 μετάφρενα
1589 1182 1887 1251 αὐτῆς-ἑν
1908 1185 2041 1251 χλω

2168 1186 2288 1240 auri
2341 1185 2406 1242 '°.
2440 1185 2596 1240 Sicut
2649 1189 2895 1255 quaedam
2945 1190 3201 1245 columba
3261 1205 3427 1246 aurea
3472 1201 3526 1246 et
3576 1192 3767 1248 vivens

461 1276 668 1343 ρότητι
710 1275 995 1345 χρυσίου.
1044 1275 1318 1345 Καθάπερ
1352 1276 1657 1347 περιστερὰ
1693 1292 1779 1339 τις
1812 1274 1991 1346 χρυσῆ
2019 1277 2038 1306 ²

2166 1276 2378 1341 volitat,
2406 1277 2691 1347 ρυΙι-Ιπυιιι
2725 1279 2934 1335 habens
2981 1292 3286 1350 aspectum,
3318 1282 3502 1337 dulces
3551 1281 3760 1349 oculos,

467 1366 563 1418 καὶ
586 1364 738 1428 ζῶσα
768 1366 1013 1419 πέτεται·
1042 1364 1202 1435 ὄμμα
1226 1365 1509 1438 προσηνὲς
1536 1365 1760 1437 ἔχουσα,
1784 1364 2041 1435 ὀφθαλμὶ·

2165 1370 2363 1440 quibus
2387 1371 2463 1424 nil
2490 1371 2710 1427 melius.
2736 1370 2969 1427 Pulcher
2987 1381 3069 1428 est
3104 1381 3160 1427 et
3191 1388 3350 1443 pavo,
3386 1373 3480 1428 sed
3519 1374 3566 1428 is
3606 1388 3760 1429 com-

466 1457 696 1527 ἤμερσεν
746 1456 903 1511 οὐδὲν
934 1458 980 1490 ⁸⁸
1027 1455 1312 1527 ὀφθαλμοῦ
1352 1457 1566 1512 ἐκείνου
1604 1457 1835 1529 βέλτιον.
1883 1456 2041 1511 Καλόε

2166 1461 2452 1532 paratione
2482 1463 2662 1527 istius,
2688 1463 2945 1534 graculus
2970 1472 3055 1520 est
3078 1479 3094 1529 ;
3120 1463 3259 1519 adeo
3287 1463 3483 1518 decora
3510 1473 3563 1518 et
3592 1464 3759 1518 mira-

466 1550 618 1601 ἐστιν
644 1549 673 1601 ό
717 1547 863 1613 ταὼς
890 1589 906 1615 ,
952 1548 1091 1603 ἀλλὰ
1120 1546 1261 1619 πρὸς
1303 1548 1522 1619 ἐκείνην
1552 1549 1783 1614 κολοιός·
1824 1547 1999 1612 οὕτως
2028 1550 2041 1598 1‘

2164 1555 2290 1610 bilis
2321 1566 2406 1611 est
2426 1556 2543 1611 avis
2567 1556 2675 1611 illa.
2695 1557 2819 1611 Alta
2853 1572 3073 1626 semper
3098 1556 3524 1627 contemplatur,
3555 1555 3753 1610 multa-

464 1643 613 1713 ὅρνις
647 1641 788 1712 αὕτη
821 1643 959 1715 καλή
998 1644 1083 1707 τίς
1126 1646 1248 1700 ἐστι
1287 1645 1386 1699 καὶ
1428 1644 1744 1716 θαυμαστή.
1781 1644 1930 1697 ’Λνω
1973 1641 2041 1697 διέ

2164 1664 2269 1720 que
2292 1649 2666 1703 circumdatur
2687 1649 2857 1720 gloria
2895 1649 3010 1704 Dei.
3038 1649 3207 1719 Virgo
3242 1657 3325 1703 est
3363 1649 3543 1703 aureis
3574 1648 3755 1702 dotata

468 1735 668 1801 παντὸς
692 1736 815 1808 ὁρῆν
840 1737 1011 1809 πολλῇ
1038 1738 1132 1792 τοῦ
1160 1738 1298 1792 Θεοῦ
1317 1741 1383 1810 τῇ
1407 1738 1534 1810 δόξῃ
1561 1736 2041 1810 περιστοιχίζεται.

2163 1740 2377 1810 pennis,
2407 1740 2577 1796 nitide
2610 1742 2936 1811 composita,
2967 1740 3094 1796 albo
3122 1749 3178 1796 et.
3209 1740 3349 1795 dulci
3385 1739 3556 1794 vultu.
3587 1739 3756 1810 Agilis

468 1830 743 1901 Παρθένος
767 1831 888 1884 ἐστὶ
938 1830 1222 1902 πτέρυγας
1247 1831 1447 1902 ἔχουσα
1473 1832 1702 1903 χρυσᾶς,
1731 1849 1797 1884 πε
1808 1830 2041 1902 ριεσταλ-

2161 1842 2246 1888 est
2274 1843 2328 1889 et
2358 1833 2515 1901 levis,
2553 1834 2788 1905 regalem
2818 1844 2945 1889 ante
2977 1835 3233 1890 thronum
3256 1842 3431 1889 stans.
3453 1832 3588 1887 Cum
3607 1831 3753 1902 judi—

469 1920 629 1992 μένη,
658 1919 852 1977 λευκὸν
871 1922 1077 1993 ἔχουσα
1104 1922 1672 1994 πρόσωπον,ἥμερον.
1716 1921 2041 1993 ’Υπόπτερός

2161 1943 2371 1991 cantur,
2406 1928 2590 1984 subito
2619 1928 2918 1998 splendens
2949 1930 3218 1999 assurgit,
3251 1935 3309 1983 et
3342 1941 3373 1980 a
3405 1925 3754 1979 damnatione

461 2013 580 2064 ἐστι
604 2013 698 2066 καὶ
728 2012 1102 2087 κούφη,παρα
1129 2014 1222 2068 τὸν
1243 2013 1435 2086 θρόνον
1466 2014 1686 2069 ἑστῶσα
1715 2015 1807 2072 τὸν
1848 2015 2041 2088 βασιλι·

2162 2034 2267 2073 non
2313 2020 2476 2090 eripit
2536 2035 2675 2091 quos
2735 2021 2933 2092 pennis
2984 2006 3227 2092 protegit
3274 2019 3536 2075 extensis.
3602 2017 3754 2072 Illam

461 2103 576 2158 κόν.
592 2104 765 2158 Ὅταν
795 2106 1117 2178 κρινώμεθα
1135 2110 1205 2176 ³⁷,
1229 2109 1388 2179 ἄφνω
1414 2108 1704 2179 ἐφίσταται
1736 2111 1832 2165 καὶ
1861 2111 2041 2181 φαίνε-

2161 2111 2276 2167 vult
2297 2113 2463 2181 Deus,
2494 2123 2551 2168 et
2585 2129 2690 2169 non
2714 2113 3082 2170 sacriﬁcium.

458 2215 548 2251 ται
567 2237 582 2260 ,
614 2199 714 2253 καὶ
752 2197 1053 2270 ἐξαιρεῖται
1082 2201 1182 2272 τῆς
1212 2201 1492 2267 κολάσεως
1522 2205 1691 2274 ἡμᾶς,
1732 2205 1853 2268 ταῖς
1882 2205 2055 2275 αὐτῆς

457 2284 687 2356 πτέρυξι
711 2288 1143 2360 περιϐάλλουσα,
1162 2291 1370 2364 ταύτην
1399 2291 1544 2347 θέλει
1569 2294 1597 2347 ό
1616 2293 1749 2358 Θεὸς
1774 2293 1807 2366 ἣ
1838 2294 2055 2358 θυσίας.

529 2378 694 2433 Οὕτω
718 2381 817 2434 καὶ
847 2382 885 2449 ἠ
926 2382 1153 2449 πίστις,
1186 2384 1297 2438 ἐὰν
1349 2384 1436 2454 μὴ
1498 2387 1611 2455 ἔχῃ
1671 2386 1837 2455 ἔργα,
1869 2385 2054 2455 νεκρά

456 2472 588 2527 ἐστι
606 2476 735 2531 καθ’
750 2475 997 2545 ἑαυτήν.
1018 2476 1182 2531 Ἀλλ’
1197 2477 1326 2547 ἐρεῖ
1348 2496 1459 2545 τις,
1485 2478 1569 2532 Σὺ
1607 2481 1820 2533 πίστιν
1850 2479 2013 2550 ἔχεις
2033 2522 2048 2547 ,

457 2566 621 2638 κάγὼ
679 2568 826 2639 ἔργα
868 2568 1009 2638 ἔχω,
1048 2566 1254 2635 δεῖξόν
1293 2587 1397 2641 μοι
1445 2574 1560 2639 τὴν
1591 2572 1801 2625 πίστιν
1827 2587 1945 2626 σου
1979 2571 2041 2627 ἐκ

2158 2574 2267 2642 bes,
2290 2584 2336 2628 et
2371 2590 2464 2643 ego
2509 2589 2667 2643 opera
2733 2573 2939 2638 habeo;
2973 2572 3186 2627 ostende
3222 2570 3350 2623 mihi
3392 2568 3549 2639 ﬁdem
3603 2577 3747 2620 tuam

454 2661 575 2716 τῶν
626 2662 820 2735 ἔργων
878 2678 1018 2719 σου’
1052 2646 1218 2734 κάγὼ
1259 2664 1438 2729 δείξω
1469 2679 1571 2719 σοι
1610 2665 1681 2719 ἐκ
1711 2665 1832 2720 τῶν
1856 2665 2041 2736 ἔργων

2155 2666 2271 2719 sine
2296 2663 2562 2733 operibus,
2596 2672 2644 2717 et
2676 2678 2770 2733 ego
2801 2663 3074 2716 ostendam
3107 2661 3200 2715 tibi
3232 2675 3297 2714 ea:
3325 2658 3565 2729 operibus
3583 2656 3746 2725 ﬁdem

449 2774 571 2826 μου
615 2756 732 2825 τὴν
773 2757 985 2811 πίστιν
1031 2774 1174 2827 μου.
1211 2756 1297 2811 Σὺ
1344 2758 1651 2825 πιστεύεις
1693 2757 1786 2811 ὅτι
1839 2760 1873 2812 ό
1902 2758 2041 2825 Θεὸς

2154 2772 2342 2813 meam.
2378 2754 2456 2810 Tu
2481 2750 2939 2826 cretlis‘quoniam
2974 2770 3112 2808 unus
3153 2765 3227 2807 est
3271 2752 3409 2807 Deus
3441 2767 3454 2781 '
3491 2750 3616 2806 bene
3655 2749 3744 2819 [a-

452 2845 542 2915 εἷς
587 2852 719 2907 ἐστι
743 2891 759 2917 ,
799 2849 1003 2918 καλῶς
1062 2851 1255 2918 ποιεῖς
1287 2868 1302 2882 ·
1348 2852 1446 2908 καὶ
1496 2853 1568 2907 τὰ
1626 2850 1907 2921 δαιμόνια
1952 2868 2041 2907 πι-

2149 2848 2259 2915 cis;
2279 2857 2325 2902 et
2354 2847 2616 2903 daemones
2643 2847 2886 2915 credunt,
2911 2861 2972 2900 ac
2995 2845 3425 2900 contremiscunt.
3456 2896 3461 2899 _

452 2945 743 2999 στεύουσι
761 2984 778 3010 ,
813 2942 913 2997 καὶ
934 2943 1298 3019 φρίσσουσι.

522 3059 647 3113 Κᾶν
675 3060 785 3131 γὰρ
827 3059 909 3123 είς
939 3058 1033 3115 τὸν
1074 3058 1295 3131 Πατέρα
1325 3060 1420 3113 καὶ
1464 3061 1545 3123 εἰς
1576 3060 1671 3113 τὸν
1705 3058 1836 3113 Υἱὺν
1867 3059 2041 3131 ὀρθῶς

2228 3056 2383 3114 Licet
2428 3056 2574 3113 enim
2614 3055 2667 3110 in
2719 3054 2941 3111 Patrem
2972 3066 3023 3111 et
3076 3055 3130 3110 in
3165 3052 3362 3108 Filium
3430 3062 3578 3108 recte
3624 3053 3746 3122 quis

449 3169 535 3215 τις
563 3151 822 3227 πιστεύῃ,
860 3154 957 3207 καὶ
979 3155 1062 3216 είς
1089 3153 1151 3206 τὸ
1181 3152 1412 3225 Πνεῦμα
1442 3153 1504 3209 τὸ
1528 3153 1706 3223 ἅγιον,
1735 3152 1852 3224 βίον
1884 3153 1944 3208 δὲ
1973 3154 2041 3226 μὴ

2154 3151 2361 3218 credat,
2394 3158 2449 3207 et
2486 3150 2544 3205 in
2581 3147 2847 3221 Spiritum
2892 3158 3168 3214 sanetum,
3201 3148 3367 3203 vitam
3421 3157 3603 3203 autem
3638 3161 3745 3202 non

450 3244 551 3318 ἔχῃ
581 3244 765 3318 ὀρθὸν,
816 3245 972 3303 οὐδὲν
1003 3245 1155 3317 αὑτῷ
1192 3246 1389 3319 κέρδος
1418 3248 1520 3319 τῆς
1562 3246 1803 3313 πίστεως
1831 3250 1911 3312 εἰς
1939 3266 2041 3302 σωκ

2153 3243 2356 3298 habeat
2411 3252 2639 3309 rectam,
2669 3242 2815 3296 milia
2870 3242 2917 3296 ei
2960 3242 3081 3296 ιιιιεί
3127 3240 3336 3296 utilitas
3385 3238 3437 3293 in
3488 3238 3744 3294 salutem.

450 3337 667 3412 τηρίαν.
697 3337 911 3394 Οὐκοῦν
940 3339 1071 3393 ὅταν
1100 3338 1264 3411 λέγῃ,
1309 3338 1421 3393 Καὶ
1461 3339 1615 3408 αὕτη
1660 3340 1770 3410 γάρ
1795 3342 1967 3394 ἐστιν
2006 3341 2041 3408 ἡ

2152 3338 2288 3392 Dum
2318 3352 2448 3406 ergo
2478 3338 2614 3407 legis
2643 3353 2656 3389 :
2696 3334 2830 3389 Ιιιεε
2867 3344 2942 3389 est
2962 3336 3070 3389 rita
3096 3343 3317 3398 a'tenta,
3348 3342 3405 3387 ut
3426 3341 3744 3403 cognoscant

448 3430 687 3497 αἰώνιος
712 3428 849 3498 ζωὴ,
881 3430 983 3484 ἵνα
1007 3428 1351 3500 γινώσκωσι
1377 3444 1453 3484 σε
1477 3429 1588 3483 τὸν
1607 3433 1805 3500 μόνον
1839 3431 2041 3500 ἀληθι-

2154 3437 2205 3482 ιε
2229 3427 2402 3482 solum
2434 3427 2605 3481 Deum
2638 3443 2817 3481 verum
2848 3425 2914 3492 “,
2940 3442 3006 3480 ne
3034 3425 3228 3480 credas
3257 3425 3373 3479 haec
3395 3424 3539 3478 dicta
3584 3421 3743 3478 nobis

448 3521 563 3577 νὸν
592 3520 763 3585 Θεὸν,
800 3521 879 3591 μὴ
907 3521 1221 3592 νομίσωμεν
1260 3522 1394 3591 ἡμῖν
1429 3522 1624 3591 ἀρκεῖν
1651 3523 1733 3585 είς
1764 3522 2041 3592 σωτηρίαν

2148 3517 2396 3573 sulllcere
2437 3520 2503 3574 ad
2532 3520 2790 3573 salutem.
2822 3516 3051 3586 Oportet
3081 3517 3227 3571 enim
3267 3530 3366 3570 nos
3414 3522 3470 3570 et
3509 3514 3620 3570 vita
3685 3521 3744 3568 et

448 3614 510 3666 τὸ
536 3613 846 3683 λεγόμενοψ
877 3613 960 3666 δεῖ
999 3612 1109 3682 γὰρ
1147 3613 1297 3683 ἡμᾶς
1341 3612 1437 3665 καὶ
1467 3607 1598 3683 ’βίου
1632 3613 1727 3667 καὶ
1766 3613 2041 3677 πολιτείας

2149 3611 2391 3666 moribus
2419 3610 2741 3679 purissimos
2772 3610 3064 3665 exsistere.

449 3685 872 3777 καθαρωτάτης.

2173 723 2283 778 1)εο
2322 742 2336 778 :
2376 727 2559 778 Estote
2602 740 2726 795 ergo
2787 726 3188 792 misericordes,
3237 728 3458 798 dicitur,
3522 732 3657 787 sicut
3710 744 3768 789 et

2173 812 2337 869 Pater
2362 825 2528 870 vester
2553 817 2642 885 qui
2665 817 2720 871 in
2745 817 2889 872 melis
2915 826 2991 872 est
3018 819 3060 872 ’.
3097 818 3272 890 Agilis
3297 831 3382 876 est
3411 832 3466 877 et
3492 824 3648 889 levis,
3674 825 3766 880 de-

2230 2388 2394 2446 Vt-ztts.
2447 2388 2636 2445 {7-19.
2678 2388 2769 2443 Sic
2813 2396 2864 2442 et
2918 2388 3073 2456 ﬁdes,
3100 2388 3147 2441 si
3183 2403 3284 2440 non
3338 2384 3525 2439 habeat
3566 2398 3747 2453 opera,

2159 2494 2367 2536 mortua
2397 2491 2473 2535 est
2496 2483 2551 2534 in
2579 2483 2880 2550 semetipsa.
2909 2480 3013 2534 Sed
3039 2480 3173 2533 dicet
3193 2481 3309 2549 quis
3326 2493 3346 2532 :
3370 2481 3442 2533 Tu
3468 2476 3628 2546 ﬁdem
3654 2475 3749 2528 Ita-

516 3796 679 3867 Μέγα
711 3796 809 3869 μὲν
841 3795 1028 3861 πίστις
1057 3796 1153 3852 καὶ
1183 3797 1478 3869 σωτήριον,
1516 3797 1612 3852 καί
1652 3797 1859 3868 ταύτης
1909 3798 2039 3854 ἄνευ

447 3892 547 3946 οὐκ
584 3891 665 3946 ἔνι
696 3891 937 3963 σωθῆναί
970 3908 1103 3945 ποτε
1128 3909 1143 3923 ο
1178 3890 1294 3946 ἀλλ’
1336 3893 1437 3945 οὐκ
1465 3892 1632 3963 ἀρκεῖ
1668 3892 1793 3947 καθ’
1839 3894 2041 3967 ἑαυτὴν

445 3984 606 4039 τοῦτο
633 3983 999 4058 ἐργάσασθαι.
1048 3982 1212 4038 Ἀλλά
1251 3984 1336 4039 δεῖ
1374 3986 1469 4039 καὶ
1507 3984 1788 4050 πολιτείας
1832 3984 2035 4057 ὀρθῆςο

443 4077 586 4133 ὥστε
610 4076 700 4130 διὰ
725 4074 887 4129 τοῦτο
914 4076 1012 4130 καὶ
1037 4074 1249 4138 Παῦλος
1278 4076 1391 4139 τοῖς
1426 4073 1527 4146 ἤδη
1556 4074 1667 4127 τῶν
1717 4074 2041 4147 μυστηρίων

445 4167 866 4234 καταξιωθεῖσι,
894 4168 1157 4239 παραινεῖ
1189 4165 1388 4236 λέγων·
1422 4163 1832 4237 Σπουδάσωμεν
1858 4165 2037 4218 εἰσελ-

446 4262 558 4316 θεῖν
577 4263 658 4326 είς
682 4260 782 4331 τὴν
802 4261 1149 4314 κατάπαυσιν
1171 4258 1392 4329 ἐκείνην
1404 4257 1470 4290 ⁸⁸·
1493 4257 1909 4329 σπουδάσωμεν,
1932 4275 2039 4330 φη-

446 4356 552 4423 σ“.ν,
582 4354 659 4418 ὡς
686 4354 788 4408 οὐκ
824 4352 1107 4425 ἀρκούσης
1130 4351 1234 4422 τῆς
1260 4350 1520 4417 πίστεως,
1564 4350 1680 4404 ἀλλ’
1722 4350 2036 4420 ὀφείλοντος

444 4446 777 4518 προτεθῆναι
797 4446 892 4500 καὶ
907 4444 1002 4499 τοῦ
1025 4444 1166 4516 βίου,
1186 4443 1281 4497 καὶ
1300 4443 1503 4516 πολλὴν
1518 4441 1617 4516 τὴν
1642 4442 1881 4515 σπουδὴν
1898 4443 2039 4513 γίνε-

446 4539 592 4592 σθαι.
625 4540 717 4591 Δεῖ
737 4536 846 4608 γὰρ
868 4536 1039 4601 ὅντως
1063 4535 1160 4590 καὶ
1186 4534 1389 4604 πολλῆς
1418 4534 1658 4606 σπουδῆς
1685 4534 1828 4589 ὥστε
1854 4533 2033 4587 εἰσελ-

445 4628 559 4681 θεῖν
586 4627 667 4691 είς
695 4625 790 4679 τὸν
828 4625 1081 4697 οὐρανόν.
1117 4624 1180 4678 El
1215 4622 1328 4695 γὰρ
1367 4623 1474 4695 γῆς
1513 4623 1575 4676 οὑ
1610 4623 2035 4696 κατηξιώθησαν

445 4716 494 4769 οἱ
521 4712 763 4769 τοσαῦτα
787 4712 1305 4786 ταλαιπωρηθέντες
1343 4716 1401 4767 ὲν
1433 4715 1498 4785 τῇ
1534 4713 1763 4785 ἐρήμῳ,
1797 4714 1893 4769 καὶ
1929 4713 2035 4784 γῆς

444 4809 631 4878 τυχεῖν
665 4807 767 4861 οὐκ
794 4805 1164 4878 ἠδυνήθησαν,
1192 4805 1316 4860 ἐπεὶ
1349 4804 1683 4876 ἐγόγγυσαν,
1717 4807 1813 4860 καὶ
1843 4804 2037 4876 ἐπειδὴ

446 4900 802 4972 ἐπόρνευσαν,
845 4898 966 4963 πῶς
1011 4898 1105 4953 τὸν
1142 4898 1371 4970 οὐρανὸν
1417 4900 1578 4971 ἡμεῖς
1621 4898 2036 4970 καταξιωσηθό-

449 4992 590 5062 μεθα
619 4994 666 5025 ’⁸
695 4990 1008 5061 ἀδιαφόρως
1032 4990 1235 5056 ζῶντες
1274 4992 1369 5045 καὶ
1400 4991 1697 5064 ρᾳθύμως;
1726 4994 1821 5046 Δεῖ
1855 4992 2036 5047 τοίνυν

450 5089 577 5160 η’μῖν
606 5086 812 5158 πολλῆς
842 5083 1107 5155 σπουδῆς.
1143 5070 1255 5138 Καὶ
1284 5084 1468 5139 πάλιν.

517 5200 730 5265 Πίστις
793 5195 974 5266 χωρὶς
1014 5194 1134 5252 τῶν
1186 5195 1379 5264 ἔργων
1404 5195 1589 5264 νεκρά
1615 5195 1808 5250 ἐστιν.

472 5276 477 5281 ’
519 5292 781 5355 Εἰκότως*
828 5291 1020 5361 ὥσπερ
1061 5288 1171 5360 γὰρ
1214 5289 1376 5360 σῶμα
1420 5287 1587 5343 καλὸν
1632 5292 1726 5342 καὶ
1768 5288 2032 5355 εὐανθὲς,

447 5381 576 5435 ὅταν
615 5383 768 5452 ἰσχὺν
818 5380 892 5453 μὴ
942 5379 1039 5452 ἔχῃ
1065 5419 1081 5445 ,
1128 5378 1265 5433 ἀλλὰ
1307 5382 1421 5442 τοῖς
1463 5378 1956 5452 ἐζωγραφημένοις

450 5476 771 5545 προσεοικὸς
802 5475 872 5539 ³ο,
898 5472 1043 5528 οὑτω
1072 5473 1258 5536 πίστις
1289 5472 1428 5545 ὀρθὴ
1454 5474 1623 5544 χωρὶς
1657 5473 1859 5544 ἔργων.

2219 3791 2473 3864 Magnum
2501 3792 2721 3863 quidem
2748 3800 2803 3848 et
2833 3792 2968 3849 ﬁdes
2995 3800 3051 3848 et
3080 3792 3247 3859 salus,
3272 3801 3325 3847 et
3354 3793 3472 3848 sine
3502 3791 3607 3846 lide
3639 3791 3742 3847 Sal-

2146 3886 2262 3942 vari
2298 3900 2574 3955 nunquam
2624 3900 2935 3955 possumus.
2970 3885 3078 3941 Sed
3120 3901 3226 3941 non
3262 3884 3458 3942 sullieit
3480 3886 3544 3939 ad
3591 3884 3737 3940 salu-

2145 3987 2275 4044 tem,
2296 3976 2456 4031 ﬁdem
2475 3976 2576 4032 sibi
2590 3974 2928 4032 ell‘ormasse.
2953 3974 3138 4032 ﬂectis
3162 3986 3345 4032 autem
3374 3991 3513 4046 opus
3534 3984 3619 4033 est
3644 3976 3741 4031 ad-

2142 4069 2249 4125 huc
2270 4067 2530 4123 moribus.
2554 4065 2848 4138 Propterea
2881 4078 2937 4123 et
2972 4067 3174 4124 Paulus
3199 4067 3318 4124 illos
3334 4068 3426 4139 qui
3446 4066 3558 4136 jam
3584 4067 3737 4138 digni

2140 4158 2314 4217 habiti
2347 4168 2474 4215 sunt
2505 4159 2892 4232 mysteriorum
2919 4161 3246 4216 exhortatur
3273 4159 3459 4214 dicens
3501 4177 3516 4214 :
3554 4156 3732 4214 Festi-

2142 4267 2335 4308 nemus
2362 4252 2570 4324 ingredi
2609 4252 2661 4307 in
2697 4251 2842 4307 illam
2880 4253 3126 4323 requiem
3161 4252 3239 4320 ";
3268 4251 3588 4307 festinemus
3635 4253 3736 4320 ait,

2141 4343 2268 4415 quia
2288 4360 2393 4400 non
2417 4343 2617 4401 sullicit
2647 4344 2800 4412 lides,
2829 4344 2927 4401 sed
2957 4344 3171 4401 ostendi
3195 4345 3359 4400 debet
3380 4346 3513 4413 vita,
3534 4353 3590 4399 et
3610 4344 3737 4410 hoc,

2074 4418 2117 4475 Ῑ)
2145 4437 2311 4493 multa
2345 4453 2467 4494 cum
2500 4436 2870 4493 festinatione.
2902 4435 3101 4507 Magno
3131 4435 3278 4490 enim
3309 4450 3446 4504 opus
3492 4443 3576 4511 est
3613 4435 3738 4504 qui-

2143 4532 2264 4586 dem
2295 4532 2492 4587 ardore
2520 4539 2576 4585 ut
2602 4530 2801 4586 ccelum
2835 4529 3224 4601 ingrediamur.
3248 4526 3494 4597 Namque
3518 4527 3561 4581 si
3589 4537 3733 4581 terra

2143 4640 2250 4679 non
2280 4624 2427 4695 digni
2457 4623 2664 4678 inventi
2692 4631 2820 4679 sunt
2851 4620 3090 4686 Hebraei,
3123 4621 3219 4692 qui
3241 4628 3395 4674 tanta
3425 4619 3572 4690 passi
3606 4629 3734 4674 sunt

2143 4718 2195 4773 in
2215 4718 2462 4781 deserto;
2494 4718 2540 4771 si
2605 4726 2804 4772 terram
2862 4715 3142 4786 possidere
3184 4729 3292 4770 non
3336 4719 3650 4781 potuerunt,
3681 4719 3737 4765 et

2145 4824 2270 4865 mox
2326 4818 2824 4874 murmuraverunt,
2888 4817 2943 4864 et
2992 4817 3180 4879 postea
3229 4803 3482 4862 fornicati
3557 4811 3730 4867 sunt,

2144 4901 2417 4972 quomodo
2447 4915 2545 4957 nos
2566 4900 2706 4957 ctelo
2730 4901 2877 4972 digni
2909 4901 3305 4972 judicabimur,
3332 4897 3425 4967 qui
3453 4895 3724 4967 negligen-

2146 5003 2229 5048 ter
2254 5004 2310 5049 et
2350 4994 2585 5049 molliter
2623 4994 2901 5051 vivimus?
2938 4994 3143 5064 Nempe
3195 5003 3442 5061 estergo
3501 4997 3560 5044 ut
3612 5001 3734 5042 cum

2144 5086 2317 5144 multo
2338 5086 2649 5143 laboremus
2678 5088 2894 5144 ardore.

2215 5196 2383 5253 Vens.
2430 5195 2522 5252 27.
2601 5196 2666 5251 Ει
2711 5199 2843 5268 ﬁdes
2892 5200 3004 5254 sine
3064 5199 3307 5269 operibus
3369 5205 3578 5252 mortua
3635 5205 3736 5252 est.

2216 5288 2283 5344 Et
2312 5291 2699 5347 convenienter
2732 5308 2746 5346 :
2777 5290 2935 5347 Sicut
2978 5292 3125 5346 enim
3160 5290 3445 5361 pulchrum
3497 5298 3551 5342 ct
3590 5286 3738 5343 ﬂori-

2144 5386 2271 5441 dum
2315 5400 2515 5457 corpus
2549 5386 2690 5456 quod
2746 5386 2949 5441 nullam
2984 5387 3185 5442 habent
3218 5385 3325 5439 vim
3355 5393 3409 5438 et
3441 5381 3619 5438 simile
3656 5380 3737 5452 pi-

2143 5479 2314 5534 cturis
2344 5488 2511 5546 esset,
2543 5480 2616 5533 ita
2648 5487 2703 5535 et
2727 5491 2873 5535 recta
2907 5478 3042 5535 lides
3074 5479 3195 5535 sine
3215 5475 3496 5545 operibus.

521 5654 540 5685 ⁹
580 5651 713 5709 Luc.
750 5667 824 5717 νι,
857 5650 948 5708 56.
1030 5650 1072 5681 ¹⁰
1114 5648 1257 5704 Psal.
1300 5663 1471 5714 van,
1506 5649 1593 5703 l4.
1674 5651 1714 5683 “
1749 5648 1909 5705 .loan.
1942 5666 2041 5708 xvu

2143 5653 2173 5710 ἱ.
2252 5656 2295 5690 ¹²
2339 5653 2505 5712 llebr.
2541 5672 2614 5722 Iv,
2645 5657 2701 5711 2.

520 5813 566 5844 “
597 5811 659 5868 Ο.
694 5811 756 5866 C.
793 5807 1132 5879 βασίλεισσα.
1197 5806 1255 5879 ξ’
1463 5803 1704 5879 ῥμοίουμς,

1781 5806 1825 5838 ³⁷⁵
1950 5807 2013 5862 C.
2054 5809 2208 5880 φησὶ.
2278 5810 2332 5883 Ᾱ²⁵
2368 5808 2427 5864 C.
2455 5810 2516 5864 C.
2552 5813 2856 5883 περιστερά
2885 5812 3088 5883 χρυσῆ.

450 5884 494 5919 η
528 5882 589 5940 (ι,
624 5885 683 5948 ς,
716 5875 1032 5954 κρίνόμεοα,
1112 5878 1157 5910 ²⁸
1186 5875 1246 5931 C.
1282 5876 1342 5931 C.
1369 5876 1586 5948 ἐκείνην
1614 5876 1712 5951 τὴν
1760 5875 2131 5933 κατάπαυσιν.
2175 5883 2217 5912 ²⁰
2250 5881 2311 5935 (3.
2342 5882 2403 5937 LI.
2448 5875 3006 5954 καταξὶωθηάόμέθα.

3167 5813 3212 5843 ²⁶
3244 5811 3307 5869 C.
3346 5811 3409 5866 C.
3435 5811 3589 5865 οὐδὲν
3611 5810 3729 5865 τοῦ.

3105 5883 3149 5916 ³⁰
3177 5884 3239 5940 (1.
3268 5882 3331 5939 C.
3366 5879 3732 5955 προσεοικὼς.
