4084 6488
373 380 504 436 ΗΠ

1036 501 1186 558 CAP.
1226 503 1312 558 Ill.

446 615 612 670 Vens.
648 615 699 670 1.
726 614 912 672 Nolite
933 616 1106 687 plures
1140 620 1381 689 magistri
1409 620 1547 687 ﬁeri,
1580 619 1776 688 fratres
1827 623 1950 687 mei,

367 709 589 762 scientes
623 713 874 779 quoniam
895 711 1068 778 majus
1091 712 1362 780 judicium
1406 713 1638 766 sumitis.

439 799 704 864 Quoniam
735 799 929 856 docere
959 813 1011 856 et
1046 817 1148 856 non
1185 801 1386 867 facere,
1437 819 1539 857 non
1577 803 1752 858 solum
1804 804 1951 859 utili-

373 900 536 944 tatem
558 891 782 958 nullam,
803 892 896 947 sed
919 893 1083 946 etiam
1105 894 1358 948 damnum
1380 895 1608 949 multum
1627 906 1680 950 et
1697 897 1953 952 condem-

373 985 652 1040 nationem
686 985 842 1041 alfert
874 987 954 1042 illi
992 989 1082 1057 qui
1112 1000 1258 1043 lauta
1289 1005 1413 1046 cum
1457 991 1953 1048 inconsideratione

371 1088 524 1128 suam
559 1075 726 1145 ipsius
766 1077 952 1148 dirigit
992 1081 1266 1134 vitam.—
1293 1081 1719 1137 Emulationem
1762 1099 1950 1139 eorum

369 1167 459 1236 qui
494 1168 706 1238 aperari
741 1171 930 1225 nolunt
959 1173 1328 1240 contundens,
1356 1175 1554 1230 docere
1581 1175 1834 1246 prohibet
1857 1189 1951 1231 eos

375 1259 464 1327 qui
497 1260 702 1330 absque
730 1265 985 1332 operibus
1027 1266 1245 1335 docent,
1280 1283 1537 1338 magnum
1579 1269 1684 1324 illis
1737 1271 1950 1325 denun-

378 1350 520 1405 tians
546 1350 834 1418 judicium.
867 1353 1020 1411 Sicut
1051 1366 1232 1413 autem
1265 1370 1320 1415 et
1349 1360 1440 1415 ille
1487 1362 1565 1415 sic
1597 1375 1789 1417 errans
1822 1377 1950 1418 con-

375 1441 683 1510 dcmnatur,
718 1446 790 1500 ita
839 1456 892 1502 et
931 1450 1210 1517 perfectus
1246 1462 1328 1508 est
1369 1453 1463 1521 qui
1508 1469 1613 1509 non
1668 1454 1852 1510 deficit
1898 1455 1950 1508 in

371 1550 534 1604 opere
571 1548 624 1593 et
654 1541 820 1596 verbo
852 1543 1188 1614 disciplinae;
1220 1555 1276 1602 et
1303 1547 1393 1602 hic
1437 1557 1632 1617 p0lens
1673 1560 1757 1604 est
1786 1550 1950 1603 etiam

369 1642 530 1683 omne
578 1646 772 1701 corpus
814 1635 1112 1692 refrenare.
1159 1638 1214 1694 Si
1262 1640 1376 1694 luec
1425 1640 1625 1696 etenim
1667 1642 1859 1705 docet,
1900 1652 1950 1696 et

372 1722 533 1777 tidem
581 1725 770 1780 definit
799 1731 1150 1786 sermonibus
1201 1734 1388 1799 rectis,
1425 1734 1830 1804 splendentibus
1874 1738 1949 1791 si-

371 1815 482 1868 mul
538 1825 593 1872 et
652 1821 907 1889 operibus
967 1822 1090 1879 ﬁdei
1145 1828 1549 1893 consentaneis,
1578 1838 1730 1883 cerle
1779 1839 1948 1884 totum

1150 379 1714 438 SUPPLEMENTUM
1755 381 1847 436 AD
1888 383 1945 438 S.
1987 382 2040 437 J.
2080 381 2574 441 CIIRYSOSTOMI
2609 386 2860 445 OPERA.

3503 393 3523 448 l
3533 392 3638 450 0H

2664 511 2711 562 K
2723 510 2917 564 ΕΦΑΛ.
2959 510 3031 562 Γ’.

2128 619 2224 687 Μὴ
2263 619 2482 674 πολλοὶ
2511 619 2872 674 διδάσκαλοι
2901 621 3165 690 γίνεσθε,
3198 619 3454 690 ἀδελφοί
3475 638 3599 692 μου
3618 638 3636 656 ο

2055 710 2281 775 εἰδότες
2315 709 2406 764 ὅτι
2429 709 2634 776 μεῖζον
2661 709 2842 779 κρῖμα
2871 711 3210 779 ληψόμεθα.

2138 802 2360 871 Ἐπειδὴ
2408 802 2469 854 τὸ
2514 801 2792 855 διδάσκειν
2839 801 2968 854 ἄνευ
3021 800 3114 855 τοῦ
3172 803 3348 855 ποιεῖν
3385 801 3444 854 ού
3479 802 3639 872 μόνον

2056 895 2246 965 κέρδος
2283 895 2457 962 οὐδὲν,
2493 895 2631 948 ἀλλὰ
2656 897 2752 948 καὶ
2773 894 2977 965 ζημίαν
3007 894 3214 965 πολλὴν
3242 897 3338 948 καὶ
3370 895 3639 965 κατάκρι-

2058 1004 2140 1040 σιν
2161 987 2317 1056 φέρει
2350 987 2428 1058 τῷ
2461 987 2601 1058 μετὰ
2627 987 2900 1057 τοσαύτης
2950 986 3285 1058 ἁπροσεξίας
3336 985 3637 1040 διοικοῦντι

2055 1078 2145 1131 τὸν
2181 1078 2296 1148 βίον
2329 1079 2419 1132 τὸν
2450 1077 2671 1142 ἑαυτοῦ,
2701 1077 2802 1150 τὴν
2827 1077 3163 1146 φιλονεικίαν
3192 1077 3302 1132 τῶν
3337 1077 3414 1149 μὴ
3453 1077 3638 1148 βουλο-

2059 1173 2241 1242 μένων
2276 1172 2608 1244 ἐργάζεσθαι
2664 1173 2974 1238 ἐκκόπτων,
3006 1172 3070 1225 τὸ
3117 1172 3394 1228 διδάσκειν
3436 1173 3639 1225 ἀπεῖπε

2055 1268 2167 1330 τοῖς
2205 1265 2337 1319 ἄνευ
2366 1265 2534 1337 ἔργου
2573 1265 2910 1328 διδάσκουσι,
2952 1268 3129 1336 κρῖμα
3172 1265 3320 1335 μέγα
3348 1263 3636 1326 ἐπιτιθείς.

2068 1358 2126 1411 ’0
2155 1358 2264 1427 γὰρ
2292 1358 2361 1411 τὰ
2419 1357 2496 1428 μὴ
2529 1357 2659 1410 ὄντα
2694 1358 2736 1390 ³⁸
2784 1357 3142 1424 κατάκριτος,
3185 1354 3379 1424 ὥσπερ
3425 1355 3522 1407 καὶ
3552 1355 3641 1405 τέ-

2057 1447 2216 1514 λειος,
2240 1454 2268 1504 ὁ
2297 1451 2372 1521 μὴ
2392 1450 2599 1503 πταίων
2616 1450 2674 1503 ἐν
2696 1448 2844 1520 ἔργῳ
2864 1449 2959 1501 καὶ
2978 1448 3124 1518 λόγῳ
3145 1450 3245 1518 τῆς
3262 1445 3636 1510 διδασκαλίας,

2033 1519 2150 1596 Κκαὶ
2169 1519 2396 1605 δυνατὸς
2421 1544 2515 1595 καὶ
2529 1542 2650 1596 ὅλον
2677 1519 2739 1595 to
2757 1519 2916 1612 σῶμα
2935 1539 3408 1610 χαλιναγωγῆσαι.
3440 1537 3502 1590 Εἰ
3527 1538 3640 1608 γὰρ

2056 1634 2230 1689 ταῦτα
2277 1635 2542 1699 διδάσκει,
2601 1635 2697 1686 καὶ
2728 1633 2828 1704 τὴν
2869 1633 3054 1686 πίστιν
3072 1633 3117 1664 ³¹
3169 1629 3412 1703 ὁρίζεται
3459 1630 3638 1698 λόγων

2057 1726 2233 1797 ὀρθῶν
2268 1725 2407 1798 μετὰ
2427 1725 2606 1797 ἔργων
2647 1723 2921 1796 λαμπρῶν
2971 1721 3286 1794 συμφώνων
3317 1723 3384 1792 τῇ
3419 1721 3634 1774 πίστει·

2055 1818 2297 1889 δηλονότι
2342 1819 2462 1872 ὅλον
2492 1817 2689 1871 ἑαυτοῦ
2735 1816 3112 1888 χαλιναγωγεί
3143 1814 3207 1867 τὸ
3258 1814 3441 1884 σῶμα,
3477 1812 3640 1882 μηδε-

371 1907 544 1976 ipsius
597 1910 892 1967 refrenabit
918 1931 1141 1985 corpus,
1201 1932 1302 1974 nec
1355 1920 1532 1989 ipsum
1589 1921 1728 1977 sinet
1782 1922 1947 1978 ullam

2057 1912 2187 1981 μίαν
2212 1910 2398 1980 φιλίαν
2419 1909 2558 1980 πρὸς
2591 1909 2682 1962 τὸν
2706 1908 2910 1979 κόσμον
2940 1907 3085 1978 ἔχειν
3113 1905 3247 1960 αὐτὸ
3279 1905 3407 1958 ἐῶν.

372 2000 555 2053 umndi
580 2015 800 2059 servare
830 2004 1195 2065 dilectionem.

447 2091 612 2146 Vens.
640 2093 694 2159 5,
726 2095 780 2150 6.
817 2096 904 2151 Ita
948 2109 996 2154 et
1028 2099 1212 2172 lingua
1261 2104 1527 2160 modicum
1553 2107 1762 2176 quidem
1789 2124 1951 2163 mem-

2114 2097 2279 2151 Οΰτω
2320 2097 2419 2152 καί
2470 2097 2509 2165 ἡ
2563 2093 2820 2166 γλῶσσα
2859 2091 3084 2162 μικρὸν
3111 2089 3302 2160 μέλος
3355 2090 3486 2145 ἐστὶ
3541 2088 3642 2142 καὶ

374 2182 526 2236 brum
558 2196 653 2252 est,
673 2196 719 2240 et
749 2204 940 2260 magna
970 2192 1192 2249 exaltat.
1223 2194 1358 2251 Ecce
1382 2214 1576 2266 parvus
1617 2200 1754 2270 ignis
1790 2217 1947 2271 quant

2053 2189 2452 2260 usmlavxei°
2487 2187 2616 2242 ίδοὺ
2657 2187 2870 2257 ὀλίγον
2903 2186 3025 2254 πῦρ
3061 2185 3290 2255 ᾐλίκην
3335 2184 3497 2251 ὕλην
3537 2183 3643 2236 ἁν-

373 2293 615 2346 magnum
648 2278 832 2335 silvam
852 2283 1080 2339 incendit
1103 2285 1125 2340 !
1142 2297 1191 2341 et
1210 2287 1395 2360 lingua
1415 2292 1552 2362 ignis
1569 2301 1666 2359 est,
1687 2295 1948 2349 universi-

370 2377 453 2420 tas
483 2369 797 2440 iniquitatis.

445 2457 565 2513 Pari
596 2475 725 2532 ergo
754 2465 1034 2534 custodia,
1086 2477 1141 2524 et
1186 2469 1428 2544 linguam
1484 2484 1539 2530 et
1569 2476 1948 2533 adolescentu-

368 2548 474 2602 lam
503 2566 682 2608 serva.
724 2553 921 2626 Regius
965 2575 1136 2630 equus
1169 2574 1255 2618 est
1303 2565 1506 2637 lingua.
1544 2565 1625 2623 llli
1649 2569 1694 2626 si
1729 2572 1949 2640 quidem

366 2639 692 2709 imposueris
752 2647 1009 2717 frenum,
1067 2653 1329 2726 illumque
1383 2659 1662 2716 domueris
1713 2639 1772 2718 ut
1824 2679 1946 2720 cum

365 2734 683 2792 :uuoenitate
712 2753 1058 2798 ascensorem
1091 2746 1247 2815 ferat,
1289 2750 1341 2802 in
1375 2751 1492 2820 ipso
1516 2753 1762 2820 conlidit,
1792 2756 1949 2827 eique

366 2823 556 2880 insidit
606 2844 724 2884 rex.
777 2830 835 2887 Si
883 2850 1011 2889 vero
1056 2839 1205 2892 illum
1254 2840 1587 2898 infrenatqu
1639 2823 1945 2916 dimiseris,

365 2916 812 2979 effervescentem
841 2937 896 2981 et
929 2930 1329 3002 subsilieutem,
1356 2952 1553 2994 currus
1579 2939 1807 2996 efﬁcitur
1827 2943 1947 2997 dia-

371 3007 494 3062 bolo
523 3019 578 3066 et
607 3015 818 3084 angelis
849 3019 986 3086 ejus.

445 3101 609 3158 Vens.
635 3105 689 3161 8.
716 3107 978 3180 Linguam
1009 3126 1183 3170 autem
1213 3119 1390 3175 nullus
1419 3123 1693 3180 hominum
1731 3129 1950 3185 domare

2051 2279 2224 2334 ἅπτει
2248 2296 2262 2312 ο
2283 2278 2384 2333 καί
2409 2279 2447 2348 ή
2478 2277 2734 2347 γλῶσσα
2755 2275 2900 2344 πῦρ,
2921 2278 2956 2331 ό
2986 2277 3218 2346 κόσμος
3245 2274 3359 2344 τῆς
3377 2273 3637 2339 ἀδικίας.

2119 2468 2334 2525 Οὐκοῦν
2361 2468 2526 2522 πλέον
2558 2467 2658 2540 τῆς
2685 2465 2940 2539 γλώσσης
2971 2467 3212 2536 φύλαττε
3240 2464 3340 2533 τὴν
3371 2463 3544 2534 κόρην
3567 2459 3634 2494 ⁸³·

2051 2563 2216 2626 ἵππος
2247 2563 2366 2616 ἐστὶ
2401 2561 2680 2634 βασιλικὸς
2709 2564 2742 2633 ἡ
2774 2560 3139 2630 γλῶσσσ,ο“Αν
3195 2558 3295 2630 μὲν
3323 2551 3418 2611 οὖν
3445 2554 3640 2628 ἐπιθῇς

2049 2656 2188 2726 αὐτῇ
2225 2653 2442 2726 χαλινὸν
2467 2655 2561 2709 καὶ
2584 2653 2804 2726 διδάξῃς
2852 2651 3092 2723 βαδίζειν
3126 2651 3400 2722 εὖρυθμα,
3432 2650 3639 2704 ἐπανα-

2050 2748 2284 2804 παύεται
2313 2748 2454 2820 αὐτῇ
2500 2749 2594 2803 καὶ
2634 2745 3009 2801 ὲπικαθιεῖται
3038 2745 3067 2799 δ
3113 2743 3372 2815 βασιλεύς
3400 2761 3415 2775 σ
3464 2744 3532 2798 ἂν
3578 2741 3638 2795 δὲ

2049 2839 2385 2910 ἀχαλινωτον
2428 2841 2574 2910 ἀφῇς
2604 2837 2871 2910 φέρεσθαι
2906 2837 3001 2891 καὶ
3039 2839 3295 2909 σκιρτᾷν,
3326 2836 3421 2891 τοῦ
3459 2833 3640 2890 διαδό-

2051 2932 2142 2986 λου
2175 2932 2269 2986 καὶ
2302 2931 2412 2986 τῶν
2448 2931 2721 3002 δαιμόνων
2743 2931 2926 3002 ὖχημα
2949 2929 3184 2999 γίνεται.

2128 3122 2247 3190 Τὴν
2279 3121 2348 3174 δὲ
2402 3119 2699 3189 γλῶσσαν
2757 3116 2960 3184 οὐδεὶς
2997 3117 3252 3173 δύναται
3311 3119 3641 3186 ἀνθρώπων

373 3203 564 3261 potest,
601 3197 938 3270 irrequieth
980 3205 1215 3274 malum,
1261 3211 1471 3281 plenum
1525 3233 1718 3272 veneno
1765 3223 1947 3274 morti-

2055 3214 2322 3286 δαμάσαι
2347 3230 2360 3244 ο
2389 3211 2814 3281 ἀκατάσχετον
2854 3209 3069 3276 κακὸν,
3096 3209 3295 3281 μεστὴ
3338 3210 3430 3266 ίοῦ
3455 3213 3640 3266 θανα-

369 3285 502 3353 [ει-ο.

444 3378 666 3438 Gladius
698 3395 887 3442 acutus
917 3401 1001 3444 est
1031 3392 1233 3464 lingua.
1269 3394 1378 3452 Sed
1421 3415 1526 3455 non
1563 3402 1684 3458 aliis
1733 3405 1946 3477 inﬂiga-

369 3490 490 3530 mus
529 3475 788 3547 vulnera;
828 3493 1045 3540 11081Γὶὶὸ
1085 3503 1115 3541 0
1147 3499 1337 3544 contra
1367 3505 1712 3564 amputemus
1744 3475 1938 3554 corr—u-

366 3567 599 3636 ptiones.

442 3660 604 3716 Vens.
640 3666 724 3721 l5.
771 3667 993 3736 Sapiens
1022 3679 1072 3724 et
1099 3673 1469 3744 disciplinatus
1493 3680 1628 3734 inter
1645 3699 1756 3748 vos,
1778 3695 1951 3737 esten-

365 3751 456 3804 dnt
486 3770 551 3807 ex
575 3756 709 3811 bona
735 3763 1126 3818 conversatione
1149 3769 1510 3836 operationem
1532 3788 1687 3827 suam
1713 3775 1765 3828 in
1797 3792 1950 3830 man-

366 3848 641 3902 suetudine
687 3852 976 3920 sapientiw.

438 3937 483 3988 A
514 3938 766 3995 sordibus
800 3955 1168 4013 expurgentus
1195 3963 1357 4006 aures
1379 3952 1594 4010 animze.
1622 3955 1780 4012 Sicut
1801 3959 1948 4014 enim

365 4036 422 4081 et
464 4030 653 4086 sordes
685 4043 740 4087 et
769 4033 941 4089 lutqu
973 4053 1134 4095 aures
1184 4046 1393 4112 carnis,
1439 4048 1514 4102 ita
1572 4058 1628 4104 et
1675 4053 1950 4108 mundana

366 4118 533 4186 dicta,
562 4131 615 4176 et
647 4125 932 4195 probrosa,
960 4139 1016 4185 et
1041 4148 1162 4202 quae
1187 4136 1254 4190 de
1286 4135 1471 4194 fenore
1491 4149 1545 4195 et
1574 4145 1774 4208 usuris,
1801 4145 1950 4200 omni

364 4214 526 4304 sorde
586 4216 790 4287 pejora,
861 4223 1153 4281 obstruunt
1226 4227 1605 4304 intelligentiae
1676 4239 1946 4293 auditum.

362 4301 515 4448 lfhlde
538 4308 679 4375 quod
711 4325 818 4366 non
851 4313 1143 4373 obstruunt
1176 4327 1382 4378 tantum
1402 4301 1427 4390 ,⁷
1452 4324 1547 4380 sed
1579 4336 1632 4382 et
1676 4327 1949 4400 impurqu

385 4396 587 4448 acium-

385 4396 587 4458 ‘aciunt.

1020 4619 1174 4674 CAP.
1205 4620 1293 4678 IV.

441 4723 606 4780 Vens.
645 4725 698 4792 8,
730 4727 785 4782 9.
814 4729 1242 4802 Appropinquate
1279 4737 1411 4803 Deo,
1457 4749 1506 4793 et
1558 4742 1952 4814 appropinqua-

365 4815 436 4868 bit
465 4817 638 4882 vobis;
661 4822 942 4878 cmundate
971 4842 1183 4890 manus,
1212 4839 1513 4896 peccatores
1539 4867 1553 4894 ,
1585 4840 1634 4885 et
1665 4835 1949 4902 puriﬁcate

365 4907 546 4976 corda,
577 4911 811 4980 duplices
836 4916 1244 4973 animo.Miseri
1275 4930 1440 4975 estote
1477 4931 1526 4976 et
1561 4923 1754 4994 lugete.
1787 4925 1944 4982 Risus

364 5011 528 5054 vester
556 5003 611 5057 in
669 5005 868 5061 luctum
901 5022 1253 5080 convertatur,
1284 5024 1332 5068 et
1356 5016 1610 5085 gaudium
1654 5020 1709 5072 in
1759 5036 1948 5076 marro-

365 5108 472 5146 rem
480 5133 494 5148 ο

434 5183 537 5249 Qui
561 5186 704 5240 enim
734 5197 1018 5260 postquam
1044 5196 1292 5264 peccavit
1323 5199 1699 5266 pmnitentiam
1735 5203 1944 5273 amplc-

363 5274 553 5340 ctilnr,
589 5292 693 5332 non
728 5279 930 5348 luctus,
967 5287 1061 5339 sed
1101 5286 1516 5346 felicitationum
1549 5293 1746 5365 dignus
1781 5305 1863 5350 est
1889 5295 1943 5349 in

365 5363 605 5422 Ecclesia
625 5367 939 5438 jnslorum:
992 5375 1088 5432 Dic
1140 5395 1260 5449 ergo
1315 5391 1370 5435 tu
1428 5363 1646 5450 peccata
1683 5395 1779 5439 tua
1831 5386 1945 5455 pri-

369 5471 533 5525 mum,
571 5468 626 5512 ut
661 5460 977 5532 justiﬁcet'is
1011 5468 1070 5523 ’³.
1101 5469 1200 5536 Qui
1255 5483 1436 5528 autem
1488 5485 1611 5544 post
1661 5486 1941 5545 peceatum

442 5617 485 5647 ”
522 5617 627 5674 lsa.
663 5633 701 5685 ι,
740 5619 827 5676 18.

2051 3307 2339 3375 τηφόρου.

2123 3398 2390 3470 Μάχαιρά
2435 3396 2588 3450 ἐστιν
2621 3396 2655 3466 ἡ
2707 3393 2934 3462 γλῶσσα
2975 3394 3315 3465 ἡκονημένη.
3365 3391 3529 3446 Ἀλλὰ
3563 3391 3641 3461 μὴ

2053 3493 2264 3563 ἑτέροις
2302 3492 2606 3562 ἐπάγωμεν
2659 3489 2958 3562 τραύματα
2983 3504 2998 3519 ο
3057 3487 3196 3542 ἀλλὰ
3224 3488 3324 3552 τὰς
3366 3486 3642 3558 ἡμετέρας

2055 3586 2357 3657 σηπεδόνας
2394 3583 2662 3655 ἁποτέμω
2669 3601 2790 3654 μεν.

2124 3677 2321 3747 Σοφύς
2359 3677 2460 3730 καὶ
2488 3675 2843 3745 ἐπιστήμων
2869 3675 2940 3729 ἐν
2977 3674 3124 3744 ὑμῖν
3155 3672 3406 3738 δειξάτω
3433 3672 3502 3725 ἐκ
3531 3669 3640 3740 τῆς

2053 3769 2256 3838 καλῆς
2287 3766 2683 3837 ἀναστροφῆς
2715 3765 2791 3821 τὰ
2832 3766 2977 3837 ἔργα
3009 3766 3221 3833 αὐτοῦ,
3259 3765 3330 3819 ὲν
3350 3765 3643 3833 πραΰτητι

2054 3863 2298 3933 σοφίας.

2136 3955 2575 4026 Ἐκκαοαίρομεν
2592 3957 2637 3988 ³⁵
2667 3955 2759 4009 τὸν
2818 3955 2992 4024 ῥύπον
3048 3953 3160 4006 ἀπὸ
3195 3949 3306 4004 τῶν
3334 3949 3432 4019 τῆς
3463 3947 3644 4018 ψυχῆς

2054 4048 2229 4104 ὢτων.
2262 4048 2533 4120 Καθάπερ
2564 4048 2674 4119 γὰρ
2725 4049 2897 4119 ῥύπος
2929 4047 3024 4101 καὶ
3071 4046 3244 4117 πηλὸς
3282 4044 3352 4098 τά
3395 4037 3510 4097 ὦτα
3539 4043 3639 4112 τῆς

2055 4142 2280 4215 σαρκὸς,
2310 4141 2454 4196 οὕτω
2477 4142 2571 4196 καὶ
2600 4142 2669 4196 τὰ
2701 4141 2931 4211 βιωτικὰ
2957 4140 3280 4210 διηγήματα
3310 4136 3410 4190 καὶ
3435 4135 3635 4205 παχέα,

2053 4238 2149 4292 καὶ
2181 4237 2248 4291 τά
2279 4237 2409 4308 περὶ
2431 4237 2609 4290 τόκων
2643 4237 2738 4289 καὶ
2774 4233 3178 4303 δανεισμάτων,
3226 4230 3405 4304 ῥύπου
3436 4231 3638 4292 παντὸς

2053 4327 2437 4400 χαλεπώτερον
2494 4327 2799 4398 ἐμφράττει
2852 4325 2954 4395 τῆς
3003 4323 3248 4386 διανοίας
3299 4322 3399 4394 τὴν
3445 4321 3638 4392 ἀκοὴν,

2057 4422 2260 4494 μᾶλλον
2280 4422 2337 4476 δὲ
2360 4423 2457 4478 οὗγ
2479 4423 2794 4494 ἐμφράττει
2827 4419 3016 4491 μόνον,
3039 4417 3182 4472 ἀλλὰ
3206 4419 3301 4472 καὶ
3327 4416 3640 4485 ἀκάθαρτον

2057 4517 2227 4570 ποιεῖ.

2660 4627 2914 4681 ΚΕΦΑΛ.
2957 4627 3032 4681 Δ’.

2140 4741 2447 4811 Ἐγγὶσατε
2501 4739 2580 4806 τῷ
2623 4738 2766 4807 Θεῷ,
2799 4740 2899 4794 καὶ
2957 4739 3144 4810 ἐγγιεῖ
3170 4737 3346 4809 ὑμῖν·
3394 4735 3640 4803 καθαρί-

2051 4846 2201 4886 σατε
2237 4832 2462 4902 χεῖρας,
2515 4831 2874 4901 ἁμαρτωλοί,
2921 4833 3019 4886 καί
3048 4831 3339 4898 ἁγνίσατε
3365 4825 3637 4896 καρδίας,

2051 4924 2324 4995 δίψυχοι.
2383 4924 2884 4993 Ταλαιπωρήσατε
2911 4924 3007 4978 καὶ
3048 4922 3392 4990 πενθήσατε
3417 4936 3429 4950 ·
3473 4921 3506 4972 ό
3544 4917 3641 4986 γέ-

2049 5021 2171 5084 λως
2211 5016 2380 5087 ὑμῶν
2404 5018 2491 5083 είς
2512 5016 2734 5083 πένθος
2757 5015 3256 5085 μεταστραφήτω,
3290 5013 3387 5068 καὶ
3421 5013 3460 5081 ἡ
3487 5009 3642 5081 χαρὰ

2056 5112 2142 5177 είς
2173 5110 2527 5180 κατήφειαν.

2140 5201 2199 5255 '0
2243 5202 2352 5274 γὰρ
2407 5201 2548 5273 μετὰ
2597 5199 2659 5254 τὸ
2700 5201 3042 5274 ἁμαρτάνειν
3105 5199 3367 5272 μετανοίᾳ
3416 5196 3639 5269 χρώμε-

2055 5311 2144 5357 νος¹
2173 5294 2242 5360 ³⁸,
2292 5294 2354 5346 οὐ
2401 5294 2634 5358 πένθους
2675 5293 2812 5347 ἀλλὰ
2854 5293 3231 5366 μακαρισμῶν
3283 5293 3434 5345 ἐστιν
3467 5289 3639 5354 ἄξιος,

2053 5386 2146 5439 ἐπὶ
2172 5385 2264 5439 τὸν
2311 5385 2421 5438 τῶν
2476 5385 2704 5439 δικαίων
2737 5386 2904 5457 χορόν
2929 5386 2973 5417 ³⁸
3001 5399 3014 5413 '
3055 5383 3204 5454 Λέγε
3243 5384 3354 5454 γὰρ
3401 5381 3482 5436 σὺ
3531 5379 3636 5445 τὰς

2053 5478 2402 5548 ἁμαρτίας-³⁷
2450 5495 2566 5533 σου
2619 5479 2873 5549 πρῶτος,
2928 5479 3030 5534 ἵνα
3086 5474 3428 5546 δικαιωθῇς.
3491 5471 3638 5528 mss

543 5751 588 5840 ξ]
711 5753 946 5840 (13"qu
965 5758 1235 5840 διδάσκων
1259 5761 1338 5840 ὡς
1357 5763 1504 5840 δντα.
1588 5764 1630 5796 ³³
1659 5765 1720 5817 C.
1752 5764 1815 5840 C_.
1845 5763 2056 5840 scisma
2078 5765 2297 5840 ταύτην.
2324 5839 2331 5840 7
2381 5768 2426 5798 ³³
2458 5769 2518 5823 C.
2540 5768 2604 5822 (ζ.
2635 5772 2733 5836 τῆς
2762 5769 2928 5840 κόρης
2951 5768 3192 5837 φύλασσε
3224 5766 3321 5840 τὴν
3361 5765 3634 5835 γλῶσσαν.

457 5820 502 5852 ⁸⁵
532 5822 576 5880 C
631 5825 694 5884 C.
745 5827 1198 5901 Ἐκκαθάρωμεν.
1296 5820 1341 5864 δῖ’
1365 5833 1424 5888 C.
1450 5834 1522 5890 (λι
1555 5834 1917 5906 κεχρημένος.

339 6263 440 6380 ι

2018 5836 2061 5867 ³⁶
2093 5837 2153 5892 C.
2188 5836 2246 5892 (Σ.
2274 5839 2432 5907 χόρον
2461 5842 2754 5905 μεταστάς.

2856 5841 2897 5871 ³⁷
2921 5841 2980 5896 c.
3005 5840 3066 5895 ε.
3096 5839 3350 5910 ἀνομίας.
