4084 6448
270 5876 273 5879 ’
374 5858 424 5896 ⁸⁸
452 5856 515 5917 C.
544 5858 606 5916 C.
630 5857 771 5931 ἄγει.

370 384 509 446 luis

1340 379 1773 439 FRAGMENTA
1811 378 1881 449 IN
1921 376 2317 435 EPISTOLAM
2355 377 2415 434 S.
2456 375 2709 436 JACOBI.

3519 373 3663 434 1⁵150

366 497 508 570 μετά
559 496 623 550 τὸ
646 495 991 568 ἁμαρτάνειν
1048 495 1424 567 ἀναισχυντεῖ,
1481 495 1582 567 οὐχ
1634 494 1812 559 οὕτως
1867 493 1963 546 ἐπὶ

2074 508 2175 548 non
2210 493 2509 558 erubescit,
2561 507 2668 548 non
2702 499 2814 545 tam
2865 487 2993 558 quia
3048 484 3269 552 cecidit,
3325 484 3661 542 miserabilis

361 589 443 662 τῷ
472 589 519 623 ³³
570 591 762 643 πεσεῖν
789 590 944 642 ἐστιν
987 586 1225 652 ἐλεεινὸς
1281 587 1358 651 ὡς
1388 588 1483 641 ἐπὶ
1528 587 1608 659 τῷ
1638 587 1682 619 ⁸⁸
1744 584 1964 641 κεῖσθαι

363 681 569 737 πεσών.
592 684 658 736 El
683 682 742 736 δὲ
766 680 829 734 τὸ
858 681 934 752 μὴ
971 683 1257 751 μετανοεῖν
1282 681 1369 750 ἐφ’
1399 680 1766 753 ἁμαρτήμασι
1804 677 1966 749 χαλε-

364 776 488 841 πὸν,
513 774 577 829 τὸ
613 775 709 829 καὶ
728 772 1082 845 πεφυσῆσθαι
1110 773 1208 827 ἐπὶ
1251 775 1367 837 τοῖς
1398 773 1770 844 ἁμαρτήμασι
1799 768 1965 834 ποίας

365 865 646 930 κολάσεώς
669 865 819 919 ἐστιν
840 863 1026 930 ἀξιον;
1055 864 1120 919 El
1146 864 1259 937 γὰρ
1285 865 1313 918 ὁ
1342 865 1438 919 ἐπὶ
1454 868 1570 928 τοῖς
1594 863 1967 934 κατορθώμα-

365 978 450 1014 σιν
489 959 859 1031 έπαιρόμενος
902 958 1225 1032 ἀκάθαρτός
1275 960 1451 1025 ἐστιν,
1498 960 1529 1013 ὁ
1576 958 1673 1012 ἐπὶ
1709 957 1964 1029 ἁμαρτή-

368 1070 506 1124 μασι
542 1051 707 1106 τοῦτυ
739 1049 969 1122 πάσχων
999 1050 1162 1115 ποίας
1189 1049 1447 1118 τεύξεται
1493 1047 1832 1121 συγγνώμης
1850 1065 1867 1115 ;

956 1164 1216 1218 ΚΕΦΑΛ.
1289 1162 1369 1221 Ε’.

442 1260 585 1330 "Are
616 1258 757 1325 νῦν,
791 1259 849 1313 οἱ
882 1257 1191 1323 πλούσιοι,
1223 1256 1539 1311 κλαύσατε
1567 1252 1966 1319 ὀλολύζοντες

364 1350 466 1404 ἐπὶ
492 1348 625 1416 ταῖς
665 1348 1098 1417 ταλαιπωρίαις
1132 1345 1302 1417 ὑμῶν
1329 1345 1463 1413 ταῖς
1505 1345 1962 1415 ἐπερχομέναις.

378 1445 442 1497 '0
492 1441 760 1508 πλοῦτος
813 1438 983 1511 ὑμῶν
1026 1438 1289 1508 σέσηπε,
1326 1437 1428 1493 καὶ
1466 1438 1541 1493 τὰ
1568 1436 1770 1508 lycisca
1796 1433 1966 1506 ὑμῶν

367 1535 716 1604 σητόϐρωτα
735 1534 985 1603 γέγονεν
1007 1546 1023 1564 ο
1048 1533 1081 1586 ό
1109 1531 1341 1601 χρυσὸς
1382 1530 1555 1602 ὑμῶν
1585 1529 1687 1584 καὶ
1719 1531 1753 1584 ό
1784 1528 1964 1598 ἀργυ-

359 1646 471 1697 ρος
493 1626 792 1681 κατίωται.

450 1718 747 1791 Ἀψώμεθα
777 1721 880 1791 τῆς
903 1715 1027 1773 ὁδοῦ
1057 1717 1159 1788 τῆς
1187 1715 1384 1781 στενῆς
1405 1731 1420 1745 ·
1462 1715 1630 1787 μέχρι
1671 1714 1803 1768 πότε
1836 1729 1966 1784 τρυ-

368 1814 490 1884 φῆς
519 1811 682 1885 μέχρι
735 1812 867 1865 πότε
907 1810 1133 1877 ἄνεσις⁶;
1191 1809 1293 1862 οὐκ
1345 1806 1763 1880 ὲνεπλήσθημεν
1794 1805 1964 1877 ρᾳθυ-

372 1905 636 1978 μοῦντες,
692 1903 965 1975 γελῶντες
986 1946 1002 1972 ,
1057 1900 1536 1973 ἀναϐαλλόμενοι;
1592 1899 1652 1953 οὐ
1697 1898 1768 1952 τὰ
1825 1896 1966 1953 αὐτά

368 1998 535 2055 πάλιν
555 1997 713 2053 ἔσται
739 1995 995 2068 τράπεζα
1028 1995 1125 2049 καὶ
1158 1994 1323 2065 κόρος
1352 1991 1447 2046 καὶ
1496 1988 1822 2044 πολυτέλεια
1868 1987 1966 2042 καὶ⁸

368 2092 635 2162 χρήματα
671 2089 768 2144 καὶ
825 2088 1021 2160 κτῆσις
1053 2086 1100 2119 ⁸⁸
1158 2084 1258 2140 καὶ
1286 2082 1616 2155 οἱκοδομαί;
1658 2080 1769 2135 Καὶ
1812 2079 1866 2135 τί
1903 2079 1966 2133 τὸ

367 2182 563 2254 κέρδος
591 2200 606 2249 ;
640 2181 877 2245 θάνατος
899 2196 913 2210 ο
946 2179 1043 2234 καὶ
1060 2177 1114 2232 τί
1146 2176 1210 2231 τὸ
1233 2176 1390 2242 τέλος
1412 2193 1429 2245 ;
1454 2175 1634 2247 τέφρα
1668 2173 1765 2228 καὶ
1790 2174 1962 2240 κόνις,

369 2275 521 2347 σοροὶ
550 2275 647 2329 καὶ
680 2273 987 2345 σκώληκες.

452 2366 864 2438 Ἑτρυςοήσατε
888 2365 988 2421 ἐπὶ
1011 2363 1126 2435 τῆς
1153 2363 1290 2436 γῆς,
1315 2362 1417 2418 καὶ
1446 2358 1961 2427 ἐσπαταλήσατε·

362 2465 661 2537 ἐθρέψατε
679 2464 788 2531 τὰς
815 2461 1069 2532 καρδίας
1083 2459 1254 2533 ὑμῶν
1269 2460 1352 2527 ὡς
1378 2458 1450 2513 ἐν
1472 2457 1665 2529 ἡμέρᾳ
1693 2451 1962 2526 σφαγῆς.

437 2647 505 2705 Τί
538 2646 672 2716 οὖνς
709 2647 1027 2703 κεκώλυται
1065 2648 1100 2718 ἡ
1130 2644 1315 2718 τρυφή
1345 2660 1363 2712 ;
1393 2644 1491 2698 καὶ
1531 2641 1762 2715 σφόδρα.
1808 2638 1964 2693 Διατί

364 2737 462 2800 οὖν
491 2745 573 2806 εἰς
603 2739 908 2813 μετάληψιν
959 2738 1246 2805 ἔκτισταις
1282 2739 1367 2792 ὅτι
1410 2735 1507 2790 καὶ
1545 2735 1712 2809 ἄρτον
1747 2732 1959 2799 ἔκτισε,

367 2840 466 2894 καὶ
498 2834 808 2891 κεκώλυται
838 2833 873 2904 ἡ
907 2830 1147 2904 ἀμετρία
1167 2847 1183 2861 ο
1207 2832 1291 2885 ὅτι
1322 2829 1419 2884 καὶ
1449 2822 1595 2881 οἶνον
1629 2825 1838 2893 ἔκτισε,
1871 2824 1967 2880 καὶ

367 2927 679 2985 κεκώλυται
700 2929 734 2999 ἡ
765 2924 1028 2997 ἀμετρία.
1065 2924 1181 2995 Οὐχ
1206 2923 1282 2984 ώς
1313 2920 1632 2993 ἀκάθαρτον
1658 2919 1843 2973 τοίνυν
1866 2918 1965 2990 τὴν

364 3021 576 3096 τροφὴν
602 3020 648 3052 ⁸⁸
706 3014 1100 3089 παραιτεῖσθαι
1151 3012 1394 3081 κελεύει,
1450 3011 1569 3067 ἀλλ’
1608 3010 1686 3075 ὡς
1734 3008 1967 3063 ὲκλύου-

368 3131 469 3170 σαν
487 3114 533 3147 δ’
564 3112 655 3168 διὰ
681 3110 784 3183 τῆς
808 3108 1081 3181 ἀμετρίας
1108 3106 1208 3178 τὴν
1237 3106 1439 3179 ψυχήν.
1473 3104 1592 3158 Πᾶν
1619 3101 1731 3175 γὰρ
1761 3100 1971 3168 κτίσμα

2067 600 2170 657 εει,
2219 589 2364 643 sicut
2410 597 2468 643 et
2496 585 2625 657 quia
2668 586 2817 657 jacet
2857 583 2948 638 ubi
2989 580 3212 637 cecidit.
3272 577 3331 635 Si
3375 594 3509 634 vero
3549 594 3657 634 non

2068 683 2335 754 pmnitere
2364 689 2712 750 peccatorum
2763 674 2963 732 malum
2999 682 3121 738 est,
3157 671 3373 742 qualem
3418 678 3663 725 meretur

2068 772 2579 830 condemnationem
2613 768 2709 839 qui
2730 766 2982 836 superbit
3009 775 3066 820 et
3094 762 3331 819 exsultat
3379 761 3432 815 in
3458 773 3657 831 pecca—

2066 868 2171 924 tis!
2200 867 2269 922 Et
2292 866 2337 921 si
2365 864 2677 921 immundus
2699 869 2784 916 est
2813 859 2907 930 qui
2940 858 2994 912 in
3021 856 3178 911 bonis
3227 852 3441 909 actibus
3469 865 3663 920 super-

2068 960 2170 1026 bit,
2189 958 2280 1030 qui
2329 955 2589 1012 similiter
2615 961 2671 1009 et
2700 951 2768 1009 de
2797 945 3041 1021 peccatis
3066 944 3257 1011 sentit,
3288 943 3378 999 ubi
3415 940 3663 997 inveniet

2068 1046 2500 1123 indulgentiam?

2738 1150 2897 1211 CAP.
2937 1150 3002 1206 ν.

2141 1257 2307 1314 Vens.
2345 1254 2398 1323 1,
2421 1254 2478 1310 2.
2512 1251 2666 1323 Agite
2700 1265 2862 1313 nunc,
2892 1244 3101 1307 divites,
3131 1239 3340 1312 plorate
3389 1235 3660 1291 ululantes

2068 1349 2124 1404 in
2162 1345 2392 1403 miseriis
2425 1342 2613 1399 uestris
2646 1355 2766 1411 qua:
2798 1336 3090 1391 adveniunt
3128 1328 3294 1386 vobis.
3333 1326 3544 1382 Divitiae
3570 1339 3661 1379 ue-

2068 1448 2193 1494 stra:
2231 1433 2546 1506 putrefacta:
2587 1438 2734 1495 sunt,
2769 1437 2820 1484 et
2860 1425 3173 1481 vestimenta
3208 1429 3380 1475 uestra
3433 1434 3466 1470 α
3502 1415 3661 1469 tineis

2069 1538 2299 1586 contesta
2339 1536 2499 1589 sunt;
2531 1539 2726 1580 aurum
2775 1530 3003 1577 restrum
3039 1527 3085 1573 et
3125 1524 3406 1586 argentum
3464 1508 3662 1580 αήιςὶ-

2069 1638 2230 1681 ηαυιι.

2141 1712 2686 1787 Comprehendamus
2721 1721 2855 1778 ergo
2887 1709 3175 1775 angustam
3214 1697 3378 1753 viam.
3444 1691 3665 1765 Usque-

2068 1826 2178 1883 quo
2209 1783 2496 1879 voluptarii
2551 1799 2789 1861 sensus?
2843 1809 3128 1868 usquequo
3176 1787 3474 1848 mollities?
3518 1783 3662 1842 Num

2068 1880 2444 1962 saturabitnur
2476 1895 2842 1958 luxuriantes,
2878 1890 3149 1953 ridcntes,
3192 1880 3501 1940 saltantes?
3529 1896 3663 1936 num

2068 2007 2123 2055 el
2142 1997 2334 2053 eadem
2356 2006 2576 2063 semper
2601 1997 2783 2052 erunt,
2807 1994 2863 2042 et
2894 1998 3118 2046 mensas,
3142 1986 3198 2035 et
3217 1975 3411 2041 fastus,
3438 1983 3494 2029 el.
3514 1987 3666 2026 sum-

2069 2087 2341 2162 ptuositas
2369 2093 2422 2141 et
2447 2060 2693 2138 divitias?
2719 2092 2848 2134 num
2880 2087 3101 2144 semper
3122 2080 3177 2127 et
3214 2080 3397 2124 emere
3428 2070 3484 2122 et
3530 2060 3667 2118 aedi-

2070 2155 2268 2240 licare?
2294 2178 2364 2235 Et
2392 2178 2516 2249 quis
2550 2171 2875 2247 prolectus?
2907 2181 3091 2235 mors,
3121 2161 3315 2235 etquis
3345 2157 3507 2215 linis?
3527 2155 3669 2213 cinis

2067 2289 2122 2336 et
2157 2275 2358 2349 pulvis,
2410 2271 2672 2327 feretrum
2717 2275 2775 2322 et
2820 2275 3060 2318 vermes.

2138 2340 2307 2424 isne.
2340 2365 2395 2422 5.
2423 2360 2645 2434 Epulati
2673 2361 2801 2414 estis
2833 2370 2992 2423 super
3018 2362 3239 2415 terram,
3273 2356 3321 2403 et
3345 2342 3401 2399 in
3433 2340 3666 2398 (triariis

2069 2458 2444 2534 ingurgitasti‘s
2473 2472 2584 2512 vos.
2624 2448 2918 2509 Enutristis
2943 2445 3103 2503 corda
3129 2452 3304 2500 vestra
3327 2439 3467 2494 sicut
3494 2437 3550 2491 in
3579 2434 3671 2490 die

2069 2571 2375 2613 οεειιιοηιε.

2142 2645 2282 2715 Quid
2322 2641 2493 2714 ergo?
2525 2639 2594 2696 ab
2623 2635 2800 2708 epulis
2829 2627 3209 2690 dimovemur?
3255 2633 3313 2682 et
3362 2620 3667 2678 vehemen-

2072 2710 2187 2798 ter:
2233 2738 2348 2795 Cur
2390 2710 2524 2807 ergo
2558 2742 2620 2788 ut
2643 2729 2778 2802 ipsis
2835 2722 3235 2794 participemus
3269 2726 3471 2772 creata:
3493 2719 3621 2769 sunt
3644 2710 3671 2765 ἲ

2072 2834 2209 2903 Quia
2237 2839 2294 2888 et
2316 2803 2515 2901 panem
2541 2822 2752 2881 creavit
2783 2819 2929 2876 Deus
2958 2826 3015 2874 et
3045 2817 3112 2871 ab
3135 2808 3451 2870 excessibus
3483 2803 3672 2877 probi-

2072 2898 2452 2993 bemur;quia
2474 2929 2526 2975 et
2548 2918 2735 2973 vinum
2770 2912 3000 2977 ereavit,
3026 2917 3080 2963 et
3111 2913 3270 2977 potus
3302 2898 3673 2957 inunoderan-

2076 3022 2149 3078 tia
2177 3016 2593 3075 condemnatur.
2617 3009 2738 3066 Non
2778 3005 2999 3078 quidem
3036 3002 3181 3057 sicut
3215 2995 3347 3069 quid
3394 2994 3673 3063 impurum

2075 3114 2265 3189 epulas
2294 3123 2580 3169 removere
2605 3106 2781 3177 jubet,
2837 3102 2931 3157 sed
2963 3097 3093 3168 quia
3145 3107 3242 3166 per
3299 3087 3676 3146 immoderati-

364 3205 502 3262 Θεοῦ
531 3175 928 3276 καλδνίφησὶ,
957 3175 1072 3258 *καὶ
1111 3175 1264 3255 οῦδὲν
1295 3175 1606 3271 ἀπόϐλητον
1640 3194 1779 3268 μετά
1812 3195 1970 3266 εὐχαα

2085 3175 2215 3263 tiam
2244 3203 2483 3260 animam
2504 3175 2793 3255 enervant.
2820 3187 3097 3261 Quidquid
3122 3182 3333 3242 ereavit
3365 3178 3532 3243 Deus,
3570 3175 3678 3230 hoc

368 3299 583 3372 ριστίας
618 3296 1063 3369 λαμϐανόμενον.

434 3501 961 3574 Μακροθυμήσατε
986 3498 1083 3552 καὶ
1110 3495 1307 3566 ὑμεῖς,
1331 3493 1661 3562 στηρίξατε
1695 3492 1804 3557 τὰς
1833 3505 1970 3558 καρ-

366 3598 503 3664 δίας
529 3595 723 3667 ὑμῶν,
766 3591 859 3646 ὅτι
908 3591 948 3659 ἡ
979 3587 1296 3657 παρουσία
1344 3585 1455 3639 τοῦ
1484 3582 1707 3651 Κυρίου
1734 3579 1967 3651 lin-me.

437 3683 846 3760 Μακροθυμίαν
872 3683 1011 3755 πρὸς
1041 3679 1334 3751 ἀλλήλους,
1361 3674 1643 3749 ὑπομονὴν
1669 3674 1809 3747 πρὸς
1838 3673 1970 3737 τοὺς

367 3782 497 3851 ἔξω.
528 3777 899 3852 Μακροθυμεῖ
939 3777 1049 3849 γάρ
1078 3792 1165 3839 τις
1209 3773 1350 3845 πρὸς
1395 3770 1659 3834 ἐκείνους,
1694 3767 1789 3825 οὒς
1808 3767 1970 3821 δυνα-

368 3877 463 3931 τδν
512 3873 611 3929 καὶ
666 3869 1025 3944 ἀμύνασθαιο
1074 3867 1341 3940 ὑπομένει
1385 3865 1443 3920 δὲ
1490 3863 1587 3929 οὓς
1626 3863 1688 3917 οὐ
1743 3861 1972 3917 δύναται

369 3965 689 4042 ἀμύνασθαι
712 3983 725 3997 ·
759 3964 848 4018 διὰ
871 3962 1033 4018 τοῦτο
1063 3961 1157 4015 ἐπὶ
1213 3961 1313 4033 μὲν
1345 3958 1485 4014 Θεοῦ
1517 3957 1778 4013 οὐδέποτε
1833 3956 1969 4011 ὐπο-

374 4061 519 4135 μονὴ
545 4059 790 4128 λέγεται,
831 4054 1189 4130 μακροθυμία
1233 4053 1292 4107 δὲ
1326 4049 1629 4123 πολλαχοῦ.
1652 4051 1718 4105 Εἰ
1749 4044 1844 4104 οὖν
1876 4048 1973 4104 καὶ

369 4149 612 4208 ἐνταῦθα
640 4148 894 4204 δοκοῦσιν
941 4143 1464 4215 ἐγκαταλελεῖφθαι,
1494 4140 1614 4197 ἀλλ’
1664 4142 1820 4213 ὅμως
1851 4141 1974 4195 ἐκεῖ

369 4243 577 4313 πολλῆς
634 4241 1010 4297 ἀπολαύσουσι
1056 4238 1161 4310 τῆς
1217 4233 1400 4308 δόξης.
1436 4235 1610 4289 Ὅταν
1664 4233 1726 4288 δὲ
1787 4233 1975 4289 ἴδωσιν

368 4338 420 4390 οἱ
453 4334 672 4407 μεγάλα
692 4332 978 4404 φυσῶντες
1010 4332 1140 4395 τοὺς
1169 4326 1614 4400 μαστιζομένους
1638 4325 1733 4380 ὑπ’
1764 4325 1971 4391 αὐτῶν,

368 4430 501 4492 τοὺς
534 4424 1114 4497 καταφρονουμένους,
1149 4423 1279 4488 τοὺς
1320 4419 1814 4491 καταγελωμένους
1846 4418 1974 4473 τού-

368 4535 499 4583 τους
532 4518 704 4586 ὲγγὺς
732 4515 895 4580 ὄντας
920 4515 1078 4581 Θεοῦ,
1120 4513 1245 4568 τότε
1287 4511 1626 4583 θρηνήσουσι
1660 4508 1760 4563 καὶ
1786 4508 1973 4563 ὁλολύ-
2007 4549 2050 4604 D

371 4613 578 4679 ξουσιν,
609 4611 740 4664 ὅταν
755 4611 802 4641 ⁸³
830 4610 961 4673 τοὺς
1015 4607 1269 4678 οἰκτροὺς
1312 4605 1409 4658 καὶ
1450 4601 1843 4675 ταλαιπώρους
1875 4606 1974 4657 καὶ

373 4705 547 4775 μυρία
574 4702 851 4766 παθόντας
881 4701 1033 4755 δεινά
1069 4700 1167 4755 καὶ
1193 4699 1617 4762 πιστεύσαντας,
1650 4697 1732 4762 είς
1773 4695 1974 4750 τοσαύ-

370 4815 474 4869 την
512 4797 625 4871 ἄγῃ
645 4796 694 4828 ⁸⁸
719 4794 1112 4866 λαμπρότητα.

442 4888 567 4958 Πρὸ
624 4887 870 4942 πάντων
922 4885 1013 4951 δὲ,
1053 4884 1312 4955 ἀδελφοί
1363 4902 1507 4955 μου,
1563 4882 1650 4954 μὴ
1697 4881 1972 4953 ὀμνύετε,

368 4982 522 5053 μήτε
552 4982 662 5036 τὸν
704 4978 990 5050 οὐρανὸν,
1038 4977 1194 5050 μήτε
1236 4977 1351 5047 τὴν
1393 4976 1535 5048 γῆν,
1566 4975 1724 5047 μήτε
1776 4973 1976 5029 ἄλλον

371 5075 509 5129 τινὰ
535 5074 743 5143 ὅρκον.

444 5167 514 5221 Τί
543 5160 639 5221 οῦν
674 5164 773 5219 ὲάν
799 5164 1010 5235 ἀπαιτῇ
1037 5180 1122 5226 τις
1142 5162 1330 5233 ὅρκον,
1361 5162 1458 5217 καὶ
1479 5159 1734 5230 ἀνάγκην
1765 5156 1974 5229 suam;

386 5260 449 5313 '0
477 5258 577 5312 τοῦ
608 5257 748 5311 Θεοῦ
777 5256 943 5327 φόϐος
973 5255 1074 5327 τῆς
1102 5254 1354 5324 ἀνάγκης
1403 5252 1547 5307 ἔστω
1576 5247 1975 5320 δυνατώτερος.

386 5347 546 5401 Ἐπεὶ
580 5347 629 5400 εί
691 5346 879 5417 μέλλει
909 5345 957 5378 ⁸⁸
1000 5344 1102 5407 τὰς
1129 5343 1176 5375 ⁸⁸
1235 5343 1499 5407 τοιαύτας
1564 5340 1974 5413 προϐάλλεσθαι

376 5438 686 5508 προφάσεις
706 5437 793 5505 ¹⁸⁸”,
856 5436 1014 5491 οὐδὲν
1066 5435 1327 5506 φυλάξεις
1381 5435 1490 5489 τῶν
1543 5433 1974 5505 ἐπιταχθέντων.

376 5530 644 5600 Καίτοιγε
681 5531 776 5584 ἐπὶ
815 5530 926 5584 τῶν
969 5530 1151 5601 νόμων
1190 5529 1302 5584 τῶν
1337 5528 1706 5601 ἀνθρωπίνων
1737 5526 1980 5597 οὐδαμοῦ

2075 3302 2279 3358 bonum
2321 3295 2480 3362 dixit,
2501 3301 2557 3349 et
2602 3287 2739 3346 nihil
2773 3281 3239 3343 contemnendum
3274 3273 3422 3347 quod
3474 3269 3682 3343 gratias

2075 3408 2194 3448 rmn
2217 3404 2342 3446 cum
2376 3386 2597 3442 actione
2624 3379 2952 3451 accipimus.

2147 3481 2315 3536 Vens.
2340 3477 2394 3534 8.
2434 3474 2707 3529 Patientes
2737 3478 2904 3525 estote
2938 3477 2987 3524 et
3023 3482 3136 3531 vos,
3167 3460 3482 3531 conﬁrmate
3506 3453 3672 3510 conta

2074 3584 2269 3640 vestra,
2289 3571 2538 3642 quoniam
2595 3564 2851 3619 adventus
2883 3558 3099 3614 Domini
3127 3548 3600 3627 appropinquavit.

2151 3639 2424 3723 Patientia
2449 3662 2516 3717 ad
2546 3658 2806 3714 invicem.
2842 3649 3177 3710 Sull‘erentia
3203 3648 3270 3703 ad
3301 3660 3398 3702 eos
3421 3643 3514 3715 qui
3539 3639 3676 3698 loris

2077 3764 2231 3813 sunt.
2260 3752 2482 3808 Patiens
2513 3749 2661 3805 enim
2684 3746 2809 3817 quis
2835 3752 2919 3801 est
2950 3744 3002 3798 in
3030 3741 3140 3796 illis
3171 3740 3225 3793 in
3255 3737 3453 3807 quibus
3481 3731 3675 3788 ulcisci

2076 3845 2392 3922 potuisset?
2421 3841 2625 3899 Suﬁ‘ert
2656 3849 2839 3895 autem
2873 3851 2937 3892 ea
2971 3848 3092 3906 quae
3123 3830 3407 3888 vindicare
3436 3842 3542 3882 non
3569 3839 3669 3894 po-

2080 3950 2187 4000 test
2217 3956 2232 3995 :
2268 3948 2490 4012 propter
2509 3935 2657 4008 quod
2694 3942 2750 3989 et
2780 3933 2846 3989 de
2880 3931 2991 3986 Deo
3020 3923 3340 3983 sull‘erentia
3396 3934 3674 3990 nunquam

2077 4035 2301 4108 legitur,
2356 4030 2451 4087 sed
2510 4028 2714 4100 ubique
2755 4022 3038 4094 patientia.
3082 4019 3186 4088 Qui
3228 4031 3358 4087 ergo
3413 4023 3470 4069 et
3530 4025 3680 4067 nunc

2078 4104 2302 4185 omnino
2338 4124 2598 4180 videntur
2635 4116 2902 4184 derelicti,
2956 4114 3033 4171 illi
3079 4121 3135 4168 et
3176 4111 3230 4166 in
3286 4107 3472 4164 futuro
3506 4104 3677 4160 multa

2079 4222 2331 4277 fruentur
2354 4216 2548 4287 gloria.
2573 4213 2709 4271 Cum
2743 4219 2924 4266 autem
2956 4207 3239 4272 videbunt,
3268 4200 3320 4257 bi
3345 4200 3436 4271 qui
3478 4211 3676 4266 magna

2079 4310 2441 4384 superbiant,
2497 4306 2619 4363 illos
2674 4319 2814 4375 quos
2873 4300 3286 4372 ﬂagellaverunt
3343 4292 3486 4362 ipsi,
3541 4303 3680 4359 quos

2079 4410 2474 4475 conspuerunt,
2518 4400 2852 4461 deriserunt,
2885 4403 3096 4450 stantes
3135 4389 3291 4460 juxta
3332 4386 3529 4449 Deum,
3566 4392 3678 4436 tum

2079 4499 2343 4571 lugcbunt
2368 4513 2383 4564 ;
2413 4504 2469 4551 et
2495 4489 2938 4549 lamentabuntur
2968 4501 3090 4543 cum
3131 4482 3197 4538 ad
3233 4488 3438 4536 tantam
3491 4489 3683 4547 perve-

2086 4568 2239 4648 nient
2269 4588 2591 4646 felicitatem
2624 4585 2681 4640 bi
2707 4581 2895 4638 miseri
2948 4589 3005 4635 et
3035 4573 3381 4633 miserabiles
3400 4568 3492 4642 qui
3530 4576 3683 4624 tanta

2084 4686 2153 4742 ab
2175 4685 2308 4756 ipsis
2340 4683 2484 4753 passi
2516 4688 2643 4736 sunt
2675 4676 2917 4734 crudelia
2937 4672 3106 4730 mala.

2157 4871 2323 4928 Vens.
2362 4870 2451 4927 12.
2495 4869 2633 4924 Ante
2675 4867 2853 4923 omnia
2894 4871 3097 4926 autem,
3126 4860 3326 4931 fratres
3359 4856 3482 4922 mei,
3524 4853 3685 4909 nolite

2075 4983 2267 5040 Jun-are
2301 4982 2462 5037 neque
2514 4979 2607 5032 per
2672 4960 2883 5024 ccelum,
2927 4971 3091 5024 neque
3122 4968 3218 5024 per
3251 4959 3474 5017 terram,
3520 4962 3686 5016 neque

2083 5061 2234 5117 aliud
2263 5061 2611 5129 quodcunque
2628 5055 3013 5125 iuramentum.

2158 5151 2300 5219 Quid
2323 5163 2453 5221 ergo
2481 5149 2526 5204 si
2563 5147 2808 5218 requirat
2829 5145 2952 5215 quis
2976 5142 3378 5212 juramentum,
3398 5144 3455 5192 et
3482 5148 3680 5191 neces-

2085 5248 2301 5302 sitatem
2336 5240 2681 5315 praetendat?
2712 5237 3054 5294 Necessitate
3080 5232 3355 5305 potentior
3393 5233 3467 5288 sit
3521 5230 3686 5284 timor

2087 5341 2202 5396 Dei.
2229 5338 2286 5394 Si
2322 5337 2446 5393 talia
2477 5337 2623 5392 enim
2654 5331 2918 5389 vindicari
2940 5339 3159 5403 possent
3203 5334 3493 5399 praetexta,
3532 5322 3681 5380 nulla

2079 5443 2354 5504 praecepta
2395 5444 2669 5485 servares.
2708 5427 3004 5482 Enimvero
3044 5424 3098 5479 in
3165 5421 3420 5478 humanis
3473 5418 3684 5491 legibus

2080 5527 2303 5583 nulliter
2330 5525 2458 5580 talia
2505 5521 2741 5595 proferri
2774 5520 3011 5585 sineres,
3041 5532 3143 5573 nee
3180 5517 3300 5587 ipse
3355 5516 3541 5571 dicere
3578 5530 3683 5570 au-

376 5625 543 5681 τοῦτο
595 5624 808 5697 τολμᾷς
851 5622 1251 5695 προϐαλέσθαι,
1286 5621 1407 5676 οὐδὲ
1439 5623 1636 5687 εἰπεῖν,
1670 5621 1788 5677 ἀλλ’
1838 5618 1970 5675 ἑκὼι

2081 5619 2265 5675 dercs.
2329 5614 2461 5684 Sed,
2516 5616 2651 5672 velis
2684 5613 2847 5682 nolis,
2876 5611 3225 5684 compelleris
3261 5625 3485 5667 servare
3526 5625 3683 5665 man-

475 5786 601 5844 ⁸⁸0.
623 5785 773 5841 (λτὸ.
879 5786 924 5817 δί’
960 5785 1021 5839 (ἐ.
1048 5783 1109 5839 C.
1141 5784 1222 5840 τὸ.
1329 5782 1373 5816 ⁸ο
1403 5783 1462 5840 C.
1522 5783 1586 5836 C.
1621 5783 1816 5846 κτίσις.

878 5857 922 5889 ⁸⁸
953 5856 1016 5912 G.
1051 5856 1113 5913 C.
1151 5855 1386 5926 μέλλεις.
1484 5853 1528 5886 ⁵⁸
1556 5855 1620 5909 G.
1651 5854 1711 5909 (Σ.
1754 5870 1865 5910 om.

1921 5781 1960 5813 "
1994 5779 2056 5836 C.
2088 5781 2149 5835 tl.
2186 5778 2419 5851 τρυφήν.

1948 5852 2021 5905 .⁸⁶¹
2052 5853 2115 5908 Cr.
2145 5851 2205 5906 C.
2244 5851 2549 5921 προφάσῃς.

2533 5778 2579 5812 ⁸³
2613 5778 2674 5833 (Ζ.
2709 5777 2769 5833 C.
2796 5775 3114 5831 ἔκκλουσαν.
3238 5774 3283 5807 ’⁸³
3308 5772 3368 5828 C.
3391 5770 3452 5827 C.
3478 5768 3557 5826 ὅτ’
3594 5767 3679 5824 ἄν.
