4084 6462
416 376 545 432 1031

1206 369 1768 430 δυΡΡιΕΜΕΝἹυΜ
1806 368 1900 424 AD
1938 366 1999 425 S.
2035 365 2084 427 J.
2120 364 2606 426 CIIRYSOSTOMI
2646 365 2892 424 OPERA.

3544 366 3679 426 I052

413 487 566 543 data.
597 488 711 544 Sin‘
731 498 944 551 autem,
979 501 1259 557 nunquam
1286 488 1488 543 desinit
1532 486 1854 543 necessitas.
1878 483 1980 551 Qui
2013 530 2016 539 .

2085 482 2179 536 καὶ
2204 483 2355 537 ἄκων
2403 484 2678 555 καταδὲχῃ
2712 485 2781 538 τὰ
2811 482 3198 554 γεγραμμένα.
3236 482 3449 547 Ἄλλως
3474 483 3533 538 δὲ
3558 484 3682 538 οὐδὲ

413 589 595 633 autem
622 579 736 648 jam
780 580 1031 635 fedcibus
1055 578 1288 634 obedivit
1311 580 1614 647 praeceptis,
1634 588 1687 633 et
1713 577 1875 633 talem
1906 591 1995 633 se-

414 671 706 739 metipsum
756 672 1080 740 praeparavit
1126 671 1269 726 sicut
1306 681 1363 727 et
1397 673 1678 727 mandavit
1717 672 1991 739 Christus,

416 776 715 831 nunquam,
752 762 899 816 nullo
936 762 988 816 in
1015 776 1142 816 casu
1166 800 1182 824 ,
1247 761 1481 818 similem
1510 770 1778 832 supponet
1805 777 1995 819 neces-

414 853 656 918 sitalem,
683 853 910 922 simplex
933 852 985 906 in
1010 852 1263 907 omnibus
1283 861 1338 907 et
1354 853 1555 925 gravis.
1575 853 1713 921 Quid
1729 864 1813 910 est
1831 855 1996 911 abun-

413 945 633 1000 dantius
656 945 857 1009 verbis,
886 954 961 999 est
985 955 1039 1000 et
1065 961 1168 998 non
1189 945 1216 999 .9
1240 944 1617 1002 Juratnentum
1650 964 1664 1002 :
1689 961 1796 1003 non
1821 961 1995 1018 usque

414 1039 481 1091 ad
512 1036 940 1111 perjurandum;
994 1036 1293 1106 perjnrium
1328 1053 1459 1095 vero
1485 1054 1554 1095 ne
1581 1040 1707 1110 quis
1739 1040 1992 1110 posmlet,

412 1130 603 1183 aman
632 1129 776 1185 enim
812 1136 917 1193 est,
957 1138 1014 1183 et
1041 1138 1097 1183 ut
1120 1129 1505 1200 abundantius,
1532 1142 1588 1188 et
1622 1132 1788 1188 etiam
1821 1141 1996 1201 utop-

410 1222 678 1290 positum;
704 1220 848 1289 quod
877 1235 1003 1277 vero
1027 1220 1147 1291 plus
1173 1232 1258 1277 est
1277 1230 1333 1277 et
1351 1221 1734 1292 abundantius,
1772 1223 1876 1280 boc
1907 1224 1995 1295 ju—

410 1323 712 1368 ramentum
747 1322 852 1368 εει.

480 1404 647 1458 Vsus.
692 1402 781 1469 l7,
844 1403 934 1461 i8.
985 1402 1137 1460 Elius
1176 1407 1338 1462 Immo
1382 1416 1498 1462 erat
1547 1408 1748 1463 similia
1789 1410 1993 1478 patiens

408 1493 702 1557 nobiscum,
737 1504 784 1547 et
820 1494 1061 1548 oratione
1107 1495 1276 1548 oravit
1306 1504 1360 1548 ut
1388 1511 1492 1549 non
1533 1496 1758 1565 plueret,
1786 1507 1832 1550 et
1889 1512 1995 1550 non

403 1583 537 1650 pluit
567 1600 726 1651 super
751 1593 950 1637 terram
991 1600 1158 1639 annos
1189 1595 1294 1639 tres
1321 1595 1366 1640 et
1393 1602 1593 1642 menses
1618 1602 1729 1641 sex.
1762 1584 1825 1641 Et
1869 1604 1991 1641 rur-

403 1678 784 1742 sumoravit,et
806 1676 993 1731 emtum
1014 1678 1158 1732 dedit
1179 1678 1435 1748 pluviam,
1464 1689 1514 1735 et
1549 1688 1692 1734 terra
1718 1681 1859 1736 dedit
1880 1681 1995 1751 fru-

402 1774 543 1818 ctum
572 1782 748 1820 suum.

481 1854 548 1911 Ut
570 1858 761 1913 saltem
791 1857 932 1913 fame
956 1860 1265 1931 consumpti
1301 1862 1370 1917 ad
1419 1863 1737 1920 Creatorem
1789 1880 1988 1935 prope-

403 1958 621 2003 rarent:
647 1950 727 2005 sic
746 1958 798 2004 et
824 1948 1006 2006 fames
1037 1950 1173 2020 ipsis
1199 1950 1302 2006 fuit
1326 1950 1521 2009 salutis
1551 1953 1985 2011 fundamentum.

406 2039 549 2093 Nihil
581 2040 728 2095 enim
755 2042 954 2098 dicitur
970 2043 1036 2097 ad
1067 2043 1425 2100 erudiendum
1457 2056 1652 2117 potens
1674 2046 1884 2103 sicntct
1909 2047 1989 2102 fa-

406 2145 541 2193 mes,
584 2142 640 2185 ut
670 2134 759 2202 qui
794 2134 861 2189 ab
897 2135 985 2189 illa
1014 2136 1211 2192 eruditi
1240 2148 1391 2206 sunt,
1419 2140 1487 2194 ad
1519 2140 1766 2194 omnium
1787 2140 1983 2197 Facto-

405 2236 519 2274 rem
562 2234 804 2279 currant.
834 2254 907 2265 -—
940 2225 1008 2281 Et
1036 2229 1197 2297 paulo
1237 2238 1375 2299 post.
1448 2230 1595 2286 Exiit
1651 2246 1832 2288 sermo
1862 2250 1988 2304 pro-

404 2311 602 2378 plictae,
628 2322 682 2367 et
706 2315 890 2370 subito
916 2326 1158 2373 mutatus
1181 2328 1265 2374 est
1287 2333 1401 2374 aer.
1428 2319 1653 2375 Aﬁreum
1680 2320 1878 2376 factum
1904 2332 1989 2376 est

402 2401 622 2469 caelum,
651 2420 756 2459 non
783 2416 1030 2480 naturain
1068 2421 1304 2476 mutans,
1358 2412 1450 2467 sed
1489 2413 1770 2469 refrenaus
1804 2413 1984 2468 elliua-

396 2489 558 2544 ciam.
592 2489 782 2544 Subito
828 2490 1215 2545 transformata
1252 2500 1381 2546 sunt
1422 2492 1717 2549 elementa.
1764 2494 1977 2551 Cecidit

398 2594 583 2636 sermo
615 2581 897 2651 propheta:
916 2582 1059 2638 sicut
1087 2582 1331 2638 fervidus
1388 2592 1443 2640 et
1481 2583 1752 2640 devorans
1813 2584 1973 2655 ignis,

399 2673 542 2727 sicut
581 2672 749 2729 febris
776 2674 830 2728 in
866 2674 958 2728 ilia
993 2682 1176 2739 terrm,
1209 2684 1259 2729 et
1287 2674 1472 2729 statim
1497 2675 1683 2731 omnia
1737 2674 1974 2731 arefacta

399 2775 603 2821 suntet
642 2774 864 2845 vastata.
895 2775 951 2822 et
979 2775 1346 2822 evanuerunt.

473 2948 635 3002 Vens.
662 2950 749 3013 i9.
793 2949 883 3005 20.
914 2948 1136 3005 Fratres
1164 2951 1287 3016 mei,
1309 2950 1354 3004 si
1370 2953 1489 3022 quis
1518 2967 1581 3006 ea:
1599 2951 1742 3007 vobis
1776 2969 1983 3009 errave-

406 3041 474 3089 rit
497 3056 526 3090 u
559 3039 643 3091 via
678 3041 932 3109 veritatis,
954 3053 1000 3095 et
1016 3055 1283 3099 convertat
1323 3048 1440 3117 quis
1479 3065 1619 3116 eum,
1661 3053 1793 3105 scire
1838 3052 1985 3106 debet

2095 574 2344 644 ἀνάγκην
2369 576 2657 648 ύποστήσῃ
2689 576 2822 629 ποτέ
2846 592 2859 606 '
2904 577 2934 629 6
2956 574 3065 646 γὰρ
3096 574 3206 628 τῶν
3232 574 3543 646 ἔμπροσθεν
3572 592 3681 645 μα-

2096 668 2386 738 καρισμῶν
2410 668 2672 732 ἀκούσας,
2704 668 2798 722 καὶ
2828 667 3070 721 τοιοῦτον
3097 667 3290 721 ἑαυτὸν
3324 667 3682 738 παρασκευά-

2099 775 2222 822 σας,
2254 753 2366 813 οἷον
2404 759 2669 824 ἐπέταξεν
2701 762 2730 814 ὁ
2758 759 3016 831 Χριστὸς,
3059 759 3318 830 οὐδεμίαν
3367 762 3500 832 παρ’
3531 760 3681 814 οὐδε-

2095 848 2187 912 νὸς
2235 850 2602 923 ὐποστήσεται
2641 852 2900 920 τοιαύτην
2956 852 3222 922 ἀνάγκην,
3267 852 3571 923 αἰδέσιμος,
3601 853 3675 908 ὢν

2097 940 2250 1005 παρά
2302 943 2440 995 πᾶσι
2469 944 2564 995 καὶ
2611 943 2829 1012 σεμνός.
2858 943 2924 997 Τί
2943 942 2988 975 ⁸⁷
3023 945 3142 998 ἐστι
3183 943 3248 997 τὸ
3286 943 3539 1016 περιττὸν
3583 944 3678 997 τοῦ

2095 1031 2215 1097 ναὶ,
2235 1033 2330 1087 καὶ
2354 1033 2448 1088 τοῦ
2480 1034 2583 1100 οὖ;
2626 1034 2689 1090 '0
2714 1038 2877 1106 ὅρκος
2901 1036 3002 1089 οὐκ
3029 1035 3075 1067 ’⁵⁸
3128 1036 3222 1090 ἐπὶ
3269 1036 3331 1090 τὸ
3360 1037 3642 1107 ἐπιορκεῖν
3660 1052 3676 1069 ⁸

2095 1123 2274 1179 ἐκεῖνο
2305 1126 2416 1197 γὰρ
2455 1126 2634 1189 οὐδεὶς
2659 1126 2833 1180 δεῖται
2866 1127 3080 1199 μαθεῖν,
3110 1128 3194 1181 ὅτι
3214 1128 3281 1181 ὲκ
3312 1126 3406 1181 τοῦ
3436 1127 3676 1199 πονηροῦ

2096 1218 2216 1271 ἔστι
2265 1217 2360 1270 καὶ
2404 1217 2679 1288 περιττὸν,
2726 1217 2845 1271 ἀλλ’
2902 1218 3181 1272 ἐναντίονο
3237 1218 3301 1272 τὸ
3328 1219 3385 1273 δὲ
3419 1219 3677 1291 περιττὸν

2096 1307 2192 1361 καὶ
2214 1307 2276 1361 τὸ
2305 1306 2466 1361 πλέον
2494 1311 2521 1362 6
2550 1309 2711 1379 ὅρκος
2742 1308 2913 1364 ἐστίν.

2178 1401 2377 1467 Ἠλίας
2425 1400 2741 1469 ἄνθρωπος
2793 1397 2874 1472 ἦν
2929 1400 3303 1471 ὁμοιοπαθὴς
3351 1400 3518 1471 ἡμῖν,
3572 1403 3671 1457 καί

2094 1492 2409 1561 προσευχῇ
2442 1494 2835 1563 προσηύξατο
2887 1495 2996 1549 τοῦ
3033 1494 3120 1565 μὴ
3144 1494 3384 1564 βρέξαι,
3417 1497 3515 1550 καὶ
3550 1499 3666 1550 οὐκ

2093 1581 2338 1649 ἔϐρεξεν
2364 1584 2466 1636 ἐπί
2508 1583 2619 1653 τῆς
2645 1584 2758 1654 τῆς
2806 1585 3123 1651 ἐνιαυτοὺς
3164 1585 3322 1654 τρεῖς
3345 1585 3441 1639 καὶ
3468 1585 3671 1656 μῆνας

2093 1672 2162 1738 ἓξ
2196 1690 2209 1703 ·
2244 1674 2345 1727 καὶ
2373 1675 2564 1727 πάλιν
2587 1677 2998 1743 προσηύξατο,
3036 1676 3136 1731 καί
3156 1681 3189 1732 ό
3214 1680 3476 1748 οὐρανὸς
3495 1680 3673 1734 ὑετὸν

2094 1765 2300 1833 ἔδωκε,
2337 1768 2437 1820 καὶ
2481 1766 2519 1834 ἡ
2553 1766 2630 1838 γῆ
2655 1769 3001 1839 ἐϐλάστησε
3032 1771 3139 1825 τὸν
3159 1770 3395 1840 καρπὸν
3424 1766 3639 1842 αὐτῆς.

2166 1858 2280 1911 Ἵνα
2316 1858 2423 1912 κᾶν
2447 1859 2592 1914 οὕτω
2630 1859 2708 1933 τῷ
2733 1861 2876 1933 λιμῷ
2912 1863 3201 1935 τηκόμενοι
3234 1862 3278 1895 ⁸⁸
3331 1864 3424 1916 ἐπὶ
3454 1863 3547 1917 τὸν
3568 1867 3672 1934 Δη-

2093 1952 2355 2022 μιουργὸν
2400 1952 2711 2021 φθάσωσιν⁸
2766 1954 2852 2008 ἴνα
2893 1957 2923 2008 6
2970 1955 3129 2027 λιμὸς
3179 1955 3437 2021 ὑπόθεσις
3485 1956 3671 2037 αὐτοῖς

2092 2044 2369 2115 σωτηρίας
2407 2044 2655 2115 γένηται.
2707 2048 2876 2101 Οὐδὲν
2908 2047 3041 2118 γὰρ,
3079 2050 3236 2119 φησι,
3283 2049 3510 2104 δύναται
3545 2068 3644 2103 παι

2087 2134 2300 2199 δεῦσαι,
2328 2137 2376 2189 εἰ
2410 2137 2486 2208 μὴ
2510 2137 2690 2207 λιμὸς,
2723 2138 2810 2194 ἵνα
2838 2138 2940 2193 κᾶν
2966 2139 3109 2193 οὕτω
3136 2142 3540 2212 παιδευόμενοι,
3573 2143 3669 2196 ἐπὶ

2086 2229 2181 2282 τὸν
2206 2229 2428 2283 πάντων
2442 2230 2687 2300 Κτίστην
2706 2234 3214 2303 χωρήσωσι.-Καί
3237 2235 3366 2303 μετ’
3394 2236 3573 2307 ὀλίγα
3597 2236 3662 2269 “-

2101 2321 2356 2391 Ἐξῆλθεν
2385 2324 2414 2376 6
2443 2322 2601 2392 λόγος
2632 2325 2676 2355 ⁸⁸
2708 2323 2805 2377 τοῦ
2836 2326 3142 2396 προφήτου,
3190 2328 3287 2395 καὶ
3317 2326 3478 2388 εὐθὺς
3508 2330 3536 2382 6
3558 2328 3667 2399 ἀὴρ
3696 2367 3711 2381 .

2090 2414 2426 2486 μετεϐλήθη,
2457 2417 2485 2469 6
2512 2416 2744 2488 οὐρανὸς
2776 2415 3011 2488 χαλκοῦς
3056 2417 3298 2487 ἐγένετο,
3327 2420 3388 2474 ού
3418 2421 3518 2489 τὴν
3567 2422 3667 2489 φύ-

2087 2515 2172 2552 σιν
2231 2498 2579 2571 μεταϐαλὼν,
2634 2504 2771 2558 ἀλλὰ
2832 2505 2931 2576 τὴν
2989 2505 3275 2575 ἐνέργειαν
3333 2506 3661 2573 χαλινώσας.

2087 2591 2262 2656 Εὐθὺς
2300 2593 2367 2646 τὰ
2409 2597 2651 2665 στοιχεῖα
2710 2595 3241 2666 μετεσχηματίζετο.
3301 2596 3588 2652 Ἐνέπεσεν
3633 2600 3663 2653 6

2083 2682 2239 2752 λόγος
2295 2684 2390 2738 τοῦ
2424 2687 2710 2757 προφήτου
2754 2687 3012 2758 καθάπερ
3060 2687 3294 2759 πυρετὸς
3341 2688 3540 2760 λάϐρος
3581 2692 3665 2755 εἰς

2081 2777 2180 2840 τὰς
2209 2775 2447 2844 λαγόνας
2483 2778 2583 2849 τῆς
2633 2779 2759 2850 γῆς,
2790 2781 2884 2835 καὶ
2919 2781 3099 2834 πάντα
3130 2781 3294 2844 εὐθὺς
3324 2779 3660 2852 ὲξηραίνετο,

2084 2868 2179 2923 καὶ
2208 2869 2388 2921 πάντα
2411 2870 2718 2941 ὴρημοῦτο,
2756 2872 2852 2925 καὶ
2883 2870 3200 2942 ἠφανίζετο.

2167 2959 2438 3029 Ἀδελφοί
2470 2979 2613 3030 μου,
2663 2962 2777 3016 ἐάν
2820 2981 2911 3029 τις
2961 2965 3031 3017 ἐν
3060 2963 3202 3033 ὑμῖν
3230 2961 3512 3033 πλανηθτῖ
3540 2962 3662 3017 ἀπὸ

2089 3045 2199 3115 τῆς
2225 3046 2370 3101 ὀδοῦ
2396 3045 2507 3115 τῆς
2527 3047 2838 3115 ἀληθείας,
2866 3047 2965 3101 καὶ
2985 3048 3322 3119 ἐπιστρέψῃ
3348 3068 3437 3116 τις
3454 3053 3664 3115 αὐτὸν,

401 3129 654 3199 quoniam
680 3133 768 3201 qui
794 3138 1103 3189 converterit
1124 3148 1445 3204 peccatore»:
1467 3140 1531 3194 ab
1554 3158 1727 3195 errore
1746 3144 1980 3211 viwsua',
2010 3160 2016 3195 ι

2088 3139 2425 3208 γινωσκέτω
2461 3139 2549 3194 ὅτι
2578 3142 2610 3193 ὁ
2632 3139 3006 3209 ἐπιστρέψας
3029 3141 3383 3211 ἁμαρτωλὸν
3412 3143 3480 3197 ἐκ
3509 3143 3664 3198 πλά-

402 3218 626 3273 salvabit
655 3222 889 3275 animam
931 3223 1047 3292 ejus
1075 3243 1106 3279 a
1148 3237 1334 3294 morte,
1371 3242 1419 3282 et
1454 3231 1649 3298 aperiet
1682 3232 1984 3289 multitudi-

402 3323 515 3362 item
552 3322 904 3378 peccatorum.

468 3401 537 3455 Et
593 3405 863 3472 quomodo
922 3419 1243 3466 convertere
1292 3416 1549 3483 oportet?
1605 3414 1763 3474 Sicut
1817 3429 1872 3474 et
1925 3421 1978 3476 in

397 3492 695 3549 seminibus
727 3496 1116 3566 agricolarum,
1142 3513 1336 3560 cuneta
1371 3507 1534 3562 simul
1565 3509 1681 3566 solo
1711 3526 1981 3583 spargun-

399 3593 503 3651 tur,
523 3586 616 3641 sed
642 3602 746 3641 non
795 3599 920 3646 tunc
964 3593 1199 3664 requies,
1229 3604 1285 3651 at
1311 3598 1475 3652 multa
1499 3602 1981 3670 requiritnradliue

394 3676 724 3734 sollicitudo.
760 3677 869 3736 Nisi
903 3682 1047 3738 enim
1086 3693 1229 3740 terra
1255 3689 1642 3760 superinjecta,
1675 3702 1795 3748 sata
1846 3709 1978 3764 ope-

291 3818 301 3843 ,
394 3766 628 3835 rianlur,
669 3769 885 3840 gallinis
921 3773 1248 3829 seminatum
1280 3789 1364 3832 est
1398 3789 1452 3834 et
1476 3779 1769 3852 frngivoris
1803 3787 1978 3840 omni-

391 3859 495 3915 bus
526 3860 766 3917 alitibus.
802 3861 1068 3920 Similiter
1097 3867 1230 3922 etin
1268 3869 1450 3937 nobis,
1485 3873 1586 3928 nisi
1628 3876 1975 3931 convenienti

393 3952 804 4020 recogitatione,
859 3972 981 4027 quae
1033 3956 1253 4016 fuerunt
1301 3965 1568 4020 seminata
1603 3967 1972 4039 cooperimus.

393 4043 649 4100 Diabolus
677 4047 820 4101 enim
859 4051 1020 4119 rapit,
1052 4059 1107 4107 et
1139 4057 1355 4126 propria
1393 4062 1571 4129 perire
1606 4062 1738 4117 sinit
1799 4067 1973 4134 negli-

390 4137 593 4205 gentia,
625 4148 679 4193 et
728 4140 809 4197 sol
861 4142 1132 4216 desiccat,
1179 4157 1233 4203 et
1295 4152 1593 4225 submergit
1646 4155 1861 4227 pluvia,
1921 4169 1976 4216 et

388 4227 653 4286 sull'ocant
695 4236 881 4305 spinae.
933 4236 1087 4297 Unde
1146 4257 1252 4299 non
1308 4243 1505 4303 sufﬁcit
1536 4259 1742 4305 tantum
1777 4264 1971 4308 cuncta

350 4297 371 4398 ξ
383 4321 494 4390 jam
514 4327 718 4383 semina
748 4331 1058 4401 demisisse,
1092 4338 1185 4392 sed
1236 4340 1405 4395 multa
1443 4343 1620 4399 adhuc
1666 4345 1969 4401 adhibenda

353 4402 469 4499 last
496 4417 805 4475 assiduitas.
856 4420 1130 4494 Fugandze
1171 4439 1299 4484 sunt
1331 4429 1580 4488 volucres
1627 4434 1775 4499 coeli,
1820 4436 1969 4490 evel-

354 4491 561 4592 zlendre
592 4508 786 4578 spinm,
818 4491 1053 4581 petrosis
1083 4514 1218 4570 locis
1250 4518 1418 4573 multa
1471 4520 1963 4592 superimponenda

355 4576 470 4650 ’ρει
498 4604 662 4663 terra,
692 4597 896 4670 ﬂagella
937 4618 1165 4674 qumque
1195 4606 1572 4675 praevenienda
1596 4647 1611 4673 ,
1649 4613 1965 4682 avertenda,

388 4690 706 4754 reparanda.
740 4690 844 4745 Sed
867 4693 1119 4762 equidem
1144 4694 1197 4749 in
1219 4704 1391 4763 terra,
1432 4710 1627 4754 cuneta
1653 4702 1719 4756 ab
1753 4703 1966 4773 agrico-

385 4774 452 4829 lis
477 4778 729 4845 pendent,
756 4783 904 4852 jacet
935 4784 1083 4839 eniin
1130 4788 1233 4842 ista
1282 4790 1451 4857 iners,
1508 4793 1724 4862 passive
1759 4804 1965 4854 tantum

384 4869 675 4941 disposita;
701 4876 793 4931 sed
827 4891 931 4931 non
965 4877 1037 4932 ita
1067 4888 1218 4936 certe
1244 4881 1297 4936 in
1330 4892 1514 4937 nostra
1543 4886 1771 4957 Spiritali
1799 4902 1964 4949 terra.

385 4959 502 5014 Non
533 4965 677 5020 enim
714 4981 744 5021 a
779 4969 1059 5038 magistris
1089 4974 1306 5041 pendet,
1347 4974 1441 5029 sed
1466 4978 1509 5031 si
1549 4994 1654 5034 non
1687 4982 1881 5054 major,
1909 4994 1965 5042 at

383 5064 531 5139 certe
584 5059 805 5115 dimidia
846 5078 972 5132 pars
1033 5065 1235 5134 pendet
1267 5083 1294 5121 a
1346 5072 1644 5142 discipulis.
1702 5076 1960 5135 Nostrum

383 5134 599 5219 quidem
641 5165 770 5222 ergo
804 5161 890 5207 est
922 5168 1181 5225 spargere
1227 5172 1547 5233 sementem,
1581 5178 1818 5224 vestrum
1863 5187 1961 5226 au-

385 5244 490 5292 tem
523 5242 785 5312 perlicere
820 5245 1050 5303 consilia
1080 5260 1282 5306 nostra.

454 5508 496 5541 ³⁸⁷
632 5510 695 5566 C.
719 5514 771 5567 τί
802 5516 911 5571 δαί.
1040 5521 1083 5553 ⁸⁸
1125 5523 1185 5578 C.
1237 5526 1298 5581 C.
1353 5526 1506 5586 αὐτὸ.

386 5577 602 5656 σιλε-ιῶν
638 5601 795 5656 φησι.
828 5589 935 5641 Καὶ
982 5588 1135 5647 εἶπεν

383 5647 671 5724 δυνάμεων
701 5647 747 5708 ’ὁ
811 5658 944 5724 Θεὸς

492 5724 541 5774 εί
569 5724 652 5808 ,μὴ
698 5725 785 5781 διὰ
820 5719 1088 5801 στόματός
1135 5719 1457 5808 λόγοιῖᾎιοῖ.

380 5788 762 5864 ἁποτχίζςῖντα.

2085 3249 2197 3299 γης
2229 3230 2374 3286 ὀδοῦ
2412 3231 2620 3297 αὑτοῦ,
2675 3233 2863 3287 σώσει
2909 3233 3122 3302 ψυχὴν
3156 3234 3342 3291 αὐτοῦ
3367 3235 3437 3291 ἐκ
3480 3236 3664 3292 θανά·

2084 3342 2212 3390 του,
2253 3324 2350 3378 καί
2393 3325 2657 3391 καλύψει
2681 3324 2918 3394 πλῆθος
2950 3326 3273 3395 ἁμαρτιῶν.

2156 3416 2266 3470 Καὶ
2322 3415 2440 3480 πῶς
2485 3417 2593 3488 χρὴ
2643 3417 3031 3487 ὲπιστρὲςρεινς
3104 3418 3360 3491 καθάπερ
3411 3419 3506 3474 ἐπὶ
3553 3420 3663 3474 τῶν

2082 3508 2348 3580 γεωργῶν
2372 3509 2441 3563 τὰ
2471 3509 2787 3581 σπέρματα,
2844 3510 3245 3564 καταϐάλλεται
3274 3513 3373 3582 μὲν
3396 3512 3566 3581 ἆπαξ,
3598 3514 3661 3567 ού

2084 3602 2237 3672 μένει
2273 3600 2329 3656 δὲ
2358 3602 2678 3670 διαπαντδς,
2717 3601 2853 3657 ἀλλά
2910 3602 3109 3674 πολλῆς
3148 3604 3321 3659 δεῖται
3350 3607 3450 3677 τῆς
3490 3626 3663 3662 κατα-

2082 3694 2303 3765 σκευῆς.
2326 3693 2446 3749 Κᾶν
2481 3693 2556 3764 μὴ
2586 3692 2685 3763 τὴν
2707 3694 2813 3764 γῆν
2840 3695 3350 3766 ἀναμοχλεύσαντες
3382 3692 3662 3771 περιστεί-

2081 3786 2215 3841 λωσι
2253 3786 2323 3841 τὰ
2369 3785 2844 3857 καταϐαλλόμενα,
2884 3789 2997 3851 τοῖς
3028 3788 3238 3860 ὄρνισιν
3269 3790 3532 3863 ἔσπειραν
3563 3794 3662 3847 καὶ

2083 3882 2200 3945 τοῖς
2235 3884 2630 3953 σπερμολόγοις
2659 3883 2869 3954 ὀρνέοις
2904 3886 3089 3940 πᾶσιν.
3133 3883 3294 3941 Οὕτω
3339 3885 3434 3941 καὶ
3460 3887 3646 3959 ἡμεῖς,

2077 3975 2145 4031 ἂν
2169 3976 2245 4049 μὴ
2273 3978 2338 4049 τῇ
2377 3982 2590 4050 συνεχεῖ
2621 3981 2809 4054 μνήμῃ
2842 3979 2912 4034 τὰ
2938 3977 3349 4050 καταϐληθέντα
3382 3979 3658 4053 περιστεί-

2076 4067 2260 4140 λωμεν
2288 4069 2335 4101 ⁸⁹
2355 4084 2368 4098 ³
2405 4069 2500 4124 καὶ
2528 4069 2636 4142 γὰρ
2660 4071 2688 4124 6
2709 4071 2956 4136 διάϐολος
2980 4070 3302 4144 ἐξαρπάζει,
3332 4072 3428 4126 καὶ
3457 4075 3489 4144 ἡ
3522 4074 3659 4144 ἠμε-

2075 4159 2214 4231 τέρα
2270 4162 2513 4235 ῥᾳθυμία
2545 4163 2832 4219 ἀπόλλυσι.
2888 4162 2997 4220 Καὶ
3027 4167 3055 4219 6
3080 4164 3234 4237 ἥλιος
3266 4164 3531 4237 ξηραίνει,
3564 4165 3660 4219 καὶ¹

2076 4254 2230 4319 ὑετὸς
2256 4255 2562 4322 ἐπικλύζει,
2600 4257 2694 4311 καὶ
2744 4256 2980 4312 ἄκανθαι
3023 4257 3295 4326 πνίγουσι.
3346 4258 3509 4312 Ὥστε
3559 4257 3659 4311 οὐκ

2074 4348 2239 4419 ἀρκεῖ
2269 4346 2428 4419 μόνον
2463 4349 2608 4416 ἅπαξ
2665 4347 3070 4405 καταϐάλλοντα
3122 4348 3491 4421 ἀπηλλάχθαι,
3522 4348 3656 4401 ἀλλά

2079 4439 2283 4511 πολλῆς
2335 4440 2505 4495 δεῖται
2548 4442 2944 4515 προσεδρείας,
2981 4440 3287 4495 ἀποσοϐοῦν
3335 4441 3402 4495 τὰ
3434 4443 3658 4496 πετεινὰ

2076 4531 2171 4586 τοῦ
2198 4533 2453 4604 οὐρανοῦ,
2483 4534 2584 4599 τὰς
2608 4534 2850 4600 ἀκάνθας
2900 4534 3260 4602 ἐκκύπτοντα,
3298 4533 3368 4589 τὰ
3398 4538 3652 4610 πετρώδη

2073 4626 2179 4697 γῆς
2239 4627 2557 4698 πληροῦντα
2609 4628 2852 4701 πολλῆς’
2907 4630 3089 4683 πᾶσαν
3140 4629 3321 4703 λύμην
3375 4633 3656 4687 κωλύοντα

2076 4719 2170 4772 καὶ
2199 4718 2621 4790 ἀποτειχίζοντα
2649 4720 2695 4753 ⁵³
2730 4721 2826 4774 καὶ
2856 4720 3211 4793 ἀναιροῦντα.
3257 4721 3398 4778 Ἀλλ’
3436 4725 3530 4779 ἐπὶ
3554 4725 3655 4796 μὲν

2073 4811 2174 4879 τῆς
2221 4812 2328 4882 γῆς
2350 4811 2412 4865 τὸ
2442 4813 2551 4867 πᾶν
2577 4811 2672 4865 τοῦ
2721 4812 2971 4884 γεωργοῦ
3012 4813 3222 4884 γίνεται
3247 4832 3260 4845 ·
3294 4815 3502 4888 ἄψυχος
3546 4817 3655 4887 γὰρ

2072 4902 2257 4975 ἐκείνη
2290 4903 2603 4969 ὑπόκειται,
2636 4903 2775 4975 πρὸς
2811 4904 2874 4958 τὸ
2906 4905 3099 4959 παθεῖν
3132 4906 3350 4978 ἕτοιμος
3382 4904 3516 4962 οὖσα
3553 4908 3642 4978 μόη

2070 5012 2159 5048 νον
2189 5010 2203 5024 ο
2255 4995 2350 5049 ἐπὶ
2378 4995 2435 5047 δὲ
2458 4994 2663 5065 ταύτης
2702 4996 2802 5067 τῆς
2831 4997 2935 5067 γῆς
2966 4997 3067 5065 τῆς
3092 4999 3471 5069 πνευματικῆς
3502 5000 3654 5055 οὖδας

2072 5088 2210 5159 μῶς.
2241 5089 2316 5143 Ού
2342 5089 2451 5143 τῶν
2475 5089 2818 5146 διδασκάλων
2853 5091 2976 5146 tm
3006 5092 3068 5145 τὸ
3102 5094 3231 5159 πᾶν,
3262 5093 3377 5146 ἀλλ’
3409 5097 3458 5149 εί
3487 5095 3650 5166 μὴτὸ

2068 5180 2249 5250 πλέον,
2288 5182 2349 5235 τὸ
2380 5182 2511 5251 γοῦν
2545 5183 2716 5255 ἥμισυ
2734 5185 2844 5239 τῶν
2879 5185 3163 5257 μαθητῶν.
3202 5186 3391 5258 Ἦμῶν
3427 5187 3527 5259 μὲν
3556 5183 3651 5242 οὖν
3694 5220 3704 5229 ς

2066 5275 2182 5326 ἐστι
2214 5274 2575 5332 καταϐάλλειν
2635 5275 2726 5329 τὸν
2786 5276 3010 5348 σπόρον,
3061 5276 3217 5348 ὑμῶν
3246 5278 3303 5332 δὲ
3358 5281 3535 5334 ποιεῖν
3579 5279 3649 5334 τὰ

2066 5365 2357 5437 λεγόμενα.

1177 5534 1298 5618 gul-‘1:
1353 5534 1506 5612 αὐτὸ.
1604 5534 1975 5618 ⁸⁹ιτικόμενςίι

2084 5542 2173 5618 δίει.
2233 5544 2294 5618 ⁵ῗ-
2330 5541 2504 5618 μβ·
2542 5558 2651 5618 οξυ-
2705 5545 2769 5618 -‘f'
2803 5542 2864 5618 ετ
2893 5545 2957 5618 _C~
3002 5546 3185 5618 Ἐνέεῇ
3212 5546 3505 5618 τρίτῃιτῶν
3538 5548 3645 5601 Ba.

1177 5597 1357 5683 Ἡλίου
1405 5603 1453 5685 το
1495 5608 1782 5685 προξήτης
1823 5597 2082 5685 ξκβεσϐ.
2118 5612 2216 5685 τῇς
2247 5597 2467 5685 ⁸Γαλαὰδ
2496 5614 2633 5683 πρὸς

1005 5665 1355 5737 ίηρθυσαλὴμ
1502 5665 1783 5741 “af/30.7719
1826 5677 2058 5733 ἐνώπιον
2105 5665 2270 5734 αὑτοῦ
2328 5685 2375 5735 εί
2422 5665 3283 5757 gemitkaéifﬁgu'sbgg};
3311 5665 3641 5750 ⁷κξιζ¹ὐεξδξ

1005 5752 1088 5797 τος
1135 5736 1295 5804 λόγου
1334 5756 1457 5808 μου.
1564 5744 1609 5775 ss
1636 5745 1693 5798 (1.
1734 5748 1789 5801 (2.
1833 5749 2294 5823 περιστείλωμεν-
2325 5754 2403 5815 εἰς
2448 5754 2537 5806 τὸν
2566 5755 2705 5825 ἀέρα
2753 5755 2927 5809 πάντα
2962 5754 3288 5826 ἐρρίψαμεν.
3363 5754 3407 5790 as
3453 5757 3516 5812 CI.
3575 5758 3636 5812 ρ.

2704 5614 2908 5696 Ἵξχαάϐ
2925 5618 3043 5696 ’.Ζῇ
3068 5614 3271 5696 ξύριος
3306 5614 3509 5696 δ’Θεὸς-
3535 5618 3644 5696 τῷν
