4138 6504
418 494 439 555 l
450 491 557 551 055

1165 479 1730 541 SUPPLEMENTUM
1772 481 1862 536 AD
1902 479 1962 535 S.
2002 479 2057 536 .l.
2095 475 2589 535 CllRYSOSTOMI
2633 470 2886 531 OPERA.

3557 472 3696 529 M36

419 614 831 683 reprobaverunt
896 605 1249 675 wdi/icantes,
1286 605 1371 659 hic
1411 604 1586 673 factus
1631 614 1707 659 est
1750 604 1805 657 in
1839 609 1998 671 caput
2030 651 2032 658 λ

2135 602 2457 672 τομοῦντες,
2505 593 2686 663 οὗτος
2725 595 2983 667 ἐγενήθη
3009 596 3096 661 εἰς
3135 595 3414 663 κεφαλὴν
3440 595 3697 664 γωνίας,

417 711 627 774 angntt,
659 710 708 754 et
747 698 885 770 lapis
916 696 1223 767 offensionis
1244 703 1295 750 et
1322 705 1474 765 petra
1506 693 1773 749 scundali.

492 792 620 848 llaec
665 791 831 847 verba
855 789 923 845 ad
947 788 1231 844 Christum
1269 785 1607 853 referuntur,
1656 786 1928 856 siquidem
1951 793 2009 843 et

420 886 539 954 ipse
563 885 617 939 in
635 881 940 953 Evangeliis
966 880 1125 936 imam
1145 876 1364 949 praefert
1383 877 1749 948 prophetiam,
1775 879 1966 934 dicens
1990 897 2005 935 :

424 975 719 1047 Nunquam
774 973 1013 1043 legistis,
1076 969 1332 1040 Lapidem
1385 986 1540 1040 quem
1598 969 2010 1040 reprobaverunt

423 1066 772 1135 wdiﬁcantes,
806 1064 891 1117 hic
921 1061 1098 1131 [actus
1138 1077 1193 1116 es
1217 1063 1271 1115 in
1302 1070 1462 1131 caput
1491 1062 1676 1132 anguli
1713 1061 1802 1115 “‘3
1838 1091 1903 1101 —
1940 1061 2011 1116 Et

422 1158 581 1229 paulo
624 1163 762 1225 post.
809 1153 1069 1225 Lapidem
1125 1167 1289 1224 quem
1369 1152 1802 1223 reprobaverunt
1841 1153 2013 1209 militi-

424 1259 640 1316 cantes,
665 1247 885 1303 Judams
913 1246 1073 1313 dixit,
1108 1245 1352 1314 Scribas,
1379 1245 1686 1303 Pharisaaos
1724 1247 1816 1316 qui
1848 1261 2012 1317 repu-

427 1340 609 1394 lerunt
642 1355 766 1395 eum
800 1338 1045 1394 dicentes
1068 1354 1081 1391 :
1109 1336 1250 1405 Quia
1271 1335 1646 1393 Samaritanus
1668 1354 1722 1393 es
1740 1346 1790 1393 et
1818 1338 2017 1392 daemo-

427 1430 573 1483 nium
625 1430 785 1484 habes
814 1430 889 1496 n;
925 1437 981 1483 et
1033 1429 1210 1485 adhuc
1242 1450 1254 1485 :
1293 1427 1396 1483 Hic
1444 1445 1551 1485 non
1590 1440 1665 1486 est
1695 1446 1730 1486 ο
1760 1429 1895 1495 Deo,
1925 1429 2015 1484 sed

385 1571 388 1574 .
428 1523 636 1577 seducit
670 1523 859 1579 turbas
890 1523 956 1579 ι’.

1079 1705 1235 1762 CAP.
1267 1704 1356 1762 lll.

506 1820 671 1875 Vens.
702 1818 793 1875 10.
828 1819 891 1875 Et
927 1820 1067 1876 labia
1100 1824 1214 1894 ejus
1245 1840 1308 1877 ne
1337 1821 1626 1893 loquantur
1654 1822 1859 1878 dolum.

507 1912 674 1967 Dolus
692 1921 875 1968 autem
906 1923 988 1969 est
1012 1923 1067 1969 et
1088 1915 1455 1982 mendacium,
1490 1924 1546 1968 et
1573 1913 1812 1980 fallacia,
1848 1922 1902 1969 et
1926 1928 2016 1969 ca-

435 2004 648 2060 lumnia
706 2015 761 2060 et
820 2007 1203 2062 accusationes
1248 2008 1537 2062 veritatem
1582 2020 1689 2061 non
1732 2006 2018 2062 habentes.

433 2097 712 2162 Quantum
774 2108 959 2152 autem
1036 2098 1234 2153 dilecta
1291 2100 1407 2153 haec
1450 2097 1701 2153 veritatis
1777 2097 2019 2162 inimice,

436 2187 657 2242 Satanae
683 2188 911 2255 scilicet,
944 2189 1211 2244 mendacii
1242 2189 1380 2259 patri
1411 2205 1424 2243 :
1463 2187 1701 2243 Mendax
1737 2189 1882 2243 enim
1917 2197 2020 2255 est,

435 2279 581 2334 sicut
607 2278 687 2333 ait
720 2278 995 2348 Salvator,
1022 2291 1071 2335 et
1105 2282 1161 2335 in
1193 2282 1411 2336 veritate
1436 2297 1543 2335 non
1571 2280 1716 2336 stetit
1749 2282 1818 2336 ".
1873 2279 2025 2351 Reji-

435 2370 643 2427 ciendm
663 2383 796 2426 sunt
817 2388 847 2427 a
872 2372 1079 2428 sanctis
1114 2371 1284 2443 ipsius
1314 2372 1566 2441 fallaciae,
1604 2374 1888 2445 magisque
1913 2371 2025 2427 Dco

434 2463 850 2532 adhaerendum,
891 2466 984 2534 qui
1019 2466 1226 2521 veritas
1256 2475 1366 2522 est.

509 2553 679 2611 Vsus.
713 2555 805 2610 ll.
834 2554 1053 2611 Declina
1081 2574 1113 2611 a
1143 2557 1377 2625 malo,et
1407 2557 1496 2627 [ac
1525 2557 1739 2613 bonum.

509 2645 628 2702 Non
659 2658 841 2703 autem
867 2663 896 2703 a
924 2648 1082 2705 nobis
1104 2657 1189 2705 est
1214 2664 1496 2720 nunquam
1523 2650 1749 2705 omnino
1773 2649 1826 2705 in
1847 2657 2028 2705 mente

437 2739 721 2809 accepisse
764 2738 970 2810 aliquid
1002 2739 1228 2807 malum,
1263 2741 1663 2811 superveniunt
1705 2742 1851 2796 enim
1891 2741 2029 2798 tales

440 2830 748 2899 saepissime
779 2831 1145 2900 cogitationes
1185 2849 1199 2887 :
1231 2831 1325 2887 sed
1367 2832 1462 2902 qui
1491 2831 1712 2903 sapiens
1740 2840 1824 2888 est
1846 2832 1916 2887 ab
1947 2832 2029 2888 eis

443 2921 668 2993 refugit,
717 2923 819 2978 sub
864 2921 1183 2980 melioribus
1231 2932 1410 2979 autem
1459 2933 1516 2981 et
1563 2924 1732 2980 multo
1767 2924 2027 2995 majorem

443 3013 770 3071 habentibus
796 3014 1086 3070 utilitatem
1113 3012 1323 3071 lancem
1347 3015 1656 3085 deprimere
1676 3016 1896 3088 gaudet.
1916 3017 2030 3075 Hoc

445 3109 579 3164 mihi
610 3106 825 3164 videtur
850 3122 972 3164 esse
1005 3125 1021 3165 :
1054 3106 1279 3162 Declina
1308 3123 1339 3162 a
1368 3107 1533 3164 malo.

1093 3219 1248 3278 CAP.
1287 3219 1379 3277 IV.

2110 695 2209 748 καί
2235 694 2408 760 λίθος
2452 691 2919 761 προσκόμματος
2954 688 3054 743 καὶ
3085 687 3274 757 πέτρα
3320 686 3692 742 σκανδάλου.

2182 780 2355 834 Τοῦτο
2386 781 2448 833 τὸ
2479 779 2643 851 ῥητὸν
2672 780 2752 841 εἰς
2774 776 2870 831 τὸν
2905 777 3139 848 Χριστὸν
3173 773 3516 844 ἀναφέρεται
3544 789 3557 803 ·
3606 791 3707 832 και

2111 874 2224 947 γὰρ
2254 874 2417 938 αὐτὸς
2445 875 2504 927 ἐν
2531 870 2889 941 Εὑαγγελίοις
2915 867 3125 940 ταύτην
3155 866 3401 939 παράγει
3434 867 3535 937 τὴν
3563 884 3700 938 προ-

2113 966 2344 1039 φητείαν
2395 965 2591 1035 λέγων,
2635 963 2938 1019 Οὐδέποτε
2987 964 3306 1033 ἀνέγνωτε,
3372 962 3552 1020 λίθον
3634 960 3695 1013 ὃν

2113 1056 2582 1126 ἀπεδοκίμασαν
2607 1057 2662 1108 οὶ
2690 1053 3178 1125 οἰκοδομοῦντες,
3213 1047 3395 1118 οὗτος
3444 1049 3704 1120 ἐγενήθη

2113 1152 2202 1216 είς
2229 1148 2511 1219 κεφαλὴν
2546 1147 2775 1218 γωνίας
2800 1163 2819 1212 ;
2849 1176 2920 1187 -
2944 1146 3052 1201 Καὶ
3078 1144 3205 1215 μετ’
3258 1146 3435 1214 ὀλίγα
3465 1160 3482 1177 ο
3520 1143 3708 1197 Λίθον

2116 1243 2190 1297 ὃν
2211 1242 2669 1311 ἀπεδοκίμασαν
2691 1243 2744 1296 οἱ
2764 1238 3241 1310 οὶκοδομοῦντεσ
3264 1241 3392 1300 τοὺς
3421 1235 3708 1298 Ἰουδαίους

2116 1335 2287 1404 λέγει,
2330 1336 2458 1399 τοὺς
2502 1335 2882 1405 Γραμματεῖς,
2912 1334 3041 1397 τοὺς
3080 1331 3433 1405 Φαρισαίους,
3474 1330 3555 1382 ὅτι
3599 1328 3706 1381 ἀπ-

2118 1428 2447 1499 εδοκίμαζον
2467 1427 2632 1481 αὑτὸν
2662 1428 2939 1495 λέγοντες,
2966 1426 3089 1489 Ὅτι
3111 1423 3483 1494 Σαμαρείτης
3509 1416 3582 1485 εἴ,
3611 1419 3709 1474 καί

2118 1520 2437 1588 δαιμόνιον
2457 1520 2653 1589 ἐχειςο
2683 1520 2778 1574 καὶ
2823 1519 3008 1586 πάλιν,
3049 1514 3240 1583 Οὗτος
3266 1518 3379 1571 οὐκ
3422 1516 3594 1570 ἐστιν
3639 1512 3710 1566 ἐκ

2120 1612 2229 1667 τοῦ
2270 1611 2440 1677 Θεοῦ,
2470 1611 2635 1667 ἀλλὰ
2661 1609 2868 1678 πλανᾷ
2891 1611 2999 1666 τὸν
3036 1610 3248 1681 ὄχλον.

2739 1704 2992 1756 ΚΕΦΔΛ.
3031 1700 3109 1756 Γ’.

2193 1819 2305 1872 Καὶ
2339 1818 2516 1888 χείλη
2547 1818 2735 1873 αὐτοῦ
2762 1816 2870 1872 τοῦ
2896 1817 2985 1887 μὴ
3012 1816 3283 1886 λαλῆσαι
3322 1815 3532 1871 δόλον.

2197 1908 2358 1971 Δόλος
2386 1908 2446 1962 δέ
2478 1911 2597 1963 ἐστι
2631 1909 2694 1962 τὸ
2726 1910 2945 1981 ψεῦδος,
2968 1911 3065 1964 καὶ
3098 1911 3285 1980 ἀπάτη
3314 1912 3410 1963 καὶ
3437 1923 3704 1976 συκοφαν-

2128 1999 2243 2068 τία,
2282 2002 2380 2055 καὶ
2402 2001 2654 2055 διαϐολαὶ
2680 2002 2744 2056 τὸ
2791 2003 2993 2073 ἀληθὲς
3040 2003 3142 2057 οὐκ
3183 2001 3408 2073 ἔχουσαι
3435 2017 3450 2033 ο
3480 2001 3612 2071 φίλα
3653 2000 3713 2053 δέ

2130 2110 2249 2157 πως
2273 2094 2434 2148 ταυτὶ
2470 2095 2549 2166 τῷ
2580 2095 2627 2129 ⁸⁸
2671 2099 2771 2166 τῆς
2819 2096 3081 2165 ἀληθείας
3134 2095 3334 2167 ἐχθρῷ,
3361 2096 3610 2149 τουτέστι
3637 2092 3716 2165 τῷ

2130 2185 2370 2255 Σατανᾷ,
2407 2184 2485 2255 τῷ
2507 2184 2602 2239 τοῦ
2635 2184 2864 2256 ψεύδους
2889 2186 3091 2259 πατρί’
3127 2188 3408 2255 Ψεύστης
3430 2185 3540 2256 γάρ
3560 2185 3715 2251 ἐστι,

2131 2276 2278 2330 καθά
2327 2293 2494 2347 φησιν
2538 2279 2568 2331 ὀ
2630 2279 2850 2352 Σωτὴρ,
2884 2279 2982 2334 καί
3042 2280 3114 2335 ἐν
3165 2279 3244 2349 τῇ
3302 2280 3555 2348 ἀληθείᾳ
3602 2281 3717 2350 οὐχ

2132 2369 2374 2439 ἕστηκε.
2400 2372 2782 2444 Παραιτητέον
2805 2372 2864 2425 δὲ
2889 2375 3000 2437 τοίς
3024 2373 3199 2443 ἁγίοις
3227 2373 3296 2428 τὰ
3316 2374 3525 2428 ἐκείνου
3546 2374 3721 2443 ἁρπα-

2132 2466 2350 2535 γημαῖα
2386 2465 2433 2497 ⁸ο
2473 2465 2676 2536 μᾶλλον
2704 2464 2773 2519 τὰ
2797 2464 2953 2525 Θεοῦ.
2984 2466 3043 2529 ὃς
3070 2467 3219 2521 ἐστιν
3247 2467 3495 2539 ἀλήθεια.

2218 2554 2583 2611 Ἐκκλινάτω
2608 2557 2729 2612 ἀπὸ
2752 2559 2967 2626 κακοῦ,
3007 2559 3107 2613 καί
3140 2559 3448 2628 ποιησάτω
3468 2561 3718 2632 ἀγαθόν.

2205 2648 2280 2701 Ού
2309 2649 2420 2720 γὰρ
2447 2650 2505 2703 ἒν
2535 2651 2671 2721 ἡμῖν
2694 2651 2754 2705 τὸ
2787 2652 2911 2724 μηδ’
2934 2652 3073 2715 ὅλως
3095 2653 3177 2717 είς
3212 2652 3337 2706 νοῦν
3382 2652 3637 2719 δέξασθαι
3667 2671 3724 2708 τι

2132 2739 2246 2793 τῶν
2270 2740 2532 2795 τοιούτων
2551 2759 2566 2774 ο
2599 2744 3010 2815 προσπίπτουσι
3032 2746 3143 2818 γὰρ
3167 2745 3319 2817 αύτῷ
3335 2745 3584 2800 τοιαῦταί
3606 2763 3724 2812 πως

2136 2830 2341 2886 ἔννοιαι
2367 2832 2727 2898 πλειστάκις*
2772 2837 2889 2891 ἀλλ’
2929 2838 3091 2910 εἴπερ
3113 2856 3199 2902 τις
3232 2839 3320 2909 είη
3358 2841 3547 2909 σοφὸς,
3581 2839 3722 2894 ἀπο-

2136 2924 2368 2995 φέρεται
2412 2925 2512 2996 μὲν
2545 2927 2749 2993 αὐτῶν,
2781 2931 2896 2994 τοῖς
2921 2930 2978 2984 δὲ
3012 2930 3245 3002 ἀμείνοσ
3293 2932 3392 2986 καὶ
3431 2932 3568 2987 πολὺ
3602 2932 3724 2987 λίαν

2137 3017 2319 3086 έχουσι
2377 3017 2441 3071 τὸ
2486 3017 2771 3089 ἐπωφελὲς
2831 3022 3119 3092 χαρίζεται
3154 3024 3255 3089 τὰς
3303 3024 3517 3097 ῥοπάς·
3565 3023 3725 3080 τοῦτό

2137 3114 2311 3183 ἔστιν,
2342 3109 2524 3184 οἶμαι,
2555 3113 2639 3181 τὸ,
2684 3115 3014 3169 Ἕκκλινον
3045 3115 3164 3171 ἀπὸ
3198 3117 3413 3175 κακοῦ.

2743 3228 2999 3286 ΚΕΦΑΛ.
3033 3232 3107 3286 Δ¹.

517 3333 685 3391 Vsus.
724 3333 781 3390 9.
830 3330 1142 3404 Ilospitales
1171 3332 1414 3402 invicem,
1450 3333 1565 3389 sine
1594 3339 2032 3393 murmuratione.

2213 3342 2544 3409 Φιλόξενος
2579 3345 2670 3412 εἰς
2705 3345 3044 3414 ἀλλήλους,
3072 3348 3221 3404 ἄνευ
3246 3318 3629 3423 γογγυσμῶν.

519 3427 602 3495 Si,
638 3434 698 3481 ut
721 3426 1020 3491 Christum,
1057 3426 1363 3496 proximum
1395 3428 1615 3497 recipis,
1650 3443 1756 3482 non
1785 3444 2033 3485 murmu-

446 3520 597 3576 rabis
630 3532 807 3588 neque
828 3519 1164 3585 erubesces;
1194 3517 1423 3573 multum
1450 3529 1630 3574 autem
1662 3519 1946 3578 extolleris
1978 3522 2034 3576 in

445 3611 645 3668 cilicio.
669 3609 728 3668 Si
755 3626 885 3667 vero
903 3625 1008 3665 non
1031 3619 1090 3666 ut
1109 3610 1390 3666 Christum
1412 3611 1629 3679 recipis,
1650 3625 1831 3684 neque
1856 3612 2034 3684 ipsum

451 3705 684 3774 recipies
739 3701 1020 3759 Christum
1069 3702 1340 3758 dicentem
1376 3719 1391 3757 :
1427 3700 1534 3768 Qui
1578 3717 1667 3758 vos
1706 3703 1912 3772 recipit,
1958 3720 2039 3758 me

451 3797 637 3866 recipit
666 3796 731 3851 ¹⁰.
760 3794 819 3850 Si
839 3809 946 3849 non
967 3794 1049 3849 sic
1078 3793 1304 3863 recipis,
1328 3809 1506 3863 neque
1536 3794 1846 3849 mercedem
1873 3798 2040 3853 habe-

450 3880 560 3941 bis.
595 3870 765 3939 Viros
792 3890 1163 3947 transeuntes,
1206 3883 1465 3947 viatores,
1500 3891 1561 3936 ut
1609 3883 1891 3949 credebat,
1938 3884 2038 3938 ho-

452 3976 620 4044 spitio
668 3972 877 4043 recepit
932 3971 1232 4027 Abraham.
1281 3970 1389 4026 Sed
1430 3986 1538 4025 non
1589 3973 1771 4028 omnia
1821 3971 2042 4030 famulis

453 4065 570 4122 suis
585 4063 895 4130 commisit;
921 4077 1149 4118 uxorem
1179 4076 1310 4119 vero
1329 4063 1739 4132 jussitl'arinam
1767 4065 2040 4136 subigere,

455 4158 584 4213 licet
641 4166 822 4211 tamen
874 4154 1210 4211 domesticos
1260 4155 1488 4211 haberet
1536 4171 1747 4213 servos.
1785 4156 1891 4214 Sed
1928 4158 2044 4229 ipse

455 4262 579 4303 cum
602 4259 777 4303 uxore
806 4244 1114 4302 mercedem
1145 4244 1397 4316 accipere
1434 4244 1688 4316 cupiebat
1715 4262 1824 4304 non
1859 4248 2045 4319 hospi-

457 4340 684 4395 talitatis
711 4348 943 4405 tantum,
962 4337 1060 4396 sed
1083 4345 1137 4393 et
1159 4337 1448 4394 ministerii
1472 4356 1486 4393 :
1511 4338 1593 4395 sic
1614 4339 2044 4410 hospitalitatem

457 4433 701 4502 praebere
752 4431 1034 4502 debemus,
1090 4430 1279 4487 omnia
1314 4445 1415 4488 nos
1447 4432 1547 4503 ipsi
1576 4429 1862 4502 facientes,
1896 4443 1955 4490 ut
1991 4443 2047 4491 et

457 4520 886 4575 sanetilicemur.

1122 4610 1275 4668 CAP.
1311 4613 1377 4670 ν.

531 4725 699 4782 Vens.
733 4726 790 4792 2,
824 4726 880 4782 ὅ.
926 4725 1140 4782 Pascite
1169 4729 1261 4800 qui
1296 4729 1351 4783 in
1385 4732 1527 4786 vobis
1562 4740 1637 4787 est
1666 4748 1874 4804 gregem
1926 4734 2046 4801 Dei,

413 4805 430 4823 ”
463 4833 567 4872 non
595 4825 655 4871 ut
685 4816 1018 4871 dominantes
1048 4818 1105 4873 in
1129 4818 1303 4873 cleris.

536 4908 679 4963 Dicit
712 4907 857 4962 enim
897 4908 1153 4964 Christus
1187 4927 1201 4965 :
1237 4908 1342 4975 Qui
1384 4911 1605 4966 voluerit
1635 4912 1774 4968 inter
1799 4931 1887 4970 vos
1932 4917 2050 4985 pri-

465 5017 580 5056 mus
596 5017 728 5066 esse,
754 5001 855 5054 erit
888 5014 1052 5056 vester
1075 5018 1255 5058 seruus
1273 5002 1349 5071 “;
1375 5013 1429 5059 et
1455 5023 1469 5059 :
1496 5004 1600 5069 Qui
1622 5021 1678 5060 se
1699 5006 2049 5062 humiliacerit

464 5095 792 5149 exaltabitur
817 5094 885 5148 ”.
911 5092 1051 5160 Quid
1072 5093 1249 5150 dicis?
1274 5095 1332 5151 Si
1364 5096 1725 5153 humiliavero
1757 5100 2049 5168 meipsum,

469 5197 599 5243 tunc
649 5187 925 5243 exaltatus
955 5186 1091 5241 ero?
1138 5184 1217 5242 Ita
1266 5196 1436 5241 certe.
1472 5186 1624 5244 Talis
1664 5198 1748 5244 cst
1777 5190 1923 5245 enim
1956 5206 2052 5260 po-

470 5278 637 5332 tentia
672 5292 818 5344 mea,
851 5276 1136 5333 contraria
1167 5275 1462 5332 contrariis
1501 5290 1790 5347 generans.
1819 5278 2051 5335 Auxiliis

475 5379 531 5422 et
571 5369 837 5424 industria
871 5368 1023 5425 dives
1048 5384 1193 5435 sum,
1232 5381 1304 5422 ne
1344 5368 1558 5423 timeas.
1590 5367 1722 5423 Meae
1751 5370 1921 5424 servit
1954 5386 2053 5424 vo-

472 5457 666 5515 luntati
712 5470 907 5517 natura
962 5475 1172 5530 rerum,
1198 5469 1252 5516 et
1283 5474 1389 5515 non
1422 5474 1523 5530 ego
1551 5467 1748 5515 natura
1799 5460 2054 5532 alligatus

472 5562 615 5609 sum.

2076 4668 2124 4724 D

2211 3439 2275 3492 Εἰ
2323 3438 2398 3503 ὡς
2429 3439 2520 3493 τὸν
2564 3439 2804 3511 Χριστὸν
2857 3441 3010 3516 δέχῃ,
3058 3442 3226 3515 μηδὲν
3272 3444 3553 3517 γογγύσῃς
3591 3444 3728 3519 μηδὶ

2139 3528 2533 3600 ἐπαισχυνθῇς,
2568 3531 2771 3601 μᾶλλον
2803 3531 2861 3586 δὲ
2890 3533 2988 3586 καὶ
3013 3534 3289 3604 σεμνύνου
3316 3537 3414 3591 ἐπὶ
3445 3537 3523 3608 τῷ
3544 3539 3728 3609 πράγ-

2143 3636 2277 3691 ματι
2298 3633 2314 3649 ⁶
2334 3619 2461 3674 εἰδὲ
2490 3620 2569 3691 μὴ
2584 3621 2659 3685 ὡς
2675 3622 2769 3676 τὸν
2794 3623 3030 3694 Χριστὸν
3044 3624 3195 3697 δέχῃ,
3218 3627 3355 3698 μηδὲ
3374 3626 3523 3702 δέξῃ,
3551 3629 3616 3683 '0
3635 3630 3731 3685 68-

2142 3709 2402 3779 χόμενος
2438 3708 2619 3781 ὑμᾶς,
2653 3713 2843 3784 φησὶν,
2869 3713 2976 3783 ἐμὲ
2995 3715 3254 3784 δέχεται.
3296 3717 3424 3771 Ἐὰν
3456 3718 3533 3792 μὴ
3558 3721 3731 3787 οὕτως

2141 3799 2297 3872 δέχῃ,
2321 3801 2444 3854 οὐδὲ
2488 3801 2684 3871 μισθὸν
2711 3801 2877 3874 ἔχεις.
2914 3804 3268 3878 Ἀνθρώπους
3298 3809 3602 3881 παριόντας
3622 3813 3731 3867 ὁδί-

2142 3911 2266 3960 τας,
2307 3894 2382 3957 ὡς
2430 3892 2726 3964 ἐνόμιζεν,
2775 3896 2804 3947 ὁ
2850 3896 3103 3970 ’Δόραὰμ
3153 3899 3483 3972 ὑπεδέχετο·
3518 3904 3611 3957 καὶ
3666 3906 3733 3959 οὐ

2143 3985 2326 4039 πάντα
2346 3986 2460 4048 τοῖς
2482 3986 2725 4049 οἰκέταις
2749 3987 3068 4055 ἐπέταττεν,
3103 3990 3241 4046 ἀλλὰ
3289 3994 3386 4047 καὶ
3414 3996 3483 4066 τῇ
3513 3997 3734 4065 γυναικὶ

2143 4074 2215 4128 τὰ
2240 4075 2448 4146 ἄλευρα
2476 4075 2674 4147 φύρειν
2708 4077 2997 4146 ἐπέταττε,
3048 4081 3230 4135 καίτοι
3273 4081 3381 4155 τιη¹
3407 4084 3546 4155 ἔχων
3584 4088 3732 4142 οίκο-

2144 4169 2347 4236 γαμεῖς.
2389 4166 2531 4220 Ἀλλ’
2577 4168 2737 4232 αὐτὸς
2767 4169 3023 4224 ἐϐούλετο
3063 4172 3153 4226 τὸν
3196 4175 3391 4244 μισθὸν
3415 4178 3562 4249 ἔχειν
3593 4183 3736 4252 μετὰ

2145 4258 2246 4330 τῆς
2267 4260 2521 4331 γαμετῆς
2547 4276 2561 4291 ο
2594 4261 2656 4313 ού
2693 4261 2792 4327 τῆς
2844 4261 3094 4337 δαπάνης
3143 4267 3329 4337 μόνον,
3352 4269 3490 4323 ἀλλὰ
3512 4273 3608 4325 καὶ
3633 4274 3736 4343 τῆς

2145 4348 2466 4414 διακονίας·
2518 4350 2662 4404 οὕτω
2697 4351 2781 4406 δεῖ
2821 4353 3135 4421 φιλοξενίαν
3186 4357 3614 4425 ἐπιδείκνυσθαι,
3667 4363 3734 4416 δι’

2147 4439 2362 4495 ἑαυτῶν
2400 4441 2581 4497 πάντα
2615 4441 2979 4511 πράττοντας,
3023 4445 3114 4500 ἵνα
3144 4447 3307 4517 ἡμεῖς
3343 4448 3733 4517 ἁγιαζώμεθα.

2763 4628 3017 4683 ΚΕΦΑΛ.
3055 4626 3131 4684 E'.

2224 4738 2561 4809 Ποιμάνατε
2588 4739 2654 4793 τὸ
2678 4739 2750 4793 ἐν
2786 4740 2932 4811 ὑμῖν
2952 4742 3241 4811 ποίμνιον
3267 4742 3375 4798 τοῦ
3403 4742 3577 4809 Θεοῦ,
3596 4744 3738 4814 μηδ’

2149 4831 2230 4899 ὡς
2262 4833 2804 4900 κατακυριεύοντες
2830 4832 2951 4887 τῶν
2978 4834 3241 4903 κλήρων.

2219 4922 2359 4991 Φησὶ
2373 4921 2483 4993 γὰρ
2503 4923 2532 4975 ὁ
2550 4924 2808 4993 Χριστός*
2848 4923 2911 4977 '0
2940 4924 3135 4980 θέλων
3156 4926 3227 4979 ἐν
3251 4926 3396 4996 ὑμῖν
3415 4922 3567 4981 εἶναι
3587 4926 3742 4996 πρῶ-

2157 5032 2260 5081 τος
2296 5016 2468 5069 ἐσται
2514 5014 2660 5085 ὑμῖν
2683 5017 2725 5049 ⁶¹
2762 5016 3081 5084 διάκονος-ο
3132 5017 3202 5085 ὃς
3231 5020 3343 5089 γὰρ
3389 5022 3744 5077 ταπεινώσει

2156 5105 2379 5160 ἑαυτὸν
2405 5100 2585 5173 οὗτος
2608 5107 3019 5176 ὑψωθήσεται.
3056 5109 3123 5162 Τί
3158 5108 3375 5179 λέγεις;
3421 5113 3518 5165 ἐὰν
3547 5130 3743 5168 ταπει-

2156 5197 2316 5252 νώσω
2344 5194 2585 5266 ἐμαυτὸν
2618 5197 2687 5263 ⁸³,
2729 5198 2854 5252 τότε
2889 5198 3096 5270 ὑψηλὸς
3125 5198 3365 5271 ἔσομαι;
3407 5200 3539 5267 Ναὶ,
3573 5204 3740 5275 φησί·

2155 5286 2381 5360 τοιαύτη
2406 5288 2517 5361 γὰρ
2538 5291 2572 5360 ἡ
2598 5290 2624 5340 ὲ
2633 5288 2710 5361 μὴ
2725 5289 2960 5361 δύναμις
2977 5289 3068 5345 διὰ
3088 5290 3199 5345 τῶν
3220 5292 3484 5347 ἐναντίων
3502 5291 3575 5346 τὰ
3592 5294 3745 5349 ὲναν-

2159 5378 2251 5431 τία
2276 5381 2549 5458 παρέχειν·
2606 5380 2839 5453 εύπορός
2874 5384 2992 5454 ειμι
3022 5383 3120 5436 καὶ
3146 5383 3463 5456 εὐμήχανος
3482 5400 3495 5415 ·
3535 5385 3613 5458 μὴ
3640 5386 3745 5441 δεί-

2161 5484 2263 5540 σῃς
2287 5485 2303 5499 ·
2333 5469 2411 5540 τῷ
2432 5457 2554 5541 apt;
2577 5469 2844 5541 θελήματι
2874 5473 2908 5542 ἡ
2930 5471 3041 5527 τῶν
3068 5474 3419 5545 πραγμάτων
3455 5457 3747 5530 ἀκολουθεῖ

2161 5557 2357 5629 φύσις*
2386 5560 2625 5640 οὐκὶέγὼ
2660 5565 2727 5634 τῇ
2758 5562 2917 5633 φύσει
2945 5563 3170 5637 ἕπομαι.

544 5684 982 5772 εχξιιιιιξπέιι,
1011 5690 1103 5746 ιιι.
1181 5693 1224 5725 ιτ
1264 5689 1426 5772 loan.
1461 5706 1581 5761 vm,
1614 5691 1707 5749 48.
1783 5693 1826 5726 ¹⁶
1864 5692 2022 5749 .loan.

2139 5733 2155 5761 ,
2189 5663 2279 5752 ιθ.
2358 5697 2400 5731 ¹⁹
2438 5696 2599 5755 Joan.
2635 5712 2757 5767 vm,
2797 5700 2890 5758 44.
2944 5701 2992 5735 ¹⁶
3030 5702 3309 5772 Matth.x,
3334 5704 3424 5760 40.
3460 5706 3507 5741 ἰ
3547 5703 3743 5765 Matth.

476 5756 682 5823 “,17.
759 5758 805 5789 η
836 5756 1025 5815 ,llatth.
1062 5776 1220 5830 χχιιι,
1262 5764 1332 5818 ~12

474 5890 477 5895 ’
563 5905 607 5935 δί’
636 5901 697 5957 C.
737 5898 799 5956 C.
839 5914 948 5956 om.
1025 5900 1070 5933 ⁸⁸
1109 5899 1172 5956 C.
1208 5900 1274 5961 Ci.
1307 5901 1685 5973 ἁρπαγιμαῖα.
1774 5900 1902 5956 “C.
1930 5898 2032 5957 (λι

2135 5919 2158 5954 ο
2185 5900 2354 5972 ὑμῶν.
2456 5906 2499 5937 ⁶²
2524 5905 2583 5962 C.
2617 5905 2676 5962 C.
2703 5907 2915 5963 ἑαυτὸν.
