4138 6474
455 467 590 524 1037

1414 467 1844 524 FRAGMENTA
1881 468 1948 523 IN
1988 467 2380 525 EPISTOLAM
2422 466 2465 520 ll
2508 468 2566 522 S.
2608 464 2838 522 PETRI.

3612 467 3753 529 ωδε

522 592 937 659 Ταπεινῶθητε
962 585 1077 646 οὖν
1111 590 1232 644 ὑπὸ
1275 590 1390 658 τὴν
1415 590 1706 659 κραταιὰν
1737 591 1908 660 χεῷα
1942 592 2048 644 τοῦ

2230 589 2396 646 Vens.
2438 588 2490 643 6.
2530 587 2912 642 Ilnmiliamini
2936 604 3059 659 ergo
3086 586 3182 642 sub
3220 604 3380 643 manu
3405 593 3604 658 potenti
3633 592 3752 660 Dei,

449 686 622 751 Θεοῦ,
653 684 755 740 ἵνα
791 684 948 755 ὑμᾶς
975 684 1198 754 ὑψώσῃ
1224 683 1295 738 ἐν
1322 683 1530 752 καιρῷ.

517 777 632 847 Οὐχ
661 775 853 839 ἁπλῶς
879 776 939 828 τὸ
959 774 1220 844 ὑψώσει,
1250 774 1364 828 ἀλλ’
1389 775 1461 827 ἐν
1489 772 1675 842 καιρῷ
1704 772 2040 844 προσέθηκε·

445 867 720 921 διδάσκων
751 867 950 929 αὐτοὺς
987 867 1208 938 ἐκείνην
1232 865 1528 936 ἀναμένειν
1550 865 1652 936 τὴν
1675 864 1845 929 ὅντως
1872 866 1932 918 ὲν
1963 864 2043 936 τῷ

451 957 702 1030 μέλλοντι
725 957 887 1010 αἰῶνι
923 955 1156 1027 ὕψωσιν.

517 1048 744 1118 Εἰρήνη
785 1047 932 1118 ὑμῖν
955 1049 1108 1107 πᾶσι
1146 1049 1273 1116 τοῖς
1302 1049 1375 1104 ἐν
1394 1047 1652 1120 Χριστῷ.
1695 1047 1898 1120 Ἀμήν.

521 1231 666 1304 ’Ὀρα
695 1233 816 1297 πῶς
850 1233 978 1287 ὅταν
1003 1233 1075 1288 τὰ
1098 1234 1353 1306 πρακτέα
1377 1234 1721 1306 ὐπαγορεύῃ,
1744 1234 2052 1303 ἐπισημαί-

449 1341 600 1379 νεται
632 1323 775 1378 αὐτὰ
801 1327 867 1397 τῇ
890 1325 1025 1397 εὐχῇ
1055 1342 1071 1360 ο
1103 1325 1360 1398 καθάπερ
1393 1327 1685 1398 σήμαντρα
1706 1329 1818 1381 τῶν
1843 1325 2044 1381 ἀποτε-

452 1416 654 1472 θέντων
685 1416 860 1482 τιθείς
887 1417 987 1490 τὴν
1028 1419 1279 1490 εἰρήνην.

2156 691 2213 736 ut
2241 697 2332 736 vos
2369 680 2562 734 exaltet
2599 679 2653 732 in
2683 689 2938 749 tempore.

2226 771 2348 826 Non
2399 772 2724 841 simpliciter
2767 773 2903 826 dicit
2931 791 2945 827 :
2975 774 3261 841 exaltabit,
3308 775 3406 831 sed
3435 776 3618 832 subdit
3651 794 3664 830 :
3697 777 3753 831 in

2154 875 2406 933 tempore,
2432 864 2693 918 docentes
2717 879 2818 919 nos
2844 864 2991 919 illam
3011 878 3335 936 exspectare
3362 870 3753 926 exaltationem

2152 971 2339 1012 veram
2377 957 2427 1010 in
2459 955 2658 1010 saeculo
2688 956 2891 1011 futuro.

2227 1045 2390 1102 Vens.
2423 1047 2513 1104 14.
2550 1048 2668 1104 Pax
2695 1051 2940 1104 omnibus
2965 1050 3108 1106 vobis
3141 1052 3232 1121 qui
3259 1053 3317 1107 in
3343 1050 3570 1108 Christo
3605 1056 3732 1110 estis

2154 1145 2343 1199 Amen.

2231 1234 2422 1291 Videte
2453 1235 2728 1305 quomodo
2758 1251 2882 1292 cum
2915 1235 3167 1293 facienda
3206 1243 3504 1310 suggessit,
3537 1241 3626 1296 illa
3652 1242 3755 1297 oh-

2154 1326 2336 1398 signat
2374 1327 2664 1397 oratione,
2697 1342 2888 1399 pacem
2946 1327 3234 1400 imponens
3271 1332 3509 1402 sigillum
3561 1347 3751 1388 eorum

2155 1436 2277 1491 quae
2311 1421 2586 1493 exposuit.

963 1784 1096 1875 1N
1175 1781 1812 1875 SECUNDAM
1889 1787 1984 1876 S.
2068 1789 2428 1879 PETRI
2516 1789 3250 1884 EPISTOLAM.

875 1975 1282 2031 ΚΕΦΔΛΑΙΟΝ
1325 1977 1603 2032 ΠΡΩΤΟΝ
1616 2017 1630 2030 .

520 2095 707 2167 Χάρις
733 2094 882 2165 ὑμῖν
912 2094 1013 2148 καί
1042 2093 1256 2164 εἰρήνη
1293 2094 1673 2164 πληθυνθείη
1703 2095 1774 2150 ἐν
1803 2096 2057 2169 ἐπιγνώ-

451 2208 550 2246 σει
594 2191 704 2246 τοῦ
745 2189 920 2258 Θεοῦ,
961 2188 1063 2245 καί
1124 2189 1321 2260 Ἰησοῦ
1373 2189 1635 2260 Χριστοῦ
1682 2191 1790 2246 τοῦ
1831 2193 2058 2261 Κυρίου

451 2280 646 2350 ἡμῶν.
1581 2282 1585 2286 ⁴
1914 2292 1916 2294 ’

524 2376 693 2430 Οὐδὲν
719 2374 830 2447 γὰρ
867 2373 1075 2445 ταύτης
1110 2373 1229 2426 ἴσον
1253 2390 1268 2406 ·
1310 2372 1401 2428 διὰ
1435 2374 1597 2428 τοῦτο
1635 2375 1913 2447 εὐχόμεθα
1962 2377 2059 2431 καὶ

451 2468 688 2538 λέγομεν
733 2465 1018 2531 αἰτοῦντες
1077 2466 1170 2519 τὸν
1220 2465 1457 2536 ἄγγελον
1502 2467 1604 2537 τῆς
1649 2468 1879 2539 εἰρήνης
1907 2483 1921 2496 ·
1962 2467 2059 2522 καὶ

452 2558 737 2632 πανταχοῦ
771 2561 1001 2632 εἰρήνην
1023 2556 1287 2630 αἰτοῦμεν
1311 2559 1370 2614 ὲν
1387 2561 1508 2623 ταῖς
1525 2561 1873 2632 ἐκκλησίαις,
1905 2562 2058 2634 εἰρή-

452 2671 550 2726 νην
585 2655 644 2707 ὲν
685 2654 808 2717 ταῖς
837 2653 1048 2723 εὐχαῖς,
1079 2653 1140 2706 ὲν
1173 2655 1296 2716 ταῖς
1322 2652 1522 2718 λιταῖς,
1569 2655 1627 2706 ὲν
1657 2657 1779 2717 ταῖς
1810 2657 2058 2728 προσρή-

452 2761 594 2799 σεσι.
625 2743 735 2798 Καὶ
769 2741 1112 2810 ἁπαξαπλῶς
1147 2743 1244 2796 καὶ
1267 2741 1351 2805 δὶς
1379 2745 1475 2795 καὶ
1504 2740 1628 2812 τρὶς
1659 2741 1757 2795 καὶ
1785 2741 2054 2807 πολλάκις

450 2836 622 2910 αὐτὴν
651 2836 870 2892 δίδωσιν
919 2837 948 2890 ὁ
976 2835 1067 2907 τῆς
1127 2833 1458 2907 Ἐκκλησίας
1492 2835 1798 2906 προεστὼς,
1827 2837 2056 2907 Εἰρήνη

451 2929 614 3000 ὑμῖν.
661 2929 852 2998 Διατί;
882 2928 1008 2984 Ὅτι
1066 2927 1208 3000 αὐτη
1272 2929 1461 3000 μήτηρ
1505 2929 1727 2982 πάντων
1779 2930 1899 2982 ἐστὶ
1947 2929 2056 2984 τῶν

451 3022 674 3092 ἀγαθῶν
701 3039 717 3054 ο
771 3022 914 3096 αὐτη
968 3022 1070 3093 τῆς
1096 3023 1274 3093 χαρᾶς
1317 3022 1350 3092 ἡ
1392 3021 1720 3086 ὑπόστασις.
1761 3021 1862 3076 Διὰ
1897 3022 2058 3076 τοῦτο

451 3116 545 3168 καὶ
580 3115 610 3169 ὁ
630 3115 870 3187 Χριστὸς
908 3114 1173 3170 εἰσιοῦσιν
1199 3116 1281 3181 εἰς
1313 3113 1412 3177 τὰς
1435 3114 1620 3179 οἰκίας
1651 3117 1766 3178 τοῖς
1810 3116 2052 3169 ἀποστό-

449 3207 568 3274 λοις
615 3209 779 3264 τοῦτο
819 3209 1003 3280 λέγειν
1046 3209 1390 3282 προσέταξεν
1439 3211 1670 3274 εὐθέως,
1707 3210 1966 3283 καθάπερ
2008 3211 2055 3243 ⁸³

452 3303 724 3375 σύμϐολον
756 3303 867 3358 τῶν
899 3303 1128 3373 ἀγαθῶν
1153 3321 1168 3336 ο
1203 3306 1645 3376 Εἰσερχόμενοι
1691 3305 1822 3374 γὰρ,
1855 3305 2050 3375 φησὶν,

449 3399 539 3466 εἰς
575 3397 684 3466 τὰς
742 3397 937 3464 οἰκίας
965 3397 1182 3470 λέγετε
1215 3399 1280 3431 δ’δ’
1319 3397 1546 3468 Εἰρήνη
1597 3397 1763 3466 ὑμῖν.
1831 3397 2053 3468 Ταύτης

450 3491 564 3562 γὰρ
591 3491 694 3544 οὐκ
716 3489 908 3562 οὔσης,
942 3490 1128 3544 πάντα
1162 3490 1398 3560 περιττά
1428 3505 1441 3520 °
1478 3490 1574 3543 καὶ
1610 3491 1638 3541 ὁ
1670 3488 1910 3560 Χριστὸς
1940 3491 2056 3552 τοῖς

455 3585 732 3656 μαθηταῖς
758 3583 968 3653 ἔλεγεν,
997 3583 1267 3653 Εἰρήνην
1296 3582 1414 3652 τὴν
1446 3582 1606 3654 ἐμὴν
1643 3581 1854 3653 δίδωμι
1884 3581 2052 3652 ὑμῖν.

452 3676 604 3746 Αὕτη
635 3679 700 3748 τῇ
735 3675 930 3746 ἀγάπῃ
965 3675 1338 3746 προοδοποιεῖ.

523 3771 632 3826 Καὶ
665 3770 816 3827 αὐτὸ
850 3771 921 3825 δὲ
984 3771 1166 3826 τοῦτο
1214 3769 1506 3840 σπουδὴν
1555 3768 1766 3827 πᾶσαν
1806 3783 2056 3840 παρεισ-

455 3864 834 3935 ενέγκαντες,
847 3863 1331 3936 ἐπιχορηγήσατε
1345 3863 1416 3918 ὲν
1435 3861 1508 3932 τῇ
1529 3863 1731 3917 πίστει
1751 3862 1921 3932 ὑμῶν
1943 3861 2059 3932 τὴν

454 3959 707 4029 ἀρετὴν,
756 3961 825 4015 ἐν
855 3958 925 4013 δὲ
954 3959 1031 4030 τῇ
1075 3957 1260 4029 ἀρετῇ
1297 3957 1416 4029 τὴν
1470 3957 1720 4028 γνῶσιν,
1765 3957 1836 4011 ἐν
1882 3956 1954 4012 δὲ
1982 3955 2058 4027 τῇ

455 4054 677 4122 γνώσει
711 4051 827 4122 τὴν
855 4051 1230 4124 ἐγκράτειαν,
1267 4051 1339 4106 ἐν
1391 4049 1462 4105 δὲ
1492 4049 1569 4121 τῇ
1599 4051 1916 4120 ἐγκρατείᾳ
1944 4049 2060 4120 τὴν

455 4143 799 4215 ὑπομονὴν,
835 4146 906 4200 ἐν
944 4144 1016 4198 δὲ
1062 4144 1139 4213 τῇ
1167 4143 1450 4216 ὑπομονῇ
1472 4143 1590 4213 τὴν
1621 4143 1962 4210 εὐσέϐειαν,
1987 4144 2060 4198 ἐν

455 4237 526 4292 δὲ
565 4237 641 4307 τῇ
691 4239 976 4306 εὐσεϐείᾳ
1013 4238 1129 4308 τὴν
1155 4237 1589 4309 φιλαδελφίαν,
1625 4238 1695 4292 ἐν
1723 4237 1794 4291 δὲ
1823 4237 1897 4308 τῇ
1927 4241 2061 4308 φιλ-

458 4331 718 4403 αδελφίᾳ
746 4331 864 4402 τὴν
891 4332 1158 4404 ἀγάπην.

528 4423 717 4479 Ταῦτα
749 4427 900 4492 ποῖα,
930 4425 965 4496 ἢ
999 4426 1070 4480 τὰ
1113 4425 1534 4499 προειρημένα;
1579 4425 1798 4498 Ἀρετὴ,
1830 4425 2056 4496 γνῶσις,

456 4520 784 4592 ἐγκράτεια,
815 4519 1092 4592 ὑπομονὴ,
1126 4519 1406 4585 εὐσέϐεια,
1451 4519 1804 4589 φιλαδελφία,
1836 4519 2055 4590 ἀγάπη,

457 4609 620 4666 ἅτινα
649 4611 783 4682 ἡμῖν
811 4611 874 4666 οὐ
910 4613 1075 4682 μόνον
1105 4615 1369 4685 παρεῖναι
1399 4612 1506 4678 δεῖ,
1540 4613 1599 4666 ὰ)
1612 4611 1682 4667 λὰ
1703 4615 1798 4667 καὶ
1824 4613 2058 4668 πλεονά-

2670 1983 2906 2042 CAPUT
2947 1986 3242 2046 PRIMUM.

2238 2096 2402 2151 Vens.
2424 2098 2479 2152 2.
2499 2097 2688 2154 Gratia
2723 2102 2863 2155 vobis
2892 2112 2942 2156 et
2978 2121 3086 2173 pax
3116 2106 3476 2177 adimpleatur
3503 2109 3558 2165 in
3583 2112 3761 2184 cogni-

2159 2189 2301 2244 tione
2326 2190 2425 2244 Dei
2457 2201 2507 2246 et
2530 2191 2662 2246 Jcsu
2693 2191 2893 2249 Christi
2919 2195 3138 2252 Domini
3167 2202 3358 2255 nostri.

2222 2373 2369 2431 Nihil
2400 2376 2528 2433 huic
2570 2379 2693 2449 paci
2748 2381 2988 2438 similis:
3033 2394 3324 2454 propterea
3376 2401 3666 2457 precamur
3703 2401 3760 2447 ct

2157 2480 2382 2522 oramus
2412 2468 2664 2539 angelum
2694 2472 2846 2541 pacis
2879 2473 3220 2543 invocantes,
3251 2487 3306 2532 et
3338 2479 3541 2547 ubique
3565 2496 3757 2550 pacem

2158 2557 2397 2627 petimus
2433 2559 2487 2613 in
2524 2561 2798 2630 ecclesiis,
2838 2579 3028 2630 pacem
3074 2568 3126 2621 in
3161 2570 3437 2637 precibus,
3479 2588 3668 2642 pacem
3703 2575 3758 2630 in

2159 2647 2673 2717 supplicationibus,
2697 2654 2750 2706 in
2783 2653 3230 2712 salutationibus.
3257 2659 3321 2713 Et
3341 2662 3756 2733 universaliter,

2159 2749 2209 2792 el
2233 2738 2451 2805 iterum,
2476 2750 2530 2796 et
2560 2743 2721 2798 tertio
2739 2754 2794 2799 et
2821 2761 2964 2817 smpe
2994 2749 3166 2818 ipsum
3203 2750 3292 2805 dat
3325 2750 3583 2809 Ecclesiae
3607 2753 3758 2811 Prw-

2158 2843 2247 2884 scs
2279 2845 2295 2883 :
2333 2829 2450 2885 Pax
2483 2832 2650 2886 vobis.
2675 2835 2758 2888 Ad
2807 2836 2980 2906 quid?
3013 2836 3149 2904 Quia
3202 2841 3472 2897 bonorum
3511 2846 3758 2902 omnium

2161 2921 2276 2991 ipsa
2297 2933 2472 2979 mater
2493 2937 2576 2981 est
2600 2936 2655 2980 ct
2673 2925 2874 2982 laetitiae
2903 2927 3345 2988 fundamentum.
3369 2935 3599 3006 Propter
3615 2941 3761 3010 quod

2158 3025 2211 3069 et
2247 3016 2508 3086 apostolis
2539 3017 2594 3072 in
2626 3020 2846 3075 domum
2879 3022 3404 3093 intrantibus,illam
3437 3033 3763 3089 annuntiare

2161 3108 2394 3176 primum
2411 3113 2674 3182 praecepit
2699 3113 2980 3183 Christus,
3004 3119 3147 3174 sicut
3173 3122 3417 3177 omnium
3436 3126 3762 3194 praesagium

2160 3198 2448 3256 bonorum.
2485 3202 2550 3257 In
2581 3221 2951 3279 quamcunque
2997 3211 3236 3284 domum,
3271 3214 3370 3280 ait,
3413 3215 3760 3283 intraveritis,

2159 3291 2387 3359 primum
2436 3293 2596 3349 dicite
2638 3313 2658 3351 :
2700 3296 2821 3352 Pax
2870 3301 2992 3354 huic
3048 3303 3232 3357 domui
3257 3306 3325 3358 ".
3368 3305 3442 3361 Ea
3467 3306 3763 3364 deﬁciente

2160 3403 2295 3442 vana
2346 3400 2474 3445 sunt
2527 3393 2733 3447 omnia.
2782 3391 2848 3446 Et
2898 3393 3153 3449 Christus
3227 3396 3516 3466 discipulis
3567 3400 3753 3457 dixit:

2161 3478 2357 3536 Pacem
2393 3499 2563 3537 meam
2605 3486 2671 3539 do
2707 3485 2852 3540 vobis
2881 3486 2947 3542 ".
2973 3484 3093 3556 Ipsa
3127 3489 3380 3546 charitali
3413 3491 3558 3547 viam
3586 3491 3756 3552 facit:

2239 3763 2404 3820 Vsus.
2445 3765 2497 3831 5,
2532 3767 2584 3820 7.
2622 3766 2691 3821 Et
2722 3767 2820 3823 hoc
2870 3770 3041 3839 ipsum
3070 3788 3255 3827 curam
3285 3789 3494 3829 omnem
3519 3774 3760 3847 subinfe-

2160 3868 2358 3926 rentes,
2410 3861 2710 3917 ministrate
2734 3863 2790 3916 in
2817 3863 2924 3933 ﬁde
2955 3877 3130 3919 vestra
3166 3867 3439 3933 virtutem,
3473 3867 3527 3922 in
3559 3871 3762 3925 virtute

2143 3961 2338 4007 tantem
2370 3954 2672 4022 scientiam,
2704 3957 2761 4010 in
2787 3958 3018 4012 scientia
3050 3967 3226 4013 autem
3270 3960 3666 4025 abstinentiam,
3704 3961 3762 4017 in

2161 4045 2484 4101 abstinentia
2535 4059 2715 4102 autem
2773 4051 3109 4117 patientiam,
3163 4052 3220 4105 in
3259 4053 3524 4121 patientia
3581 4063 3762 4110 autem

2160 4139 2443 4208 pietatem,
2488 4143 2542 4195 in
2596 4143 2786 4210 pietate
2847 4153 3025 4197 autem
3070 4143 3431 4214 fraternitatis
3483 4163 3759 4214 amorem,

2161 4231 2216 4284 in
2245 4248 2426 4286 amore
2449 4233 2809 4302 fraternitatis
2836 4245 3016 4289 autem
3057 4235 3397 4291 charitatem.

2234 4421 2444 4488 Quanta
2475 4421 2576 4477 ista
2609 4437 2729 4492 quae
2759 4421 2872 4490 iam
2905 4423 3114 4493 prolata
3142 4424 3308 4479 sunt!
3345 4423 3553 4493 Virtus,
3579 4425 3764 4482 scicn-

2163 4514 2264 4579 tia,
2288 4514 2646 4581 abstinentia,
2679 4517 2964 4586 patientia,
3001 4517 3199 4586 pietas,
3231 4517 3476 4572 fraterna
3503 4518 3755 4586 dilectio,

2163 4606 2430 4674 charitas,
2461 4623 2581 4676 qua:
2617 4622 2721 4662 non
2755 4607 2933 4664 solum
2958 4608 3140 4664 inesse
3172 4608 3356 4675 nobis,
3385 4610 3480 4665 sed
3514 4619 3570 4666 et
3588 4611 3761 4666 abun-

458 4704 598 4769 ζειν.
626 4705 689 4758 Εἰ
718 4703 828 4776 γὰρ
868 4705 902 4776 ἡ
950 4705 1236 4776 παρουσία
1287 4705 1512 4776 ὠφελεῖ,
1559 4705 1742 4776 πολλῷ
1792 4706 2054 4778 μᾶλλονή

2166 4701 2298 4756 dare
2330 4709 2564 4770 oportet.
2597 4699 2655 4754 Si
2700 4701 2845 4755 enim
2882 4701 3033 4756 utilis
3079 4711 3164 4757 est
3208 4716 3398 4757 earum
3443 4705 3766 4774 praesentia,

457 4797 772 4869 περιουσία.
799 4797 898 4863 Τίς
928 4799 988 4853 δὲ
1018 4798 1137 4870 aee
1160 4799 1345 4855 αὐτῶν
1381 4800 1644 4870 ὠφέλεια,
1678 4799 1712 4870 ἢ
1743 4799 1804 4854 τὸ
1833 4802 2056 4872 παρρη-

462 4891 590 4946 σίαν
635 4892 780 4963 ἔχειν
811 4892 870 4946 ὲν
898 4894 968 4963 τῇ
1023 4891 1210 4964 ἡμέρᾳ
1266 4891 1363 4946 τοῦ
1406 4891 1618 4962 Κυρίου
1661 4891 1826 4963 ήμῶν
1872 4891 2053 4963 Ἰησοῦ

461 4984 705 5055 Χριστοῦ
735 5003 750 5054 ;
777 4985 946 5056 Λέγει
978 4985 1036 5039 δὲ
1069 4984 1171 5055 τὴν
1207 4985 1472 5057 δευτέραν
1501 4983 1671 5039 αὐτοῦ
1708 4986 2015 5057 παρουσίαν
2038 5004 2052 5018 ο

460 5077 548 5131 ὅτε
577 5077 800 5150 ἔρχεται
827 5078 1013 5150 κρῖναι
1041 5076 1254 5141 ζῶντας
1281 5077 1377 5132 καὶ
1407 5076 1660 5150 νεκρούς.
1686 5077 1848 5146 Μέγα
1871 5077 1926 5131 δὲ
1959 5079 2054 5132 καὶ

460 5170 808 5243 ὑπερϐάλλον
829 5170 1038 5242 ἀγαθὸν
1065 5169 1286 5242 ἀληθῶς
1316 5170 1378 5224 τὸ
1409 5170 1730 5244 παρρησίαν
1763 5170 1914 5242 ἔχειν
1959 5173 2054 5226 ἐπὶ

454 5262 552 5316 τοῦ
593 5263 742 5318 Θείου
765 5263 862 5318 καὶ
890 5260 1129 5334 φοϐεροῦ
1157 5262 1422 5334 βήματος.

526 5349 605 5426 τῃ
630 5355 744 5425 γὰρ
772 5356 860 5426 μὴ
902 5357 1160 5425 πάρεστι
1193 5356 1403 5424 ταῦτα,
1437 5357 1670 5426 τυφλός
1709 5357 1861 5424 ἐστι,
1889 5375 2053 5428 μυω-

457 5445 678 5506 πιίζων.

529 5539 697 5594 Ταῦτ’
730 5534 827 5596 οὖν
857 5539 1487 5609 ἀκούοντες,”πάντοθεν
1526 5543 1760 5609 ἑαυτοὺς
1795 5545 2052 5616 τειχίζω-

461 5650 563 5707 μεν
591 5633 637 5667 ⁶¹
663 5633 763 5689 καὶ
789 5633 1153 5707 προσέχωμεν
1169 5637 1282 5700 τοῖς
1307 5635 1646 5708 λεγομένοις,
1685 5637 1784 5694 καὶ
1819 5639 2050 5702 ἑαυτοὺς

530 5814 577 5848 ³⁸
612 5814 751 5874 Luc.
781 5830 839 5881 ι,
883 5815 972 5872 51.
1053 5814 1099 5848 ³⁸
1137 5815 1296 5873 Joan.
1333 5832 1446 5881 XLV,
1497 5816 1591 5871 27.

550 5972 675 6066 '.’_C.
699 5970 763 6035 Ο.
787 5989 840 6030 τι
871 5973 1198 6052 σύμϐουλον3

2169 4794 2340 4848 multo
2392 4794 2568 4864 magis
2599 4802 2654 4848 et
2679 4794 3044 4851 abundantia.
3092 4797 3224 4863 Quae
3247 4812 3380 4853 vero
3435 4800 3501 4853 de
3539 4797 3648 4852 illis
3681 4799 3778 4852 est

2168 4886 2410 4942 utilitas?
2461 4885 2742 4942 Fiduciam
2801 4897 3068 4957 generant
3099 4888 3152 4943 in
3183 4889 3272 4944 die
3320 4889 3532 4944 Domini
3587 4889 3765 4944 nostri

2166 4980 2291 5036 Jcsn
2324 4982 2551 5035 Christi.
2587 4980 2717 5035 Dico
2743 4991 2927 5036 autem
2963 4982 3015 5034 in
3044 4983 3282 5037 secunda
3331 4981 3501 5050 ipsius
3546 4982 3765 5050 appari-

2169 5075 2346 5142 tione,
2398 5075 2621 5145 quando
2671 5075 2855 5130 veniet
2901 5073 3150 5143 judicare
3201 5074 3357 5130 vivos
3403 5085 3458 5130 et
3489 5084 3759 5130 mortuos.

2162 5167 2416 5241 Magnum
2444 5177 2627 5225 autem
2651 5179 2706 5225 et
2742 5169 3184 5239 superexcellens
3211 5178 3365 5224 certe
3389 5169 3588 5225 bonum
3615 5170 3759 5224 [idu-

2161 5263 2300 5319 ciam
2333 5263 2534 5319 habere
2564 5273 2691 5318 ante
2722 5264 2965 5318 divinum
2997 5263 3451 5334 tremendumque
3492 5264 3756 5319 tribunal.

2234 5354 2402 5411 Vens.
2435 5356 2488 5411 9.
2522 5356 2623 5411 Cui
2655 5367 2832 5412 autem
2863 5373 2967 5412 non
3016 5366 3212 5427 prwsto
3258 5367 3381 5412 sunt
3416 5359 3551 5425 hcce,
3581 5376 3761 5414 crecus

2172 5461 2248 5506 ρει
2277 5461 2328 5506 ει
2364 5467 2528 5506 manu
2557 5462 2795 5508 tentans.

2240 5545 2366 5602 Haec
2396 5561 2526 5618 ergo
2549 5547 2858 5613 audientes,
2886 5547 3114 5604 omnino
3141 5546 3519 5610 confortemur
3541 5545 3758 5615 nosfet

2163 5638 2544 5696 adhaereamus
2584 5639 2765 5709 dictis,
2802 5649 2857 5698 et
2889 5656 2992 5699 nos
3027 5641 3177 5714 ipsos
3205 5657 3236 5699 a
3268 5643 3561 5701 mundanis
3593 5643 3775 5717 puri:

1299 5975 1346 6010 “
1368 5975 1430 6033 C.
1473 5975 1783 6047 (λλέγεται.
1858 5979 1902 6011 ⁸⁸
1938 5977 2000 6035 C.
2032 5977 2440 6055 C._1atxiCopev
2476 5981 2849 6055 προσέχομεν.
