4138 6476
431 468 566 524 ιοίἰε)

1167 428 1732 489 SUPPLEMENTUM
1775 428 1866 483 AD
1908 429 1966 485 S.
2009 428 2057 484 J.
2100 427 2601 487 CIIRYSOSTOMI
2644 428 2900 487 OPERA.

3588 437 3723 496 1060

441 568 701 629 ticemus;
737 559 783 617 si
816 558 965 615 enim
1019 555 1137 612 haec
1171 553 1500 618 fecerimus,
1552 553 1650 606 ista
1705 558 1887 604 autem
1935 564 2026 604 ne-

2140 552 2529 622 ὲκκαθάρωμεν
2551 550 2660 605 τῶν
2677 550 2974 621 βιωτικῶν.
2993 552 3091 609 ’Λν
3109 551 3165 604 δὲ
3182 552 3249 606 τὰ
3267 570 3367 624 μεν
3390 557 3638 630 ποιῶμεν
3652 560 3722 628 ⁸⁸,

439 655 794 726 glexerimus,
826 650 964 707 nihil
991 650 1093 705 erit
1116 647 1272 719 nobis
1302 644 1556 715 amplius,
1587 652 1642 698 et
1672 643 1717 699 si
1747 657 1853 697 non
1881 643 2023 710 istis,

440 748 550 803 illis
576 744 770 802 saltem
798 743 1060 815 perimus.
1094 738 1234 807 Quid
1262 751 1389 792 vero
1424 736 1649 791 interest
1676 734 1720 789 si
1751 747 1857 788 non
1885 734 2026 789 divi-

443 840 534 895 tiis
560 839 654 895 sed
681 836 917 901 luxuria,
969 848 1075 889 non
1108 830 1341 887 luxuriis
1373 830 1470 884 sed
1519 827 1732 899 ignavia
1779 843 2029 884 corrum-

442 930 672 1003 pimur?
700 926 979 1000 Siquidem
1013 933 1068 982 et
1099 922 1339 995 agricola
1362 936 1691 992 quocunque
1719 921 1879 977 modo
1903 936 2029 992 per-

443 1022 640 1079 diderit
664 1027 987 1085 sementem,
1016 1016 1304 1088 aequaliter
1332 1015 1520 1086 gemit.

1098 1215 1254 1272 CAP.
1291 1216 1360 1271 ll.

511 1338 675 1395 Vens.
702 1336 757 1392 6.
794 1334 861 1390 Et
908 1336 1146 1390 civitates
1188 1332 1540 1388 Sodomorum
1580 1344 1627 1386 et
1659 1329 2032 1386 Gomorrha’o-

443 1446 560 1484 runt
586 1430 643 1483 in
669 1428 896 1482 cinerem
930 1426 1196 1495 redigens,
1230 1424 1498 1478 eversione
1531 1422 1826 1488 damnavit,
1858 1437 2033 1476 exem-

440 1523 585 1593 plum
614 1539 795 1601 eorum
824 1521 915 1591 qui
942 1519 1103 1589 impie
1130 1517 1305 1572 acturi
1338 1526 1461 1571 sunt
1490 1532 1711 1586 ponens.

416 1624 431 1637 '
512 1611 683 1668 Visne
732 1610 947 1666 discere
994 1606 1282 1677 cuiusnam
1326 1620 1489 1662 causa
1541 1604 1707 1662 fuerit
1753 1619 1853 1661 cur
1915 1606 2032 1662 hzec

444 1712 576 1759 tunc
606 1702 747 1758 facta
775 1701 929 1757 sint?
958 1700 1194 1771 Propter
1214 1707 1504 1772 peccatum
1538 1708 1697 1768 turpe
1726 1699 1945 1768 quidem
1977 1709 2033 1755 et

442 1796 865 1851 exsecrandum.
890 1794 945 1849 In
973 1808 1171 1863 pueros
1196 1790 1460 1849 elfrenata
1491 1792 1888 1862 concupiebant
1911 1791 2033 1847 libi-

2130 644 2197 698 τὰ
2218 646 2272 698 δὲ
2293 645 2610 716 ἀμελῶμεν,
2650 646 2805 700 οὐδὲν
2827 647 2959 718 ἡμῖν
2983 645 3138 700 ἔσται
3161 647 3328 702 πλέον
3351 665 3365 678 ·
3395 649 3464 704 ἂν
3497 653 3609 724 γὰρ
3641 657 3719 726 μὴ

2098 774 2103 777 -
2128 736 2325 801 οὕτως,
2352 736 2471 791 ἀλλ’
2496 737 2722 802 ἐκείνως
2752 738 3133 809 ἀπολλύμεθα.
3156 740 3221 793 Τί
3244 740 3356 810 γὰρ
3374 741 3633 816 διαφέρει
3655 747 3723 799 ἂν

2134 829 2219 898 μὴ
2242 828 2332 883 διὰ
2356 829 2619 897 πλούτου,
2646 831 2783 886 ἀλλὰ
2801 830 2892 887 διὰ
2919 831 3210 903 ῥᾳθυμίας,
3240 832 3308 887 ἂν
3330 832 3407 907 μὴ
3428 834 3517 889 διὰ
3550 837 3722 907 ῥαθυη

2135 918 2286 988 μίας,
2314 917 2430 971 ἀλλ’
2452 919 2776 991 ἁνανδρείας
2799 920 3216 992 διαφθαρῶμενς
3231 924 3353 977 ἐπεὶ
3378 925 3473 978 καὶ
3493 925 3524 978 ὁ
3542 942 3722 998 γεωρ-

2131 1010 2251 1076 γὸς,
2284 1009 2349 1064 ἄν
2379 1026 2439 1065 τε
2467 1010 2644 1077 οὕτως
2666 1012 2732 1069 ἄν
2760 1026 2819 1068 τε
2854 1014 3084 1078 ἐκείνως
3102 1015 3349 1088 ἀπολέσῃ
3369 1016 3461 1072 τὸν
3492 1016 3720 1089 σπόρον.

2130 1102 2335 1171 ὁμοίως
2358 1102 2563 1157 πενθεῖ.

2741 1217 2997 1273 ΚΕΦΑΛ.
3038 1219 3113 1274 B’.

2204 1333 2314 1386 Kal
2343 1332 2555 1398 πόλεις
2594 1332 2880 1403 Σοδόμων
2929 1334 3028 1388 καί
3062 1334 3375 1405 Γομόῤῥας
3408 1334 3721 1404 τεφρώσας

2132 1422 2526 1493 καταστροφῇ
2560 1425 2936 1494 κατέκρινεν,
2989 1426 3326 1496 ὑπόδειγμα
3366 1422 3720 1498 μελλόντων

2133 1514 2375 1569 ἀσεϐεῖν
2394 1514 2689 1581 τεθεικώς.

2204 1605 2394 1661 Βούλει
2425 1607 2525 1678 τὴν
2564 1608 2749 1663 αἰτίαν
2794 1608 2989 1679 μαθεῖν
3037 1609 3106 1663 δι’
3140 1608 3209 1680 ἢν
3244 1609 3370 1663 τότε
3394 1607 3571 1664 ταῦτα
3605 1607 3721 1677 ἐγέ-

2132 1716 2284 1766 νετο;
2314 1698 2373 1754 ἓν
2412 1694 2482 1769 ἦν
2521 1699 2830 1771 ἁμάρτημα
2882 1700 2983 1771 μὲν
3017 1700 3253 1772 χαλεπὸν
3287 1701 3385 1754 καὶ
3409 1701 3716 1772 ἐπάρατονο

2135 1792 2277 1863 πλὴν
2296 1792 2411 1847 ἀλλ’
2432 1793 2491 1845 ἐν
2514 1793 2703 1847 παισὶν
2728 1793 3063 1872 ἐπεμένοντο
3084 1796 3134 1847 οἱ
3159 1793 3282 1847 τότε
3298 1810 3313 1824 ·
3335 1792 3432 1847 καὶ
3452 1793 3538 1847 διὰ
3559 1792 3722 1845 τοῦτο

444 1888 573 1943 dine
603 1888 852 1943 homines
879 1889 931 1942 hi
956 1887 1190 1959 antiqui,
1221 1895 1279 1943 et
1303 1894 1527 1956 propter
1557 1885 1660 1941 hoc
1685 1884 1846 1940 talem
1870 1884 2033 1942 dede-

2140 1883 2344 1955 ταύτην
2374 1883 2565 1937 ἔδοσαν
2585 1884 2685 1955 τὴν
2717 1883 2898 1956 δίκην.

449 1989 581 2035 runt
611 1995 853 2051 poenam.

518 2072 687 2128 Vsus.
720 2071 803 2127 l6.
829 2069 1226 2142 Correptionem
1256 2070 1441 2126 habuit
1468 2086 1580 2125 sua:
1606 2070 1858 2126 vesania.
1891 2068 2032 2124 Sub-

436 2148 629 2236 iugale
658 2174 865 2218 mutum
896 2165 1104 2218 animat
1147 2164 1378 2218 hontinis
1429 2178 1551 2218 voce
1580 2162 1822 2233 loquens,
1851 2162 2032 2231 prohi-

449 2258 560 2312 buit
589 2258 859 2325 propheta:
893 2257 1286 2326 insipientiam.

520 2348 580 2404 Si
615 2349 669 2404 in
697 2349 909 2404 asinum
939 2356 1278 2418 operataest
1304 2347 1401 2404 Dei
1440 2347 1641 2418 gratia,
1668 2356 1725 2403 et
1748 2348 1803 2403 in
1830 2361 2029 2403 vanum

448 2449 671 2513 propter
699 2441 1054 2509 directionem
1078 2449 1136 2495 et
1166 2438 1540 2497 Israelitarum
1572 2440 1883 2506 utilitatem,
1917 2440 2032 2495 evi-

448 2528 765 2584 dentissime
787 2529 914 2584 etin
943 2530 1103 2584 nobis
1132 2529 1347 2599 operari
1375 2538 1656 2599 poposeet,
1687 2538 1743 2585 et
1771 2531 1876 2585 hoc
1901 2530 2029 2602 qui-

414 2694 427 2703 "
448 2620 572 2676 dem
603 2621 898 2679 sustinebit
928 2631 1155 2692 propter
1188 2636 1309 2679 nos.

2215 2068 2495 2137 Ἕλεγξιν
2521 2067 2591 2122 δὲ
2621 2068 2810 2138 ἔσχεν
2842 2068 2999 2137 ιδίας
3040 2054 3417 2139 παρανομίαι-
3436 2085 3450 2098 ·
3502 2052 3720 2130 ὑπὸζύ-

2138 2179 2272 2232 τιον
2303 2162 2566 2231 ἄφωνον,
2606 2162 2679 2215 ἐν
2719 2161 3038 2231 ἀνθρώπου
3072 2160 3244 2233 φωνῇ
3281 2162 3717 2232 φθεγξάμενον,

2136 2254 2413 2309 ἐκώλυσε
2435 2254 2550 2323 τὴν
2573 2255 2681 2310 τοῦ
2708 2254 3023 2324 προφήτου
3052 2257 3495 2326 παραφρονίαν.

2204 2349 2270 2402 El
2301 2350 2383 2413 εἰς
2433 2348 2556 2403 δνον
2601 2350 2879 2420 ἐνήργησε
2908 2349 2955 2381 ⁸⁷
3000 2350 3098 2404 καὶ
3137 2350 3219 2413 είς
3260 2351 3439 2422 μάτην
3472 2350 3583 2421 ⁸⁸η
3627 2348 3722 2404 τοῦ

2136 2438 2278 2493 Θεοῦ
2299 2439 2484 2511 χάρις,
2519 2439 2589 2493 δι’
2624 2439 2943 2513 οἰκονομίαν
2977 2440 3074 2495 καὶ
3104 2440 3206 2513 τὴν
3225 2440 3335 2494 τῶν
3372 2442 3724 2513 Ἰσραηλιτῶν

2137 2531 2430 2601 ὠφέλειαν,
2471 2531 2698 2601 εὒδηλον
2745 2534 2827 2587 ὃτι
2887 2534 2934 2567 θ’
2980 2533 3061 2597 εἰς
3108 2534 3261 2604 ἡμᾶς
3325 2537 3724 2605 παραιτήσεται

2145 2626 2417 2696 ἐνεργεῖν,
2452 2626 2568 2680 ἁλλ’
2601 2625 2855 2693 ἀνέξεται
2878 2627 3154 2683 καὶτοῦτο
3174 2626 3241 2681 δι’
3267 2627 3417 2698 ἡμᾶς
3442 2626 3513 2682 '°.

494 2799 3693 2829 Mm

961 2964 1087 3053 IN
1163 2964 1633 3052 PBIMAM
1711 2965 1806 3054 S.
1887 2966 2408 3060 JOANNIS
2477 2968 3199 3067 EPISTOLAM.

1097 3120 1253 3212 CAP.
1288 3155 1376 3211 ιιι.

420 3318 423 3323 μ
525 3274 695 3332 Vens.
726 3271 781 3329 8.
815 3270 918 3337 Qui
964 3270 1094 3341 facit
1134 3280 1405 3357 peccatum
1436 3288 1502 3327 ex
1522 3271 1735 3326 diabolo
1769 3282 1867 3338 est,
1900 3289 2035 3343 quo-

428 3366 600 3421 .niam
653 3365 718 3419 ab
770 3364 921 3418 initio
975 3362 1223 3417 diabolus
1265 3373 1468 3432 peccat.
1521 3363 1589 3418 In
1637 3364 1736 3419 hoc
1785 3365 2041 3434 apparuit

426 3456 633 3529 .Fitius
670 3456 785 3524 Dei,
815 3464 872 3509 ut
900 3455 1151 3510 dissolvat
1178 3471 1336 3525 opera
1361 3456 1579 3510 diaboli.

527 3649 604 3705 Ex
637 3663 743 3720 quo
767 3650 977 3720 primus
1005 3648 1247 3703 omnium
1279 3646 1333 3701 in
1367 3646 1567 3701 malum
1599 3660 1900 3702 conversus
1931 3646 2040 3701 dia-
2067 3642 2113 3704 C

454 3742 636 3809 belus,
684 3743 737 3798 in
779 3750 1061 3813 peccatum
1111 3738 1286 3794 factus
1333 3747 1441 3803 est,
1502 3737 1674 3805 ipsius
1717 3750 1853 3806 Opus
1910 3735 2041 3790 facit

453 3839 636 3895 omnis
668 3836 760 3907 qui
793 3844 1087 3905 peccanter
1120 3832 1252 3903 agit.
1284 3830 1481 3902 Incipit
1515 3830 1660 3885 enim
1702 3831 1817 3899 ipse
1850 3829 2041 3884 diabo-

456 3929 541 3984 lus
572 3926 627 3981 in
657 3930 968 3996 peccantem
1005 3936 1102 3993 per
1132 3920 1395 3976 malarum
1448 3920 1838 3989 cogitationum
1869 3919 2041 3975 abun-

456 4019 723 4084 dantiam,
757 4017 899 4073 sicut
931 4024 986 4070 et
1013 4016 1066 4069 in
1095 4012 1261 4069 Juda.
1312 4012 1469 4069 Dicet
1518 4021 1701 4068 autem
1734 4013 1856 4081 quis
1898 4011 2043 4082 Quod

430 4111 703 4187 Knascitur
750 4110 803 4165 in
832 4106 1181 4178 peccantibus
1207 4104 1480 4173 diabolus,
1509 4120 1630 4160 cum
1668 4104 1759 4161 ille
1792 4104 1881 4175 qui
1913 4117 2043 4173 pee-

458 4204 604 4259 cavit
627 4201 775 4257 dedit
796 4201 847 4258 ei
881 4199 1079 4255 locum.
1106 4196 1214 4253 Sed
1235 4197 1302 4253 ad
1330 4197 1446 4253 haec
1472 4197 1634 4252 verba
1663 4213 1679 4252 :
1712 4196 1843 4252 dare
1868 4195 2043 4251 locum

456 4292 673 4351 diabolo
708 4294 777 4359 ²⁸ν
813 4291 1225 4362 intelligendum
1259 4296 1345 4345 est
1382 4287 1565 4344 facere
1594 4287 1961 4358 iniquitatem,
1990 4293 2046 4341 el.

459 4400 565 4443 non
600 4395 880 4455 peccasse.
914 4382 1018 4439 Dat
1053 4381 1201 4438 enim
1237 4380 1315 4436 illi
1346 4379 1526 4436 locum
1558 4377 1675 4449 qui,
1696 4376 2046 4448 passionibus

439 4473 775 4555 ‘compulsus
803 4472 871 4527 ad
909 4471 1060 4527 illum
1086 4471 1486 4542 recipiendum,
1518 4477 1803 4537 peccatum
1829 4482 1926 4538 per
1952 4480 2047 4523 ac-

463 4575 550 4623 tus
576 4579 705 4623 suos
727 4572 1093 4627 consummat.
1112 4561 1270 4621 Unde
1298 4562 1438 4618 bene
1460 4561 1666 4616 dicitur
1700 4560 1791 4629 qui
1814 4558 1969 4625 facit,
1993 4568 2049 4615 et

463 4673 569 4714 non
600 4658 690 4728 qui
724 4656 873 4713 fecit.
898 4656 1000 4723 Qui
1027 4655 1174 4710 enim
1198 4653 1520 4724 pmnitentia
1554 4659 1767 4707 tenetur
1792 4666 1901 4707 non
1933 4650 2047 4720 jam

461 4758 548 4807 est
574 4763 638 4804 ex
659 4748 897 4815 diabolo,
922 4749 1016 4804 sed
1047 4748 1222 4804 solum
1247 4744 1340 4815 qul
1369 4744 1547 4801 adhuc
1575 4752 1833 4815 operatur
1859 4759 2050 4816 pecea-

466 4852 603 4902 tum.
633 4841 698 4898 Et
726 4843 806 4898 sic
831 4843 1010 4897 adhuc
1037 4853 1168 4911 ergo
1200 4838 1409 4907 peccati
1457 4851 1651 4894 servus
1679 4847 1762 4894 est
1793 4838 1886 4909 qui
1917 4838 2049 4894 facit

438 4945 518 4990 -et
548 4935 777 5005 nonqui
812 4933 940 4989 fecit
970 4932 1126 4999 illud,
1155 4932 1261 4985 hoc
1290 4933 1450 4987 modo
1473 4931 1691 4987 dicente
1722 4932 2003 5001 Scriptura
2032 4950 2044 4986 :

442 5023 572 5092 .Qui
598 5024 729 5096 facit
760 5033 1029 5097 peccatum
1061 5037 1243 5079 servus
1275 5031 1351 5077 est
1382 5024 1581 5091 peccati
1608 5022 1675 5078 “.

450 5272 459 5279 _
537 5211 707 5269 Vnus.
739 5209 826 5264 l7.
859 5208 963 5274 Qui
1006 5205 1247 5261 habuerit
1270 5207 1619 5263 substantiam
1651 5209 1811 5277 hujus
1838 5208 2045 5274 mundi,

454 5315 514 5375 et
544 5303 733 5360 uiderit
760 5301 982 5370 fratrem
1007 5315 1162 5354 suum
1192 5301 1547 5357 necessitatem
1586 5302 1797 5365 habere.
1823 5312 1870 5357 et
1897 5302 2049 5356 clau-

470 5395 595 5449 serit
631 5396 828 5447 viscera
857 5407 956 5446 sua
989 5391 1054 5445 ab
1082 5407 1163 5459 eo,
1189 5395 1454 5463 quomodo
1484 5396 1717 5451 Charitas
1749 5393 1843 5449 Dei
1875 5402 2048 5450 manet

472 5485 656 5540 imo?

453 5632 497 5654 ’”
545 5640 591 5671 ’³
633 5640 831 5709 Ephes.
870 5657 943 5711 tr,
982 5643 1073 5700 27.
1151 5645 1196 5678 ’θ
1233 5643 1393 5701 Joan.
1434 5662 1472 5713 ι,
1508 5647 1597 5701 54.

2761 3161 3013 3216 ΚΕΦΔΛ.
3054 3162 3127 3216 Γ¹.

2218 3273 2283 3326 ’0
2308 3271 2497 3327 ποιῶν
2519 3272 2633 3342 τὴν
2659 3273 2957 3344 ἁμαρτίαν
2982 3273 3052 3330 ἐκ
3079 3275 3188 3332 τοῦ
3205 3275 3492 3334 διαϐόλου
3521 3279 3695 3337 ἐστίν
3711 3298 3726 3313 ⁸

2142 3366 2234 3420 ὅτι
2265 3366 2366 3421 ἀπ’
2397 3364 2593 3436 ἀρχῆς
2626 3368 2662 3421 ό
2701 3366 2985 3435 διάϐολος
3030 3368 3354 3439 ἁμαρτάνει
3378 3388 3393 3403 ·
3436 3375 3526 3441 είς
3552 3374 3730 3431 τοῦτο

2141 3459 2486 3529 ἐφανερώθη
2539 3463 2573 3515 ὀ
2619 3462 2753 3529 Υἱὸς
2796 3464 2905 3519 τοῦ
2937 3464 3107 3530 Θεοῦ,
3142 3465 3244 3520 ἵνα
3281 3468 3446 3539 λύσῃ
3488 3471 3563 3525 τὰ
3587 3470 3731 3542 ἔργα

2142 3552 2251 3609 τοῦ
2281 3551 2590 3608 διαϐόλου.

2225 3645 2489 3716 Ἐπείπερ
2537 3646 2644 3717 πρὸ
2670 3646 2891 3702 πάντων
2941 3647 3180 3719 τραπεὶς
3206 3651 3237 3704 ὁ
3261 3649 3511 3716 διάϐολος
3546 3653 3605 3706 ἐν
3652 3653 3731 3725 τῷ

2145 3737 2485 3808 ἁμαρτάνειν
2522 3736 2769 3807 γέγονεν,
2821 3738 2884 3805 ἐξ
2937 3741 3101 3796 αὐτοῦ
3153 3742 3485 3814 χρηματίζει
3549 3746 3658 3809 πᾶς
3701 3746 3730 3798 ὁ

2143 3828 2539 3899 ἁμαρτητικῶς
2570 3831 2832 3901 ἐνεργῶν.
2853 3833 3200 3905 Προάρχεται
3221 3834 3330 3906 γὰρ
3351 3834 3411 3889 ἐν
3438 3835 3517 3908 τῷ
3547 3837 3729 3909 ἁμαρ-

2143 3921 2355 3975 τάνοντι
2394 3922 2463 3976 δι’
2499 3923 2812 3998 ὑπερϐολὴν
2878 3927 3135 4000 πονηρῶν
3178 3927 3482 4001 λογισμῶν,
3522 3930 3598 3994 ὡς
3639 3931 3731 3984 ἐπὶ

2144 4014 2241 4071 τοῦ
2286 4016 2482 4072 Ἰούδα.
2525 4017 2669 4071 Ἀλλ’
2703 4020 2820 4092 ἐρεῖ
2861 4036 2947 4085 τις
2984 4021 3067 4076 ὅτι
3100 4022 3318 4091 γίνεται
3343 4023 3371 4076 ὀ
3399 4023 3648 4089 διάϐολος
3674 4025 3733 4078 ἐν

2144 4109 2257 4173 τοῖς
2287 4109 2664 4181 ἁμαρτάνουσι
2716 4110 2830 4165 τῶν
2866 4111 2975 4182 πρὸ
3026 4112 3196 4167 αὐτοῦ
3241 4113 3646 4186 ἡμαρτηκότων
3676 4115 3734 4168 ἐν

2145 4204 2225 4275 τῷ
2242 4204 2445 4260 διδόναι
2474 4205 2628 4277 αὐτῷ
2663 4207 2847 4261 τόπον.
2884 4206 3028 4278 Πρὸς
3055 4206 3085 4260 δ
3114 4206 3333 4261 λεκτέον
3354 4207 3552 4263 ταυτὸν
3595 4204 3733 4261 εἶναι

2146 4295 2209 4348 τὺ
2240 4299 2418 4350 ποιεῖν
2448 4296 2548 4368 τὴν
2579 4297 2853 4369 ἁμαρτίαν
2885 4296 2963 4368 τῷ
2998 4298 3362 4369 ἁμαρτάνειν,
3396 4300 3457 4352 ἐν
3487 4300 3566 4371 τῷ
3592 4300 3733 4353 διδό·

2147 4402 2236 4443 ναι
2264 4387 2430 4442 τόπον
2456 4387 2535 4459 τῷ
2560 4387 2823 4457 διαϐόλῳ.
2865 4386 3064 4440 Δίδωσι
3094 4387 3208 4458 γὰρ
3232 4387 3381 4457 αὐτῷ
3409 4387 3575 4441 τόπον
3608 4390 3731 4442 ἐπι-

2148 4475 2323 4549 θυμίᾳ
2341 4477 2609 4549 ὑπαχθεὶς
2634 4475 2776 4548 μετὰ
2796 4477 2860 4529 τὸ
2884 4475 3141 4542 δέξασθαι
3173 4477 3341 4531 αὐτόν
3366 4492 3381 4509 ο
3407 4478 3731 4548 πρακτικῶς

2122 4570 2415 4625 «ἐπιτελῶν
2478 4571 2579 4640 τὴν
2636 4567 2937 4639 ἁμαρτίαν.
2990 4566 3163 4622 Τοῦτο
3208 4569 3317 4641 γὰρ
3375 4570 3631 4640 σημαίνει
3669 4586 3730 4623 το

2150 4665 2324 4717 ποιεῖν
2356 4662 2562 4731 αὐτήνο
2614 4655 2674 4715 εὖ
2701 4660 2760 4714 δὲ
2792 4661 2886 4715 καὶ
2924 4660 2988 4714 τὸ
3024 4661 3224 4728 εἰπεῖν,
3259 4660 3453 4727 ποιῶν,
3497 4661 3615 4716 ἁλλ’
3643 4662 3728 4729 οὗ,

2150 4754 2385 4825 ποιήσας
2407 4768 2422 4783 ·
2456 4751 2551 4807 τοῦ
2605 4742 3045 4824 μετανοήσαντος
3089 4753 3279 4809 οὐκέτι
3329 4754 3482 4819 δντος
3523 4755 3588 4809 ἐκ
3636 4754 3733 4809 τοῦ

2149 4842 2426 4910 διαϐόλου,
2467 4842 2607 4898 ἁλλὰ
2657 4845 2823 4915 μόνου
2862 4843 2958 4901 τοῦ
3012 4845 3369 4915 ἐνεργοῦντος
3420 4846 3591 4917 αὐτὴν
3630 4844 3732 4900 ἔτι.

2152 4935 2312 4991 Οὕτω
2361 4936 2473 5007 γὰρ
2500 4937 2596 4990 καὶ
2629 4937 2731 5008 τῆς
2765 4937 3047 5009 ἁμαρτίας
3073 4936 3264 5002 δοῦλός
3308 4940 3458 4993 ἐστιν
3482 4938 3513 4992 ὁ
3540 4937 3733 5004 ποιῶν,

2152 5029 2269 5084 ἀλλ’
2298 5028 2397 5100 οὐχ
2433 5029 2463 5083 ὁ
2502 5029 2732 5102 ποιήσας
2757 5031 2949 5104 αὐτήν.
2984 5029 3109 5094 Πῶς
3139 5029 3271 5101 γὰρ,
3319 5028 3374 5083 Ὁ
3403 5029 3593 5085 ποιῶν
3623 5029 3735 5099 τὴν

2155 5123 2469 5193 ἁμαρτίαν,
2498 5124 2658 5195 φησὶ,
2690 5122 2915 5190 δοῦλος
2945 5120 3137 5191 αὐτῆς
3164 5122 3371 5187 ἐστιν;

2230 5216 2336 5283 ’ος
2360 5216 2412 5269 δ’
2434 5216 2512 5271 ἂν
2539 5216 2653 5286 ἔχῃ
2676 5216 2787 5271 τὸν
2811 5216 2960 5281 βίον
2987 5214 3098 5270 τοῦ
3115 5215 3374 5286 κόσμου,
3404 5213 3508 5270 καί
3530 5211 3735 5284 θεωρεῖ

2153 5307 2263 5362 τὸν
2306 5308 2580 5378 ἀδελφὸν
2619 5308 2811 5364 αὐτοῦ
2842 5308 3055 5379 χρείαν
3090 5307 3332 5377 ἔχοντα,
3390 5307 3488 5362 καί
3516 5306 3736 5373 κλείσῃ

2158 5400 2231 5455 τὰ
2284 5401 2613 5470 σπλάγχνα
2662 5399 2872 5469 αὐτοῦ,
2909 5399 3037 5469 πῶς
3074 5402 3113 5471 ἠ
3172 5400 3375 5481 ᾁγὰπη
3425 5398 3533 5456 τοῦ
3588 5394 3734 5455 Θεοῦ

2147 5490 2317 5560 μένει
2350 5492 2421 5548 ἐν
2453 5489 2649 5557 αὑτῷ;

542 5798 588 5874 ⁸]
610 5796 762 5857 C.C.
826 5801 1159 5874 ποιοῦμεν...
1219 5800 1551 5872 ἁμελοῦμεν.
1631 5803 1674 5835 ⁸⁷
1706 5799 1856 5856 C.C.
1904 5801 2041 5858 évavt

2140 5815 2260 5872 ησε.
2336 5801 2381 5835 ⁸⁸
2410 5800 2472 5857 C.
2498 5800 2559 5857 C.
2596 5800 2813 5873 μάντιν.
2890 5802 2934 5835 ⁶⁹
2963 5800 3026 5858 C.
3052 5800 3113 5858 C.
3144 5799 3229 5855 ὅτι
3253 5796 3401 5855 οὐδέ.
3489 5794 3537 5831 ⁷⁸
3573 5795 3634 5853 C.
3659 5795 3735 5853 C.‘

465 5865 638 5939 ὑμᾶς.
