4138 6454
393 307 529 406 ’1061

458 471 631 525 ’Ὅταν
668 470 785 545 ἴδῃς
830 474 1066 546 πένητα,
1112 475 1186 546 μὴ
1215 478 1610 553 παραδράμῃς,

388 671 489 715 σας
521 655 734 720 πάντας
769 674 850 710 σοι
878 663 1095 727 ποιεῑν;

464 747 698 812 Τεκνία,
720 748 809 817 μὴ
839 747 1170 821 ἀγαπῶμεν
1190 755 1352 825 λόγῳ
1366 757 1527 826 μηδὲ
1548 761 1825 833 γλώσσῃ,
1854 764 1993 820 ἀλλ’

385 837 539 907 ἔργῳ
570 838 670 893 καὶ
694 840 976 911 ἀληθείᾳ.

457 930 537 998 (i)
573 931 648 984 Οὐ
678 931 787 1004 γὰρ
811 934 977 1005 ἀρκεῖ
1007 940 1340 1010 προστῆναι,
1374 944 1513 999 ἀλλὰ
1541 947 1683 1017 μετὰ
1707 949 1992 1018 δαψιλείας

382 1020 476 1074 καὶ
502 1020 730 1092 γνώμης
757 1022 973 1079 ἀλύπου
1013 1028 1174 1083 τοῦτο
1212 1031 1299 1086 δεῖ
1347 1038 1526 1088 ποιεῖν
1552 1051 1567 1065 °
1606 1038 1810 1107 μᾶλλον
1839 1042 1897 1094 δὲ
1927 1042 1990 1097 οὐ

384 1110 526 1180 μετά
555 1111 769 1167 ἀλύπου
799 1116 986 1187 μόνον,
1017 1119 1155 1174 ἀλλά
1199 1122 1344 1193 μετὰ
1376 1125 1616 1197 φαιδρᾶς
1648 1131 1741 1183 καὶ
1763 1132 1989 1201 χαιρού-

385 1219 487 1275 σης
526 1201 731 1276 tinxit:-

985 1303 1242 1361 ΚΕΦΛΛ.
1297 1311 1370 1366 A'.

461 1409 524 1463 Ὀ
540 1410 633 1482 sui;
662 1412 938 1484 ἀγαπῶν,
970 1419 1084 1474 οὐκ
1109 1421 1265 1492 ἔγνω
1302 1426 1412 1481 τὸν
1447 1428 1619 1498 Θεὸν,
1657 1428 1751 1485 ὅτι
1775 1433 1809 1486 ό
1840 1434 1988 1501 Θεὸς

377 1503 585 1574 ἀγάπη
618 1506 775 1561 ἐστί.

462 1597 714 1671 Ἀγάπην
738 1602 902 1656 ποίαν
934 1606 1070 1676 φησί
1095 1622 1109 1669 ;
1141 1606 1254 1678 Τὴν
1279 1610 1571 1686 εἰλικρινῆ,
1599 1618 1664 1671 οὐ
1688 1617 1790 1689 τὴν
1819 1620 1984 1694 μέχρι

376 1694 675 1765 ῥημάτων,
710 1698 851 1753 ἀλλά
877 1702 980 1774 τὴν
1010 1704 1120 1758 ἀπὸ
1160 1706 1458 1774 διαθέσεως
1487 1713 1580 1765 καὶ
1607 1712 1858 1788 γνώμης,
1889 1720 1984 1773 καὶ

380 1787 479 1841 τοῦ
554 1792 849 1863 συναλγεῖν
906 1796 972 1850 ἐκ
1045 1798 1297 1872 καθαρᾶς
1346 1804 1600 1874 καρδίας.

373 1880 564 1954 ἀγάπη
601 1884 697 1939 καὶ
730 1888 764 1957 ἡ
795 1887 907 1942 τῶν
943 1891 1228 1962 πονηρῶν
1263 1890 1377 1949 οἷον
1408 1897 1605 1970 λῃσταὶ
1635 1900 1840 1974 λῃστὰς
1883 1880 1975 1975 (pl;

373 1969 545 2040 λοῦσι,
593 1976 691 2030 καὶ
733 1979 1060 2051 ἀνδροφόνοι
1096 1969 1484 2056 ἀνδροφόνους.
1529 1969 1805 2049 Ἀλλ’-ὀὐκ
1853 1969 1970 2054 ἔστι

371 2061 534 2118 τοῦτο
562 2066 672 2120 ἀπὸ
716 2071 1083 2145 συνειδήσεως
1112 2076 1352 2150 ἀγαθῆς,
1401 2080 1520 2137 ἀλλ’
1568 2085 1679 2139 ἀπὸ
1714 2093 1915 2161 κακῆς.

1575 360 1973 422 ΟΠΛΤΙΟΝΕΞ
2009 368 2147 425 PRO
2187 370 2538 432 OBSESSIS.

3575 406 3709 462 1062

1638 484 1758 537 ἀλλ’
1793 488 1994 553 εὐθέως

2070 507 2074 545 ι
2175 493 2307 547 Cum
2360 496 2565 553 videris
2619 516 2937 573 pauperem,
2972 522 3038 560 uc
3073 520 3347 579 transeas,
3398 522 3491 573 sed
3524 526 3705 579 statim

387 563 650 635 ἐννόησον
676 566 763 630 τίς
799 567 867 621 ἂν
892 564 982 638 ἧς,
1023 572 1073 623 εἰ
1116 574 1180 626 σύ
1214 575 1424 639 ἐκεῖνος
1447 594 1458 606 ·
1488 578 1539 631 τί
1569 580 1671 632 οὐκ
1699 581 1766 634 ἂν
1795 583 1996 656 ἠθέλη-

2107 590 2344 659 recogita
2394 594 2524 663 quid
2574 597 2917 657 desiderares
2947 603 3074 657 situ
3112 605 3215 662 ism
3264 625 3468 681 pauper
3528 632 3701 672 esses.

2103 680 2245 746 Quid
2276 699 2383 738 non
2418 687 2585 744 velles
2618 689 2714 745 tibi
2747 695 2815 748 ab
2841 697 3098 754 omnibus
3126 698 3279 756 fieri?

2171 773 2339 831 Vnus.
2383 779 2465 834 i8.
2505 779 2712 849 Filioli,
2752 802 2855 842 non
2880 790 3174 862 diligamus
3212 797 3368 851 verbo
3400 816 3566 873 neque
3596 807 3702 862 Iin—

2095 884 2223 938 gua,
2254 872 2348 924 sed
2375 888 2528 942 opere
2557 885 2606 930 et
2636 880 2873 936 veritate.

2161 960 2282 1017 Non
2328 964 2493 1022 etiam
2529 968 2724 1025 suﬂicit
2783 988 3007 1043 operam
3062 981 3381 1049 praebuisse,
3429 988 3525 1044 sed
3575 1007 3699 1046 cum

2093 1054 2422 1115 liberalitate
2437 1069 2488 1115 et
2510 1077 2618 1117 non
2639 1076 2834 1121 mmsta
2859 1069 3263 1139 benevolentia,
3293 1079 3387 1133 sed
3426 1092 3481 1136 ct
3519 1086 3698 1142 adhuc

2091 1164 2199 1205 non
2233 1162 2426 1208 moesta
2462 1156 2644 1221 modo,
2678 1158 2839 1215 hilari
2873 1176 3001 1217 vero
3031 1173 3084 1219 et
3113 1165 3229 1222 irata
3259 1181 3461 1228 meme.

2747 1343 2905 1401 CAP.
2941 1344 3032 1404 IV.

2165 1444 2335 1505 Vens.
2370 1449 2422 1505 8.
2464 1450 2569 1518 Qui
2598 1470 2702 1510 non
2730 1458 2929 1530 diligit,
2963 1478 3066 1517 non
3114 1466 3254 1520 novit
3307 1468 3498 1539 Deum,
3557 1492 3691 1546 quo-

2089 1539 2236 1593 niam
2266 1541 2412 1597 Deus
2445 1544 2681 1602 rharitas
2712 1560 2811 1605 est.

2154 1631 2221 1686 Et
2251 1634 2465 1705 qualem
2494 1637 2627 1694 dicit
2657 1641 3045 1705 dilectionem?
3074 1650 3207 1719 Quae
3244 1657 3458 1714 sincera
3499 1671 3605 1728 est,
3637 1673 3691 1717 et

2088 1742 2196 1783 non
2236 1744 2357 1798 quae
2384 1731 2710 1790 terminatur
2752 1739 2958 1795 verbis.
2991 1742 3066 1797 Ea
3105 1757 3255 1804 certe
3278 1754 3405 1820 'qua:
3438 1769 3465 1805 ιι
3508 1767 3689 1810 mente

1655 1809 1812 1864 Ἔστι
1873 1811 1983 1883 γὰρ
2015 1853 2054 1909 Β
2085 1828 2139 1872 et
2188 1820 2467 1878 voluntate
2527 1828 2773 1893 procedit
2825 1839 2880 1884 et
2924 1848 3061 1899 puro
3108 1809 3683 1914 corde-commtitur.

2087 1912 2180 1968 Est
2215 1915 2362 1969 enim
2388 1926 2444 1971 et
2470 1918 2692 1976 dilectio
2724 1924 3098 1995 improborum
3129 1949 3144 1986 :
3179 1934 3259 1989 sic
3285 1933 3435 1993 l'ures
3455 1912 3687 2010 diligunt

2081 2004 2247 2071 fures,
2282 2016 2336 2062 et
2369 2009 2670 2069 homicidas
2704 2014 3010 2076 homicidae.
3048 2021 3153 2079 Sed
3206 2042 3313 2082 non
3348 2040 3424 2085 est
3462 2004 3701 2088 dilectio

2083 2096 2198 2152 haec
2226 2113 2255 2150 a
2286 2100 2621 2157 conscientia
2650 2104 2812 2171 bona,
2841 2110 2935 2164 sed
2965 2114 3131 2169 mala.

441 2204 520 2277 (i)
543 2205 748 2291 catena
783 2209 1141 2271 Crameriana
1185 2216 1274 2273 his
1306 2221 1623 2288 prmmittit:
1650 2225 1762 2280 Τοῦ
1789 2229 1993 2296 Χρυσί)

2070 2231 2250 2300 ὁμου.
2284 2232 2452 2305 Ῥητὰ
2485 2238 2833 2309 προκείμενα
2859 2243 2889 2293 ὁ
2920 2246 3327 2318 προῖστάμενος
3358 2251 3416 2305 ἐν
3447 2255 3680 2325 σπουδῇ.

1652 2399 2066 2424 ——I——————__

2077 2411 3606 2452 -—————_._.__________________

432 2551 1427 2649 SUPPLEMENTUM
1516 2563 1668 2649 AD
1763 2561 2443 2661 LITURGIAM
2519 2575 2614 2664 S.
2697 2578 3608 2683 CHRYSOSTOMI.

1233 2753 1407 2821 Gosn,
1439 2755 1650 2813 Rituale
1678 2757 2016 2830 Grtccorum,
2048 2763 2180 2819 edit.
2214 2764 2390 2824 Paris.
2425 2770 2586 2839 1647,
2621 2789 2673 2843 p.
2698 2773 2852 2847 785.)

359 2888 536 2976 Εὑχή
575 2889 689 2976 τριξ
727 2894 1179 2976 Χρμσοστόμου.
1215 2898 1369 2976 πρὸς
1417 2899 1563 2976 τοὺς
1593 2900 1965 2976 ’πάσχοντας

503 2962 625 3018 ὑπὸ
651 2961 989 3032 δαιμόνων,
1023 2961 1122 3020 καὶ
1153 2961 1430 3038 ἑκάστην
1454 2961 1802 3032 ἀσθένειαόί.

433 3054 540 3107 Τοῦ
577 3055 785 3126 Κυρίου
816 3055 1119 3129 δεηθῶμεν.

445 3146 505 3202 '0
541 3148 674 3214 Θεὸς
701 3152 729 3203 ὁ
769 3149 1013 3216 αἰώνιος,
1045 3153 1074 3206 ὁ
1109 3152 1533 3226 λυτρωσάμενος
1566 3158 1642 3223 τὸ)
1669 3160 1826 3227 γένος
1852 3162 1962 3217 τῶν

360 3239 667 3313 ἀνθρώπων
703 3244 768 3296 ἐκ
793 3245 895 3315 τῆς
924 3244 1307 3316 αἰχμαλωσίας
1343 3246 1437 3301 τοῦ
1470 3248 1723 3302 διαϐόλου
1746 3292 1761 3315 ,
1797 3251 1961 3323 ῥῦσαι

2082 2905 2456 2981 Chrysostomi
2508 2915 2788 2989 oralioﬁ)
2844 2918 2900 2973 in
2955 2922 3193 2978 obsessos
3256 2927 3585 2988 dmmonibus
3624 2944 3672 2989 et

2507 2986 2791 3050 quamlibet
2851 2989 3242 3059 inﬁrmitatem.

2143 3075 2429 3131 Dominum
2484 3093 2793 3148 precemur.

2145 3163 2290 3222 Deus
2315 3178 2538 3236 aeterne,
2565 3169 2657 3241 qui
2690 3189 2863 3244 genus
2899 3176 3180 3235 hominum
3210 3197 3241 3238 e
3270 3184 3471 3243 diaboli
3501 3191 3673 3260 capti‘

2072 3257 2240 3313 vitate
2294 3258 2562 3326 liberasti,
2605 3263 2673 3318 ab
2725 3266 2873 3321 omni
2925 3269 3212 3338 spirituum
3262 3272 3669 3339 immundorum

361 3335 454 3390 τὸν
490 3334 678 3391 δοῦλόν
729 3353 825 3390 σου
850 3338 1002 3392 τόνδε
1050 3337 1163 3392 ἀπὸ
1222 3340 1410 3412 πάσης
1458 3342 1748 3414 ἐνεργείας
1784 3362 1994 3400 πνευ-ι

2070 3348 2389 3416 operatione
2413 3366 2630 3408 servum
2663 3365 2814 3409 tuum
2845 3360 2999 3427 eripe
3030 3378 3044 3416 :
3082 3364 3332 3435 malignis
3356 3379 3410 3425 et
3436 3371 3672 3429 immun-

365 3428 557 3500 μάτων
585 3428 921 3502 ἀκαθάρτων
941 3473 955 3492 ,
991 3430 1249 3495 ἐπίταξον
1276 3433 1391 3495 τοῖς
1427 3436 1689 3504 πονηροῖς
1713 3435 1809 3489 καὶ
1831 3437 1967 3491 ἀκα-

365 3521 586 3593 θάρτοις
630 3520 911 3590 πνεύμασι
958 3537 1018 3572 τε
1060 3522 1154 3574 καὶ
1191 3521 1481 3591 δαίμοσιν,
1520 3525 1828 3595 ἀποστῆναι
1865 3526 1963 3597 τῆς

361 3613 543 3683 ψυχῆς
591 3612 688 3666 καὶ
722 3612 818 3665 τοῦ
861 3613 1123 3680 σώματος
1154 3612 1250 3666 τοῦ
1283 3614 1475 3668 δούλου
1513 3633 1606 3669 σου
1641 3617 1832 3680 τοῦδε,
1865 3620 1962 3673 καὶ

366 3705 442 3774 μὴ
474 3772 477 3776 _
510 3703 777 3775 ἐμμένειν
830 3706 967 3776 μηδὲ
1008 3705 1425 3778 ἐγκρύπτεσθαι
1469 3710 1529 3762 ἐν
1561 3709 1732 3781 αὐτῷ.
1784 3712 1963 3781 Φυγα-

361 3799 687 3872 δευθείησαν
727 3801 787 3855 ἐν
832 3799 912 3868 τῷ
960 3800 1188 3870 ὀνόματί
1242 3819 1336 3855 σου
1371 3801 1450 3875 τῷ
1499 3802 1676 3874 ἁγίῳ,
1725 3804 1822 3859 καὶ
1865 3803 1961 3859 τοῦ

366 3894 695 3964 μονογενοῦς
730 3911 825 3947 σου
860 3894 994 3949 Υἱοῦ
1016 3934 1030 3959 ,
1075 3895 1171 3948 καὶ
1215 3894 1313 3949 τοῦ
1351 3894 1624 3961 ζωοποιοῦ
1662 3915 1758 3952 σου
1792 3899 1966 3954 Himi-

365 4005 538 4060 ματος
588 3988 698 4042 ἀπὸ
741 3988 837 4042 τοῦ
893 3989 1219 4060 πλάσματος
1268 3989 1377 4043 τῶν
1416 3991 1620 4062 χειρῶν
1669 4008 1788 4046 σου.
1836 3993 1959 4047 Ἵνα

361 4078 720 4150 καθαρισθεὶς
749 4079 858 4134 ἀπὺ
897 4080 1081 4150 πάσης
1107 4080 1378 4151 ἐπηρείας
1404 4081 1741 4154 διαϐολικῆς,
1771 4083 1957 4149 ὁσίως,

361 4173 459 4227 καὶ
499 4173 761 4237 δικαίως,
810 4173 909 4227 καὶ⁵
947 4173 1190 4238 εὐσεϐῶς
1237 4175 1417 4248 ζήσῃ,
1476 4174 1804 4261 ἀξιούμενος
1844 4176 1959 4230 τῶν

362 4267 650 4339 ὰχράντων
702 4265 1025 4339 μυστηρίων
1059 4266 1156 4320 τοῦ
1197 4268 1527 4339 μονογενοῦς
1557 4286 1652 4322 σου
1697 4268 1825 4322 Υίοῦ
1866 4270 1959 4324 καὶ

2068 3440 2153 3493 dis
2173 3440 2457 3507 spiritibus
2482 3454 2538 3498 et
2562 3445 2902 3504 daemonibus
2931 3463 2989 3506 ut
3022 3456 3089 3508 ab
3125 3458 3305 3514 anima
3340 3472 3396 3518 et
3439 3479 3671 3536 corpore

2066 3531 2211 3586 servi
2249 3532 2327 3587 tui
2357 3535 2635 3602 secedant,
2665 3554 2843 3610 neque
2887 3543 2940 3597 in
2995 3559 3063 3601 eo
3118 3551 3544 3622 abscondantur,
3569 3558 3672 3614 im—

2066 3637 2219 3692 pera.
2268 3626 2324 3680 in
2355 3629 2573 3683 nomine
2602 3645 2796 3689 sancto
2827 3644 2937 3703 tuo,
2967 3647 3024 3693 et
3048 3642 3312 3713 unigeniti
3337 3646 3459 3703 Filii
3492 3651 3591 3718 tui,
3615 3662 3671 3707 et

2064 3716 2265 3772 viviﬁci
2294 3720 2367 3773 tui
2394 3718 2652 3791 Spiritus,
2686 3728 2754 3780 ab
2787 3742 2954 3798 opere
2988 3747 3247 3789 manuum
3292 3747 3506 3796 tuarum
3533 3743 3670 3798 (aliud

2066 3819 2304 3878 gentur;
2363 3822 2423 3866 ut
2470 3813 2540 3868 ab
2594 3818 2742 3872 omni
2783 3818 3052 3878 diabolica
3108 3826 3459 3889 iufestatione
3507 3834 3665 3899 liber.

2066 3913 2276 3970 sancte,
2307 3913 2364 3960 et
2411 3904 2578 3976 jnste,
2610 3919 2666 3964 et
2703 3910 2793 3982 pie
2831 3914 3000 3979 vivat,
3034 3916 3229 3989 dignus
3292 3922 3511 3983 habitus
3560 3929 3668 3984 illis

2071 3995 2215 4051 batis
2244 4000 2527 4071 mysteriis
2564 4001 2829 4073 unigeniti
2854 4005 2980 4062 Filii
3008 4009 3082 4064 tui
3108 4021 3162 4066 et
3194 4011 3286 4069 Dei
3318 4018 3513 4084 nostri,
3542 4037 3664 4075 eum

2069 4103 2177 4156 quo
2203 4088 2526 4149 benedictus
2567 4110 2629 4151 es
2661 4107 2716 4152 et
2754 4097 3005 4156 laudatus
3042 4118 3165 4160 cum
3196 4111 3567 4176 sanctissimo,
3612 4127 3668 4170 et

2068 4178 2233 4240 bono.
2267 4193 2321 4235 et
2353 4184 2568 4239 viviﬁco
2602 4196 2695 4242 tuo
2728 4189 2961 4259 Spiritu,
3000 4210 3144 4251 nunc
3174 4207 3229 4271 et
3261 4214 3499 4271 semper,
3524 4215 3580 4259 et
3612 4207 3664 4260 in

2067 4273 2267 4326 smcula
2291 4277 2637 4335 saeculorum.
2669 4281 2844 4337 Amen
3174 4270 3207 4298 ⁹

362 4359 497 4419 Θεοῦ
528 4359 722 4432 ἡμῶν,
772 4359 892 4431 μεθ’
929 4353 994 4415 οῦ
1028 4358 1326 4428 εὐλογητὸς
1357 4357 1408 4414 εἷ
1454 4361 1552 4414 καὶ
1613 4361 2009 4459 δεδοξασμένοις
2047 4364 2153 4459 οὐν
2208 4365 2301 4459 τῷᾲ
2348 4369 2635 4442 παναγίῳ,
2686 4373 2784 4428 κα).
2832 4374 3068 4450 ἀγαθῷ,
3126 4381 3222 4436 καὶ
3276 4382 3528 4459 ζωοποιῷ
3569 4405 3665 4445 σου

362 4450 682 4520 Πνεύματι,
715 4450 812 4504 νῦν
860 4450 960 4504 καὶ
1003 4449 1127 4515 ἀεὶ,
1179 4449 1276 4504 καὶ
1317 4451 1401 4513 είς
1444 4450 1575 4514 τοὺς
1610 4450 1816 4517 αἰῶνας
1853 4453 1965 4510 τῶν
2004 4452 2242 4510 αἰώνων.
2291 4457 2486 4530 Ἀμήν.

770 4562 939 4633 Εὐχὴ
974 4561 1147 4633 ἑτέρα
1179 4561 1289 4619 τοῦ
1318 4562 1528 4619 αὑτοῦ.

433 4657 541 4714 Τοῦ
580 4657 788 4730 Κυρίου
815 4656 1124 4725 δεηθῶμεν.

443 4751 503 4807 ’0
533 4752 702 4805 πᾶσιν
730 4748 1065 4821 ἀκαθάρτοις
1094 4747 1417 4819 πνεύμασιν
1462 4747 1828 4820 ἐπιτιμήσας,
1860 4751 1957 4805 καὶ

360 4843 589 4916 δυνάμει
631 4843 881 4914 ῥήματος
917 4838 1183 4906 ἐκδιώξας
1216 4839 1316 4912 τὴν
1354 4838 1604 4909 λεγεῶνα
1625 4880 1641 4906 ,
1684 4842 1956 4914 ἐπιφανή-

362 4937 488 5010 Θητι
512 4938 610 4993 καὶ
651 4935 748 4989 νῦν
792 4932 879 4987 διὰ
918 4930 1015 4986 τοῦ
1052 4930 1380 5003 μονογενοῦς
1413 4949 1507 4986 σου
1539 4930 1675 4986 Υίοῦ
1697 4974 1713 4995 ,
1766 4933 1861 4989 ἐπὶ
1897 4935 1960 4988 τὸ

363 5030 594 5103 πλάσμα
619 5030 649 5084 ὃ
672 5027 770 5085 καὶ
794 5027 983 5082 εἰκόνα
1010 5042 1130 5088 σου,
1164 5024 1452 5095 ἐποίησας,
1485 5024 1582 5078 καὶ
1610 5024 1796 5089 ἐξελοῦ
1824 5026 1958 5079 αὐτὸ

360 5120 970 5193 καταδυναστευόμενον
1040 5117 1148 5171 ὑπὸ
1213 5115 1311 5170 τοῦ
1365 5116 1749 5187 ἀντικειμένου
1785 5133 1800 5147 ·
1871 5117 1958 5172 ἵνα

360 5215 584 5288 ὲλεηθὲν
628 5214 726 5282 θεαὶ
772 5209 1108 5283 καθαρισθὲν
1137 5211 1358 5313 ’ἐνταγῇ
1391 5210 1458 5281 τῇ
1502 5206 1955 5313 ,ἀγίαωουηποί-

365 5323 506 5377 μνῃ,
539 5306 633 5359 καὶ
670 5302 923 5374 φυλαχθῇ
965 5301 1097 5366 ναὸς
1135 5299 1382 5406 ἔμιξυχος
1431 5298 1529 5351 τοῦ
1565 5298 1732 5406 ἀγίου
1778 5298 1954 5406 ilva}-

363 5415 533 5468 ματος
574 5397 675 5451 καὶ
707 5395 819 5450 τῶν
866 5394 1029 5449 θείων
1077 5392 1173 5448 καὶ
1225 5392 1518 5462 ἀχράντων
1554 5392 1951 5494 ἁγιασμάτων,

358 5490 548 5562 χάριτι
572 5488 670 5543 καὶ
697 5487 1008 5558 οἰκτιρμοίς
1030 5482 1559 5587 ὶιαὶιιριλανθρωπίᾳ
1588 5482 1683 5587 τοῦ
1721 5500 1951 5587 μονογε-

342 5580 486 5647 νοῦς
518 5597 612 5635 σου
643 5579 776 5634 Υῐοῦ
798 5620 813 5644 ,
849 5577 969 5650 μεθ’
1000 5569 1063 5631 οῦ
1103 5574 1398 5646 εὐλογητὸς
1427 5571 1477 5626 εἷ
1497 5613 1512 5638 ,
1560 5574 1658 5627 σὺν
1696 5573 1776 5645 τῷ
1811 5593 1951 5629 παν-

430 5718 508 5789 (2)
542 5717 853 5798 ῐὶιψιειθίιυι·⁸
879 5715 930 5769 in
951 5713 1187 5801 ‘dnobns
1202 5710 1948 5801 _B'arb2rinis1codicibus_et

357 5780 855 5868 ςτῇνιίςωίξεξιγειιθιιςὶ
887 5786 986 5868 sub
1032 5787 1129 5868 hoc
1156 5786 1309 5868 titulo
1334 5802 1350 5837 :
1376 5782 1529 5853 Εὐχὴ
1553 5780 1647 5835 ἐπὶ
1682 5785 1945 5854 χειμαζο-

363 5854 541 5932 μένων
569 5862 674 5915 ὐπὸ
704 5858 1034 5929 πνευμάτων
1068 5854 1417 5926 ἀκαθάρτων.

615 5956 889 6015 ΡΑτιιοι..
924 5954 1044 6013 Gn.
1078 5950 1278 6013 LXIV.

2477 4575 2600 4630 Alia
2628 4577 2867 4646 ejusdem
2899 4583 3072 4637 oratio
3101 4584 3197 4657 (5).

1994 4657 2042 4715 D
2142 4662 2432 4720 Dominum
2464 4682 2774 4738 precemur.

2133 4754 2235 4821 Qui
2283 4773 2476 4815 omnes
2500 4762 2738 4832 spiritus
2769 4764 3094 4836 immundos
3121 4771 3395 4848 inerepas,
3422 4790 3476 4838 et
3506 4786 3655 4842 verbi

2063 4847 2262 4906 virtute
2310 4850 2573 4922 legionem
2626 4858 2907 4927 expulisti,
2961 4847 3319 4927 manifestare
3374 4891 3519 4933 nunc
3562 4896 3657 4949 per

2062 4942 2399 5013 unigenitum
2428 4944 2625 5004 Filium
2649 4959 2803 5008 tuum
2828 4969 2993 5022 super
3023 4970 3331 5020 creaturam
3357 4967 3425 5022 ad
3459 4942 3654 5043 imagi-

2063 5048 2187 5088 nem
2225 5044 2370 5091 tuam
2402 5038 2661 5108 cinctam,
2688 5043 2946 5117 illamque
2979 5065 3009 5104 a
3043 5051 3288 5111 daemone
3341 5072 3654 5130 oppressam

2062 5125 2234 5183 libera
2287 5146 2302 5184 :
2342 5140 2401 5186 ut
2448 5135 2825 5195 misericordia
2860 5155 2889 5196 a
2938 5152 2988 5199 te
3031 5158 3258 5218 accepta
3316 5167 3505 5210 sancto
3566 5168 3657 5212 tuo

2061 5218 2189 5273 ovili
2240 5237 2537 5297 expurgatu
2594 5242 2942 5304 aggregetur,
2976 5245 3033 5290 et
3085 5241 3258 5295 sancti
3308 5242 3547 5313 Spiritus
3602 5262 3658 5307 et

2064 5304 2375 5366 divinorum
2450 5315 2901 5391 illibatorumque
2971 5340 3441 5389 sacramentorum
3521 5348 3656 5394 tem-

2062 5397 2210 5468 plum
2263 5405 2447 5461 vivum
2490 5407 2622 5477 ﬁat,
2660 5414 2836 5483 gratia
2887 5425 2944 5473 et
2987 5419 3435 5483 miserationibus
3463 5440 3517 5485 et
3551 5431 3655 5487 bn-

2062 5493 2329 5551 manitate
2359 5500 2625 5570 unigeniti
2680 5505 2803 5562 Filii
2855 5509 2934 5563 tui
2971 5527 3140 5567 :cum
3183 5530 3291 5584 quo
3334 5517 3656 5580 benedictus

2060 5598 2141 5652 es,
2181 5601 2302 5642 cum
2333 5595 2684 5653 sanctissimo
2719 5609 2773 5655 et
2803 5602 2944 5658 bono
2968 5614 3022 5659 et
3048 5607 3264 5664 vivitico
3293 5617 3386 5665 tuo
3418 5613 3651 5683 Spiritu,

2128 5722 2206 5793 ('5)
2265 5724 2418 5786 lianc
2474 5734 2779 5793 orationem
2844 5739 3009 5798 habet
3062 5743 3203 5800 idem
3272 5744 3653 5819 Cryptoferra—

2056 5798 2211 5853 tense
2242 5815 2348 5855 ms.

3251 5976 3330 6037 36
