4138 6466
449 393 588 450 4065

1192 389 1757 447 SL'PI’LEMENTUM
1799 388 1889 444 AD
1923 390 1978 444 S.
2017 389 2066 444 J.
2104 384 2592 444 CllRYSOS'I'OMI
2635 383 2880 439 OPEIH.

3594 383 3731 438 4060

451 520 596 560 nunc
630 515 682 559 et
731 518 966 574 semper,
997 512 1051 558 et
1081 503 1135 558 in
1171 504 1366 560 saecnla
1429 504 1771 560 saeculorum.
1841 507 2032 556 Amen.

2139 502 2282 574 αγίῳ
2304 544 2318 569 ,
2360 500 2453 554 καὶ
2480 501 2705 572 ἀγαθῷ,
2733 501 2829 554 καὶ
2858 498 3110 570 ζωοποιῷ
3143 516 3235 551 σου
3282 497 3565 568 Πνεύματι
3587 515 3599 528 ·
3637 500 3731 554 νῦν

895 689 1017 743 Alia
1045 690 1282 760 ejusdem
1310 689 1481 742 oratio
1508 689 1609 760 (4).

519 776 806 832 Dominum
843 792 1146 848 precemur.

520 867 842 926 Invocamus
864 881 935 934 te,
971 869 1192 924 Domine
1218 867 1361 923 Deus
1386 868 1758 938 omnipotens,
1800 868 2039 934 excelse,

451 963 582 1017 mali
633 963 815 1018 cuncti
871 976 1087 1030 expers,
1139 961 1365 1030 pacilice
1401 959 1552 1026 Rex;
1598 962 1914 1016 invocamus
1965 972 2039 1025 te,

451 1060 715 1114 Conditor
754 1056 876 1112 caeli
927 1066 982 1112 et
1019 1065 1199 1120 terrae,
1235 1071 1300 1110 ex
1335 1066 1386 1110 te
1435 1072 1669 1127 namque
1713 1058 1890 1111 oritur
1921 1073 1957 1109 α
1985 1065 2042 1112 et

451 1168 518 1217 ω,
557 1149 882 1220 principium
914 1158 968 1203 et
1023 1147 1166 1212 linis,
1204 1149 1294 1217 qui
1351 1148 1547 1202 dedisti
1611 1149 1927 1203 hominibus
1982 1156 2042 1204 ut

451 1242 582 1311 ipsis
614 1240 980 1312 quadrupedia
1003 1247 1058 1295 et
1087 1241 1297 1295 ratione
1333 1241 1570 1294 carentia
1605 1241 1882 1306 animalia,
1909 1240 2038 1309 quia

452 1333 778 1405 sicjnssisti,
813 1331 1064 1397 Domine,
1106 1333 1434 1387 obcdirent:
1468 1348 1684 1387 manum
1720 1343 1866 1387 tuam
1923 1333 2037 1388 l'or-

448 1438 580 1493 tem,
631 1435 688 1481 et
720 1425 1004 1481 brachium
1057 1435 1206 1479 tuum
1259 1425 1530 1481 excelsum
1577 1435 1633 1480 et
1663 1435 1908 1480 sanctum
1943 1441 2038 1478 ex-

451 1519 635 1584 tende,
660 1525 714 1573 et
766 1518 905 1571 hanc
959 1530 1266 1571 creaturam
1307 1527 1452 1570 tuam
1496 1518 1614 1571 visu
1665 1527 1756 1570 tuo
1800 1515 2033 1586 respice.

447 1611 524 1664 Ila
579 1610 655 1664 illi
708 1605 958 1680 angelum
1002 1609 1312 1680 paciﬁcum,
1353 1607 1606 1679 angelum
1642 1606 1860 1672 fortem,
1915 1622 2034 1661 cor-

449 1703 599 1773 poris
645 1713 701 1757 et
747 1703 943 1757 anima:
992 1702 1297 1768 custodem,
1340 1702 1430 1770 qni
1485 1702 1725 1771 increpet
1752 1710 1808 1756 et
1855 1701 2036 1770 abigat

447 1794 518 1849 ab
564 1809 628 1848 ea
682 1811 842 1848 omne
891 1795 1184 1864 malignum
1234 1803 1287 1848 et
1345 1795 1616 1864 impurum
1681 1793 2027 1849 daamonium.

2145 596 2239 648 καὶ
2269 594 2386 657 ἀεὶ,
2415 595 2511 647 καὶ
2541 595 2622 655 είς
2653 594 2780 656 τοὺς
2815 591 3015 655 αἰῶνας
3043 592 3152 644 τῶν
3183 589 3417 646 αἰώνων.
3464 591 3660 662 Ἀμήν.

2542 686 2713 756 Εὺχὴ
2755 686 2929 754 ἑτέρα
2976 683 3084 738 τοῦ
3118 681 3328 738 αὑτοῦ.

2221 779 2328 834 Τοῦ
2353 779 2560 850 Κυρίου
2595 779 2774 848 δεηθῶ
2782 795 2903 849 μεν.

2226 871 2670 941 Ἐπικαλούμεθά
2713 888 2807 935 σε,
2858 871 3111 923 Δέσποτα
3169 869 3270 923 Θεέ
3307 871 3730 942 παντοκράτορ,

2143 962 2373 1035 ὓψιστε,
2405 966 2707 1036 ἀπείρατε,
2739 963 2981 1035 εἰρηνικέ
3015 961 3238 1032 βασιλεῦ
3262 1002 3277 1029 ,
3315 961 3734 1033 ἐπικαλούμεθά

2144 1074 2205 1112 σε
2256 1056 2348 1110 τὸν
2403 1059 2712 1126 ποιήσαντα
2759 1054 2853 1107 τὸν
2902 1053 3136 1124 οὐρανὸν
3181 1053 3275 1106 καὶ
3312 1052 3411 1124 τὴν
3452 1054 3578 1124 γῆν.
3637 1054 3733 1107 Ἐκ

2143 1149 2240 1202 σοῦ
2277 1148 2388 1220 γάρ
2424 1147 2636 1216 ἀνεφύη
2663 1186 2678 1212 ,
2715 1147 2810 1201 καὶ
2842 1147 2904 1199 τὸ
2947 1151 2992 1200 Α
3038 1147 3135 1200 καὶ
3173 1149 3234 1199 τὸ
3256 1148 3328 1212 Ω,
3364 1147 3398 1218 ή
3442 1148 3586 1218 ἀρχὴ
3637 1146 3734 1200 καὶ

2141 1242 2201 1296 τὸ
2245 1241 2428 1307 τέλος,
2486 1241 2610 1304 δοὺς
2658 1243 2773 1304 τοῖς
2827 1238 3144 1312 ἀνθρώποις
3200 1240 3480 1294 ὐπακούεν
3533 1240 3734 1310 τετρά-

2140 1334 2278 1388 ποδα
2306 1335 2398 1386 καὶ
2424 1331 2596 1400 ἄλογα
2629 1331 2746 1396 ζῶα
2766 1346 2777 1359 ·
2808 1331 2891 1383 ὅτι
2923 1332 2986 1384 σὺ
3016 1329 3291 1396 ὑπέταξας
3339 1329 3500 1395 αὐτὰ,
3531 1331 3730 1401 Κύριε.

2144 1426 2442 1479 Ἔκτεινον·
2477 1423 2578 1496 τὴν
2612 1423 2776 1494 χεῖρά
2835 1440 2928 1476 σου
2968 1423 3068 1492 τὴν
3125 1421 3435 1494 κραταιὰν,
3493 1423 3586 1476 καὶ
3639 1421 3730 1475 τὸν

2141 1517 2406 1588 βραχίονα
2429 1533 2524 1569 σου
2557 1516 2646 1568 τὸν
2679 1514 2885 1584 ὑψηλὸν
2911 1515 3120 1569 καὶτὸν
3155 1513 3335 1582 ἅγιον,
3375 1513 3470 1568 καὶ⁹
3504 1515 3731 1566 ἐπισκο-

2138 1609 2257 1662 πῶν
2289 1609 2664 1678 ἐπισκόπησον
2703 1605 2765 1659 τὸ
2805 1605 3034 1676 πλάσμα
3078 1623 3173 1658 σου
3210 1603 3388 1657 τοῦτο.
3438 1603 3734 1673 Κατάπεμρ

2135 1702 2236 1772 ψον
2295 1701 2444 1771 αὐτῷ
2499 1701 2732 1769 ἄγγελον
2780 1698 3092 1770 εἰρηνικὸν,
3149 1697 3384 1766 ἄγγελον
3432 1697 3728 1768 κραταιὸν,

2135 1793 2315 1863 ψυχῆς
2375 1792 2470 1845 καὶ
2538 1789 2795 1861 σώματος
2847 1787 3104 1858 φύλακα,
3155 1788 3214 1851 ὃς
3264 1789 3582 1858 ἐπιτιμήσει
3635 1786 3732 1839 κοιλ⁵

448 1887 589 1955 Quia
621 1897 674 1942 tu
704 1887 852 1942 solus
897 1888 1149 1942 excelsus
1191 1894 1246 1942 et
1299 1888 1648 1957 o.nnipotens
1677 1902 1759 1953 es,
1819 1886 2038 1943 benedi-

2147 1886 2414 1941 ἀπελάσει
2471 1883 2568 1937 ἀπ’
2607 1881 2774 1936 αὐτοῦ
2827 1883 2934 1934 πᾶν
2989 1880 3225 1951 πονηρὸν
3283 1879 3378 1932 καὶ
3419 1877 3730 1948 ἀκάθαρτον

435 1992 568 2036 τως
611 1981 662 2035 in
701 1978 896 2035 saecula
945 1980 1284 2036 saeculorum.
1329 1981 1524 2035 Amen.

834 2233 955 2287 Alia
986 2233 1224 2303 ejusdem
1258 2234 1432 2288 oratio
1478 2233 1578 2305 (5).

517 2325 802 2380 Dominum
835 2338 1141 2395 precemur.

520 2439 798 2504 Divinam,
825 2446 1096 2506 sanctam,
1132 2454 1410 2511 magnam,
1457 2440 1796 2495 tremendam
1830 2449 1885 2494 et
1917 2454 2024 2494 non

448 2529 784 2583 tolerandam
832 2528 1070 2584 nominis
1121 2529 1213 2583 Dei
1247 2529 1668 2601 appellationem
1710 2539 1765 2584 et
1811 2529 2032 2583 invoca-

435 2623 647 2678 tionem
677 2621 1026 2692 aggredimur
1059 2630 1113 2676 et
1148 2623 1487 2691 perlicimus,
1523 2623 1597 2678 tui
1632 2623 1942 2690 expellendi
1977 2631 2032 2677 et

445 2715 758 2784 increpandi
797 2715 1004 2784 gratia,
1043 2724 1328 2786 apostata;
1382 2715 1456 2769 tui
1491 2716 1835 2786 disperdendi
1873 2731 2028 2785 ergo,

443 2810 681 2874 diabole,
714 2807 856 2864 Deus
906 2817 1150 2873 sanctus,
1194 2808 1444 2878 principii
1482 2822 1701 2878 expers,
1737 2809 2028 2874 timemlus,

444 2913 642 2956 natura
691 2900 1003 2966 invisibilis,
1038 2910 1309 2968 potestate
1349 2900 1771 2970 inexcogitatus,
1825 2900 2034 2954 Deitatc

444 2993 966 3062 inconipreliensus,
997 2991 1112 3045 Rex
1143 2991 1326 3060 gloriae
1371 3002 1426 3047 et
1482 2992 1826 3062 omnipotens
1859 2991 2034 3048 Domi-

447 3097 573 3148 nus,
603 3083 720 3152 ipse
749 3093 802 3137 te
830 3082 1094 3152 increpet,
1125 3082 1364 3149 diabole,
1392 3083 1484 3154 qui
1516 3098 1546 3138 e
1598 3082 1768 3137 nihilo
1813 3083 1879 3138 ad
1908 3098 2032 3138 esse

2149 1979 2449 2050 δαιμόνιον.
2503 1976 2624 2030 Ὀτι
2675 1975 2742 2028 σὺ
2789 1973 2998 2044 Κύριος
3047 1974 3204 2044 μόνος
3237 1971 3502 2042 ὕψιστος,
3533 1985 3731 2023 παντο-

2151 2071 2402 2142 κράτωρ,
2449 2065 2743 2138 εὐλογητὸς
2767 2106 2781 2131 ,
2831 2065 2910 2127 είς
2944 2064 3071 2128 τοὺς
3104 2062 3306 2127 αἰῶνας
3350 2061 3460 2116 τῶν
3491 2059 3728 2116 αἰώνων.

2163 2165 2361 2236 Ἀμήν.
2569 2231 2637 2236 __
2705 2229 2716 2236 _
3034 2226 3060 2236 _
3147 2227 3160 2236 _
3253 2225 3280 2236 _

2564 2229 2732 2299 Εὺχὴ
2756 2228 2928 2297 ἑτέρα
2955 2226 3064 2282 τοῦ
3092 2226 3304 2281 αὐτοῦ.

2219 2326 2324 2382 Τοῦ
2359 2325 2567 2397 Κυρίου
2597 2323 2902 2395 δεηθῶμεν.

2213 2449 2327 2521 Τὴν
2362 2447 2514 2500 θείαν
2539 2463 2598 2498 τε
2623 2445 2719 2499 καὶ
2745 2444 2843 2516 τὴν
2867 2442 3030 2512 ἁγίαν
3058 2441 3153 2496 καὶ
3187 2440 3453 2512 μεγάλην,
3487 2439 3583 2494 καὶ
3603 2457 3729 2513 φρι-

2139 2541 2294 2612 κτὴν,
2333 2540 2427 2594 καὶ
2457 2537 2723 2592 ἄστεκτον
2752 2534 3048 2606 ὀνομασίαν
3080 2533 3177 2588 καὶ
3201 2531 3491 2603 ἐπίκλησιν
3535 2525 3727 2586 ποιοῦ-

2142 2651 2240 2706 μεν
2274 2631 2412 2704 πρὸς
2441 2629 2542 2702 τὴν
2573 2629 2673 2701 σὴν
2701 2627 2973 2694 ἐξέλασιν,
3000 2626 3308 2692 ἀποστάτα,
3344 2623 3609 2690 ὡσαύτως
3631 2625 3727 2680 καὶ

2138 2727 2463 2796 ἐπιτίμησιν
2497 2725 2577 2786 είς
2627 2720 2728 2793 τὴν
2778 2721 2878 2792 σὴν
2932 2719 3336 2790 ἐξολόθρευσιν,
3379 2715 3620 2774 διάϐολε.
3665 2718 3726 2772 Ὁ

2131 2817 2265 2882 Θεὸς
2297 2820 2324 2871 0
2355 2817 2532 2884 ἆγιος,
2573 2816 2602 2867 0
2636 2814 2898 2885 ἄναρχος,
2950 2813 2979 2865 0
3035 2811 3292 2881 φοϐερὸς,
3329 2811 3358 2864 0
3392 2811 3624 2882 ἀόρατος
3655 2812 3722 2880 τῇ

2131 2909 2313 2981 οὐσίᾳ,
2349 2909 2377 2962 0
2417 2907 2745 2969 ἀνείκαστος
2780 2907 2846 2976 τῇ
2894 2904 3152 2974 δυνάμει,
3204 2903 3301 2957 καὶ
3334 2903 3726 2974 ἀκατάληπτος

2130 3004 2198 3073 τῇ
2243 3001 2478 3070 θεότητι,
2509 3002 2536 3053 0
2575 2998 2831 3070 βασιλεὺς
2854 2996 2951 3068 τῆς
2982 2993 3163 3065 δόξης,
3199 2997 3294 3049 καὶ
3326 2995 3724 3067 παντοκράτωρ

2132 3093 2434 3162 Δεσπότης,
2455 3091 2777 3162 ἐπιτιμήσει
2800 3106 2918 3156 σου,
2943 3087 3181 3155 διάϐολε,
3199 3089 3228 3140 0
3249 3088 3314 3141 ἐκ
3343 3087 3439 3141 τοῦ
3465 3087 3541 3160 μὴ
3567 3085 3725 3152 ὄντος

444 3183 637 3230 cuncta
663 3175 827 3229 ver-bo
859 3188 1099 3244 congrue
1131 3176 1472 3245 composuit,
1510 3175 1600 3245 qui
1627 3190 1794 3246 super
1823 3189 2028 3246 pennas

2133 3188 2213 3251 είς
2242 3186 2304 3240 τὸ
2333 3183 2474 3238 εἶναι
2509 3185 2577 3240 τὰ
2611 3184 2791 3238 πάντα
2844 3179 3140 3250 εὐπραγῶς
3183 3181 3328 3252 λόγῳ
3377 3180 3725 3252 συστησάμε-

444 3275 732 3321 ventorum
763 3263 1028 3318 ambulat.
1079 3263 1329 3334 Increpat
1367 3272 1442 3330 te,
1470 3263 1704 3329 diabole,
1728 3266 1818 3334 qui
1858 3263 2028 3319 maris

446 3373 643 3429 aquam
672 3359 923 3422 advocat,
945 3366 1000 3410 et
1028 3370 1147 3410 eam
1181 3371 1345 3426 super
1364 3357 1630 3411 universa:
1651 3367 1806 3411 terra:
1837 3355 2031 3410 facient

443 3449 690 3506 elIundit.
729 3449 989 3504 Dominus
1014 3450 1277 3504 virtutum
1307 3465 1503 3505 nomen
1548 3449 1648 3506 illi.
1699 3447 1950 3518 Increpat
1980 3457 2033 3503 te

443 3543 728 3608 Dominus,
761 3541 991 3607 diabole,
1025 3543 1071 3597 is
1101 3541 1192 3597 cui
1219 3543 1490 3597 innumeri
1521 3542 1772 3597 caelestes
1808 3542 2032 3597 ordines

444 3636 586 3707 ignei
629 3636 682 3690 in
717 3635 947 3691 circuitu
1000 3637 1352 3702 ministrant,
1397 3637 1489 3705 qui
1533 3635 1604 3692 ab
1653 3636 2028 3707 angelicarum

442 3730 728 3783 turbarum
758 3727 915 3798 copia
953 3736 1008 3782 et
1037 3729 1104 3782 ab
1132 3728 1474 3798 arcliangelis
1498 3742 1620 3781 cum
1656 3735 1896 3781 tremore
1940 3743 2032 3782 ce-

445 3817 712 3884 lebratur,
740 3818 937 3873 colitur
959 3828 1014 3874 et
1050 3817 1329 3874 adoratur.
1376 3818 1628 3887 Increpat
1652 3827 1704 3872 te
1749 3818 2029 3883 Dominus,

444 3911 679 3976 diabole,
711 3911 802 3980 qui
824 3921 876 3964 et
901 3927 930 3965 a
955 3911 1243 3967 virtutibus
1266 3912 1409 3966 circa
1440 3927 1499 3968 se
1520 3911 1820 3966 astantibus
1857 3912 2031 3965 bono-

446 4011 700 4086 ratur,let
721 4018 750 4055 a
777 4003 1074 4057 tremendis
1095 4003 1374 4060 oculorum
1401 4004 1555 4073 cepia
1580 4004 1879 4059 illustribus
1893 4005 2029 4059 Clie-

444 4094 647 4162 rubim,
694 4104 748 4150 et
777 4110 870 4150 sex
922 4095 1130 4150 alarum
1190 4097 1418 4168 remigio
1465 4099 1663 4153 dotatis
1716 4097 2026 4168 Seraphin),

445 4189 659 4243 duabus
691 4186 910 4258 quidem
943 4189 1126 4274 facies
1173 4205 1302 4245 suas
1335 4201 1559 4261 propter
1612 4191 2030 4262 incomprehen-

442 4297 562 4336 sum
595 4283 1148 4354 etiniperscrutatum
1181 4281 1410 4339 Deitatis
1462 4283 1807 4353 splendorem
1844 4285 2033 4340 velan-

443 4376 611 4441 tibus,
636 4385 693 4430 et
717 4376 931 4430 duabus
960 4375 1061 4431 alis
1083 4377 1248 4446 pedes
1269 4391 1418 4444 suos,
1448 4391 1516 4432 ne
1569 4376 1825 4432 incili-bili
1856 4377 2028 4448 gloria

442 4478 498 4524 et
534 4469 901 4539 inexcogitata
949 4467 1237 4537 majestate
1265 4479 1680 4535 consumantur,
1735 4469 2031 4537 operienti-

2135 3295 2246 3345 νος,
2279 3280 2306 3331 0
2334 3275 2658 3347 περιπατῶν
2693 3276 2786 3328 ἐπὶ
2833 3274 3126 3347 πτερύγων
3174 3272 3414 3344 ἀνέμων.
3461 3271 3726 3341 Ἐπιτιμᾷ

2136 3389 2240 3438 σοι,
2274 3370 2511 3429 διάϐολε.
2546 3371 2573 3423 0
2596 3367 3079 3440 προσκαλούμενος
3111 3366 3172 3420 τὸ
3203 3365 3351 3438 ὕδωρ
3379 3366 3479 3437 τῆς
3517 3363 3727 3420 θαλάσ-

2136 3481 2236 3534 σης
2270 3465 2363 3516 καὶ
2387 3462 2594 3532 ἐκχέων
2620 3460 2753 3516 αὐτὸ
2789 3460 2884 3513 ἐπὶ
2913 3459 3211 3532 πρόσωπον
3248 3457 3430 3528 πάσης
3460 3456 3560 3528 τῆς
3593 3458 3722 3526 γῆς,

2133 3556 2341 3627 Κύριος
2385 3555 2495 3608 τῶν
2526 3555 2812 3625 δυνάμεων
2865 3552 3038 3622 ὄνομα
3088 3549 3277 3606 αὐτοῦ.
3325 3550 3592 3621 Ἐπιτιμᾷ
3641 3567 3726 3603 σοι

2133 3645 2362 3718 Κύριος,
2390 3644 2629 3708 διάΰολε,
2662 3646 2690 3698 0
2716 3643 2823 3696 ὐπὸ
2860 3642 2970 3696 τῶν
3013 3641 3409 3713 ἀναριθμήτων
3455 3641 3726 3715 οὐρανίων

2132 3738 2432 3809 ταγμάτων
2450 3737 2696 3808 πυρίνων
2718 3735 2869 3808 φόϐῳ
2885 3735 3065 3789 λειτου
3073 3734 3204 3806 ργού
3215 3751 3379 3804 μενος
3403 3735 3498 3787 καὶ
3523 3732 3725 3804 ὑμνού-

2135 3846 2318 3901 μενος,
2379 3829 2475 3881 καὶ
2535 3827 2646 3880 ἀπὸ
2701 3825 2943 3897 πλήθους
3003 3825 3182 3897 χορῶν
3244 3824 3556 3896 ἀγγελικῶν
3628 3825 3721 3878 καὶ

2130 3893 2552 3993 ἀρχάγγελικῶν
2596 3893 3342 3989 τρόμῳ-προσκυνούμενος,
3375 3917 3472 3970 καὶ
3502 3915 3720 3980 δοξαζό-

2135 4029 2317 4084 μενος.
2361 4010 2631 4080 Ἐπιτιμᾷ
2674 4026 2758 4062 σοι
2799 4009 3030 4080 Κύριος,
3063 4008 3303 4074 διάϐολε,
3348 4009 3376 4062 0
3406 4009 3722 4082 τιμώμενος

2131 4104 2236 4157 ὑπὸ
2288 4104 2399 4158 τῶν
2453 4101 2740 4156 κύκλωθεν
2820 4101 3199 4170 παρεστωσῶν
3260 4101 3569 4174 δυνάμεων,
3624 4103 3722 4157 καὶ

2131 4195 2595 4268 φρικωδεστάτων
2671 4194 3067 4265 ἐξαπτερύγων
3149 4194 3246 4248 καὶ
3311 4194 3719 4266 πολυομμάτων

2129 4286 2415 4359 Χερουϐὶμ
2442 4285 2536 4338 καὶ
2577 4285 2854 4356 Σεραφὶμ,
2912 4283 3020 4337 τῶν
3053 4283 3123 4338 τά
3178 4283 3454 4352 πρόσωπα
3501 4283 3716 4338 ἑαυτῶν

2128 4378 2252 4441 ταῖς
2301 4375 2426 4430 δυσὶ
2478 4374 2708 4446 πτέρυξι
2765 4374 3082 4430 σκεπόντων
3120 4375 3210 4429 διά
3251 4374 3352 4448 τὴν
3395 4375 3714 4447 ἀθεώρητον

2130 4467 2300 4522 αὐτοῦ
2347 4467 2442 4521 καὶ
2504 4464 2920 4536 ἀνεξιχνίαστον
2959 4465 3225 4538 Θεότητα,
3278 4466 3374 4520 καὶ
3421 4467 3542 4528 ταῖς
3590 4465 3712 4519 δυσὶ

441 4561 569 4628 bus,
601 4571 655 4616 et
686 4561 893 4616 duabus
927 4561 1028 4616 alis
1051 4561 1360 4616 volantibus
1385 4561 1696 4630 coelumque
1728 4563 1843 4616 suis
1874 4561 2026 4616 voci-

2133 4559 2361 4631 πτέρυξι
2387 4560 2518 4622 τοὺς
2547 4560 2765 4613 ἑαυτῶν
2797 4559 2965 4622 πόδας
3005 4559 3420 4625 καλυπτόντων,
3444 4560 3524 4622 εις
3552 4557 3612 4612 τὸ
3633 4558 3710 4628 μὴ

441 4651 546 4703 bus
587 4649 919 4718 replentibus
955 4669 968 4704 :
995 4649 1244 4712 Sanctus,
1274 4648 1526 4713 Sanctus,
1549 4649 1801 4713 Sanctus,
1837 4649 2026 4704 Domi-

441 4755 540 4793 nus
569 4737 799 4794 Sabaoth
852 4755 873 4793 :
925 4740 1136 4808 plenum
1195 4750 1271 4793 est
1322 4740 1509 4793 caelum
1565 4751 1613 4794 et
1673 4751 1814 4795 terra
1850 4745 2026 4813 gloria

439 4830 574 4900 ejus.
616 4829 868 4903 Increpat
897 4841 947 4886 te
984 4831 1264 4894 Dominus,
1295 4831 1530 4896 diabole,
1557 4834 1648 4902 qui
1699 4849 1730 4889 e
1771 4835 1894 4890 sinu
1930 4851 2025 4906 pa-

443 4935 618 4993 terno,
651 4939 681 4980 e
705 4927 845 4981 caelo
883 4924 1025 4979 Deus
1055 4923 1289 4979 Verbum
1322 4923 1676 4992 descendens,
1713 4937 1768 4983 et
1802 4943 1899 4998 per
1928 4945 2024 4986 ve-

439 5015 762 5080 nerandam,
789 5013 1171 5083 inexplicatam
1195 5023 1251 5068 et
1284 5014 1540 5068 illibatam
1569 5031 1634 5071 ex
1667 5027 1852 5072 sancta
1889 5015 2015 5073 Vir-

438 5105 564 5175 sine
589 5104 1053 5168 incarnationem,
1090 5113 1150 5159 ut
1207 5105 1466 5160 mundum
1517 5105 1859 5162 ineﬂabiliter
1905 5110 2016 5163 sal-

437 5203 624 5262 varet,
678 5205 736 5250 et
782 5205 838 5248 te
887 5209 1140 5264 suprema
1185 5210 1280 5250 sua
1335 5196 1532 5252 virtute
1569 5199 1632 5254 de
1687 5199 1826 5254 coelo
1875 5200 2018 5270 deje-

437 5297 608 5351 etum,
635 5286 1012 5356 perditumque
1028 5287 1277 5343 omnibus
1303 5289 1720 5359 demonstraret,
1745 5293 2014 5362 apparuit.

435 5376 690 5448 Increpat
722 5389 774 5432 te
830 5378 1127 5446 Dominus,
1156 5380 1406 5450 diabole,
1462 5383 1554 5454 qui
1591 5386 1726 5440 mari
1787 5386 1966 5442 dixit‘
2002 5405 2018 5445 :

508 5534 529 5568 ⁸
567 5534 735 5592 Marc.
772 5551 843 5600 IV,
881 5536 972 5593 59.

507 5692 584 5837 μζ
619 5691 779 5748 Deest
813 5691 864 5748 in
890 5691 1144 5748 omnibus
1183 5695 1592 5764 exemplaribus
1622 5696 1738 5752 Inec
1768 5700 1972 5756 oratio.

507 5765 562 5836 (5
615 5762 980 5837 Legi_tnr_cui_n
1008 5777 1071 5837 ea
1096 5780 1218 5834 qua:
1244 5767 1452 5836 incipit,
1472 5766 1530 5820 '0
1559 5766 1695 5830 Θεὸς
1721 5771 1748 5822 0
1771 5769 1972 5835 αἰώνιος

507 5762 584 5837 (5)
615 5762 980 5838 Legitnr‘cum
1008 5777 1071 5838 ea
1096 5780 1218 5838 qua:
1244 5762 1452 5836 inci—pit,
1472 5766 1530 5820 '0
1559 5766 1695 5830 Θεὸς
1721 5771 1748 5822 0
1771 5769 2009 5838 αἰώνιος,

434 5834 489 5892 in
513 5833 621 5893 uno
665 5833 1050 5893 e'Barberinis
1088 5833 1368 5893 codicibus
1395 5855 1410 5892 :
1467 5839 1518 5892 in
1551 5853 1658 5907 quo
1699 5840 1839 5894 sicut
1869 5850 1921 5896 et
1955 5833 2007 5897 in

2130 4649 2549 4720 κατακαυθῆναι
2600 4650 2665 4702 ἐκ
2693 4649 2793 4720 τῆς
2815 4648 3061 4722 ἀρρήτου
3092 4649 3252 4721 δόξης
3282 4650 3381 4703 καὶ
3408 4649 3716 4718 ἀκατανοή-

2128 4761 2223 4798 του
2250 4743 2675 4815 μεγαλειότητος
2698 4741 2864 4796 αὐτοῦ
2890 4741 2986 4796 καὶ
3011 4745 3132 4805 ταῖς
3157 4743 3278 4797 δυσὶ
3300 4742 3532 4816 πτέρυξι
3555 4759 3717 4797 πετο·

2133 4836 2316 4906 μένων
2367 4834 2581 4888 καὶτὸν
2619 4833 2849 4902 οὐρανὸν
2899 4835 3259 4906 πληρούντων
3313 4837 3378 4888 ἐκ
3428 4835 3530 4906 τῆς
3585 4835 3716 4907 βοῆς

2128 4927 2310 4982 αὐτῶν
2337 4966 2352 4991 ,
2381 4927 2465 4991 τὸ,
2492 4927 2719 4998 ”Λτιος,
2746 4927 3190 4998 Ἀγιος,“Αγιος
3209 4929 3429 4996 Κύριος
3445 4928 3712 4994 Σαϐαὼθ,

2125 5018 2367 5087 πλήρης
2393 5020 2424 5072 ὀ
2447 5019 2709 5087 οὐρανὸς
2727 5020 2824 5074 καὶ
2841 5020 2880 5088 ἡ
2909 5017 2983 5090 γῆ
3007 5019 3118 5088 τῆς
3134 5019 3322 5088 δόξης
3343 5018 3718 5074 αὐτοῦ.Ἐπι-

2125 5114 2262 5184 τιμᾷ
2308 5129 2390 5166 σοι
2438 5100 2670 5185 Κύριος,
2715 5112 2956 5180 διάϐολε,
3009 5116 3037 5168 0
3099 5115 3164 5167 ἐκ
3219 5111 3316 5168 τοῦ
3356 5113 3562 5167 κόλπου
3613 5112 3711 5167 τοῦ

2127 5203 2400 5278 πατρικοῦ
2440 5205 2690 5269 καταὸἀς
2723 5205 2784 5271 ἐξ
2814 5206 3052 5276 οὐρανοῦ
3079 5207 3214 5272 Θεὸς
3241 5208 3436 5276 Λόγος,
3478 5207 3576 5260 καὶ
3623 5205 3713 5260 διὰ

2126 5297 2224 5368 τῆς
2251 5299 2314 5350 ἐκ
2350 5296 2632 5370 Παρθένου
2667 5298 2834 5368 ἀγίας
2859 5299 3268 5371 προσκυνητῆς,
3300 5299 3586 5370 ἀφράστου
3614 5298 3712 5351 καὶ

2123 5389 2400 5462 ἀχίιάντου
2445 5390 2780 5460 σαρκώσεως
2835 5392 3225 5466 ἀνεκλαλήτως
3272 5396 3465 5465 φανεὶς
3517 5394 3578 5448 ἐν
3629 5390 3711 5462 τῷ

2120 5702 2303 5782 editis_
2338 5703 2740 5782 Chrysostomo
2769 5707 2862 5782 bis
2907 5709 3094 5782 verbis
3135 5712 3458 5767 attribuitur
3490 5725 3505 5766 :
3573 5713 3706 5782 Ἀφ-

2119 5774 2346 5852 ορισμὸς
2363 5774 2466 5852 τοῦ
2477 5777 2640 5852 ἁγίου
2665 5776 2912 5852 Ἰωάννου
2941 5779 3100 5852 τοῦνΧ
3111 5782 3417 5852 ρυσοτόμου
3440 5784 3520 5848 είς
3546 5774 3705 5838 πνευ·

2124 5845 2654 5917 ματιζομένουςύπὸ
2675 5850 3002 5920 πνευμάτων
3030 5845 3378 5924 ἀκαθάρτων.
