4138 6502
439 441 578 498 1θ65

432 648 664 720 δυνάμει
708 648 874 720 ῥίψας
931 666 990 703 σε
1044 651 1361 722 οὐρανόθεν,
1418 652 1514 705 καὶ
1552 652 1827 705 ἀπόλυτον
1864 651 2029 704 παντὶ

432 739 636 807 δείξας.
671 743 943 814 Ἐπιτιμᾷ
980 760 1064 796 σοι
1098 742 1328 814 Κύριος,
1386 744 1626 810 διάϐολε,
1677 744 1705 796 6
1739 742 1912 798 εἰπὼν
1961 743 2028 813 τῇ

434 830 716 905 θαλάσσῃ·
750 832 977 900 Σιώπα,
1021 836 1340 905 πεφίμωσο
1367 852 1380 865 ·
1443 837 1540 891 καὶ
1566 835 1647 908 τῷ
1694 836 2030 906 κελεύσματι

434 924 639 989 εὐθέως
666 925 961 981 ἐκόπασεν.
1008 925 1276 999 Ἐπιτιμᾷ
1312 945 1396 981 σοι
1437 928 1669 1000 Κύριος,
1717 926 1970 991 διάϐολε,
2004 929 2032 980 6

433 1016 511 1089 τῷ
543 1017 801 1089 ἀχράντῳ
829 1018 1047 1091 πτυέλῳ
1069 1019 1242 1091 πηλὸν
1266 1021 1526 1093 ποιήσας,
1557 1022 1656 1074 καὶ
1682 1020 1743 1074 τὸ
1781 1019 2031 1073 ἐλλεῖπον

435 1108 599 1180 μέλος
632 1108 711 1178 τῷ
741 1111 806 1163 ἐκ
832 1112 1061 1183 γενετῆς
1091 1111 1281 1183 τυφλῷ
1308 1113 1642 1177 διαπλάσας,
1690 1114 1788 1169 καὶ
1820 1115 1881 1167 τὸ
1913 1115 2029 1182 φῶς

430 1203 824 1274 χαρισάμενος.
867 1204 1136 1277 Ἐπιτιμᾷ
1170 1223 1255 1260 σοι
1305 1206 1538 1279 Κύριος,
1565 1207 1806 1273 διάϐολε,
1853 1210 1882 1262 6
1932 1210 2031 1281 τήν

433 1294 714 1367 θυγατέρα
747 1295 841 1350 τοῦ
864 1297 1324 1369 ἀρχισυναγώγου
1350 1299 1497 1372 λόγῳ
1538 1299 1909 1372 ζωοποιήσας,
1935 1301 2033 1355 καὶ

429 1387 532 1460 τῆς
560 1390 736 1462 χήρας
763 1389 856 1443 τὸν
892 1391 1008 1445 υἱὸν
1040 1392 1106 1445 ἐκ
1134 1392 1407 1463 στόματος
1431 1393 1527 1447 τοῦ
1559 1392 1798 1449 θανάτου
1845 1395 2031 1465 ἀφαρ-

433 1484 614 1547 πάσας
644 1484 739 1536 κα¹ι
766 1487 836 1556 τῇ
864 1484 973 1557 ἰδίᾳ
1006 1486 1178 1557 μητρὶ
1207 1486 1532 1558 ὁλόκληρον,
1563 1487 1659 1541 καὶ
1684 1470 1818 1559 ’ὑγιῆ
1864 1487 2031 1542 αὐτὸν

431 1577 827 1649 χαρισάμενος.
861 1578 1133 1651 Ἐπιτιμᾷ
1166 1597 1277 1634 σοι·
1309 1578 1544 1652 Κύριος,
1587 1578 1828 1646 διάϐολε,
1864 1583 1893 1635 6
1937 1581 2031 1636 τὸν

430 1670 688 1742 Λάζαρον
716 1670 783 1725 ἐκ
821 1671 1039 1743 νεκρῶν
1095 1673 1483 1746 τετραήμερον
1531 1674 1779 1743 ἄσηπτον
1817 1674 1895 1740 ὡς
1954 1675 2030 1748 μὴ

432 1761 689 1828 θανόντα,
727 1762 824 1817 καὶ
868 1762 1129 1829 ἄσπιλον,
1184 1766 1268 1829 είς
1324 1764 1593 1837 ἔκπληξιν
1651 1766 1764 1820 τῶν
1816 1766 2031 1821 πολλῶν

431 1857 821 1927 παραστήσας.
889 1856 1156 1929 Ἐπιτιμᾷ
1188 1874 1273 1911 σοι
1316 1857 1546 1930 Κύριος,
1592 1858 1832 1925 διάϐολε,
1876 1860 1904 1913 6
1941 1858 2032 1914 διὰ

428 1949 525 2003 τοῦ
562 1949 910 2021 ραπίσματος
942 1949 1042 2021 τὴν
1069 1950 1320 2023 κατάραν
1363 1953 1749 2024 καταργήσας,
1794 1952 1891 2006 καὶ
1936 1952 2027 2006 διὰ

427 2043 530 2115 τῆς
558 2043 765 2115 λόγχης
826 2043 930 2114 τῆς
980 2044 1256 2117 ἀχράντου
1308 2044 1555 2117 πλευρᾶς
1587 2045 1755 2099 αὐτοῦ
1786 2045 1888 2119 τήν
1935 2045 2026 2100 τὸν

428 2136 765 2210 παράδεισον
815 2136 1200 2207 φυλάττουσαν
1251 2138 1517 2210 φλογενην
1568 2138 1852 2213 ῥομφαίαν
1891 2141 2027 2195 ἀνα-

429 2228 671 2293 στείλας.
714 2229 983 2302 Ἑπιτιμᾷ
1031 2247 1114 2285 σοι
1168 2230 1398 2304 Κύριος,
1429 2232 1672 2299 διάϐολε,
1722 2234 1750 2288 6
1791 2233 1880 2289 διά
1929 2232 2025 2287 τοῦ

426 2321 827 2393 ἐμπτύσματος
878 2322 976 2378 τοῦ
1036 2325 1224 2397 τιμίου
1278 2326 1449 2380 αὑτοῦ
1517 2328 1870 2401 χαρακτῆρος
1917 2328 2028 2383 πᾶν

427 2412 668 2484 δάκρυον
702 2413 767 2465 ἐκ
822 2413 1029 2479 παντὸς
1068 2413 1371 2486 προσώπου
1421 2416 1694 2489 ἐκμάξας.
1758 2417 2030 2490 Ἐπιτιμᾷ

431 2519 514 2555 σοι
545 2501 773 2575 Κύριος,
796 2502 1037 2568 διάϐολε,
1067 2506 1096 2558 6
1127 2505 1308 2577 πήξας
1340 2504 1432 2559 τὸν
1460 2506 1697 2579 σταυρὸν
1724 2506 1806 2570 εἰς
1836 2505 2027 2577 στήρι-

428 2611 548 2666 γμα
600 2593 660 2648 ἓν
692 2595 788 2649 καὶ
821 2596 1101 2668 σωτηρίαν
1151 2598 1384 2669 κόσμου,
1448 2600 1530 2662 εἰς
1591 2598 1802 2652 πτῶσιν
1835 2599 2028 2671 δὲ’σὴν

429 2687 524 2740 καὶ
582 2686 803 2741 πάντων
851 2686 964 2741 τῶν
1023 2687 1130 2740 ὑπὸ
1188 2688 1249 2741 σὲ
1295 2689 1569 2759 ἀγγέλων.
1621 2689 1892 2762 Ἐπιτιμᾷ
1946 2707 2029 2744 σοι

432 2781 663 2852 Κύριος,
694 2780 937 2849 διάϐολε,
962 2782 991 2835 6
1017 2781 1142 2846 δοὺς
1174 2784 1361 2854 φωνὴν
1393 2785 1453 2837 ὲν
1485 2783 1566 2854 τῷ
1597 2784 1819 2856 σταυρῷ
1839 2783 2027 2850 αὑτοῦ,

430 2875 528 2928 καὶ
546 2874 609 2927 τὸ
632 2875 1043 2945 καταπέτασμα
1060 2873 1156 2929 τοῦ
1183 2873 1314 2928 ναοῦ
1345 2874 1604 2948 ἐσχίσθη,
1627 2877 1721 2929 καὶ
1739 2876 1798 2929 αἱ
1823 2874 2030 2948 πέτραι

430 2965 826 3039 διερῤάγησαν,
878 2968 975 3022 καὶ
1033 2967 1103 3021 τὰ
1158 2969 1406 3039 μνημεῖα
1435 2968 1818 3041 ἠνεῴχθησαν,
1846 2968 1943 3023 καὶ⁹
1977 2968 2026 3021 οἱ

433 3060 533 3114 ἀπ’
571 3059 767 3125 αἰῶνος
795 3060 1056 3126 θανόντες
1089 3062 1424 3133 ἀνέστησαν.
1477 3062 1747 3134 Ἐπιτιμᾷ
1787 3079 1871 3117 σοι
1910 3060 2031 3116 Κύ-

436 3170 575 3227 ριος,
607 3153 849 3224 διάϐολε,
882 3154 912 3207 6
968 3155 1198 3227 Θανάτῳ
1247 3155 1487 3211 θάνατον
1521 3156 1869 3224 θανατώσας,
1935 3156 2032 3212 καὶ

433 3244 583 3317 ζωὴν
606 3247 674 3318 τῇ
705 3246 926 3320 ἐγέρσει
955 3245 1126 3301 αὐτοῦ
1146 3248 1262 3311 τοῖς
1283 3247 1600 3321 ἀνθρώποις
1629 3250 2029 3321 χαρισάμενος.
2061 3288 2104 3347 C

445 3339 807 3410 Ἐπιτιμήσαι
835 3357 919 3393 σοι
946 3339 1178 3411 Κύριος,
1213 3339 1460 3405 διάϐολε,
1487 3343 1517 3395 6
1551 3341 1803 3405 καταϐὰς
1834 3342 1918 3406 είς
1942 3341 2034 3396 τὸν

429 3429 595 3502 ᾅδην,
636 3429 731 3483 καὶ
764 3430 833 3483 τὰ
867 3432 1112 3500 μνημεῖα
1145 3429 1313 3483 αὐτοϋ
1346 3430 1664 3497 ὲκτινάξας,
1693 3442 1789 3487 και
1822 3446 2036 3498 πάντας

432 3521 563 3585 τοὺς
581 3522 639 3574 ἐν
679 3521 829 3591 αὐτῷ
859 3520 1267 3593 κατεχομένους
1313 3522 1574 3593 δεσμίους
1625 3524 2032 3597 ἐλευθερώσας,

435 3618 534 3670 καὶ
581 3617 719 3688 πρὸς
751 3617 947 3671 ἐαυτὸν
979 3618 1504 3690 ἀνακαλεσάμενος·
1573 3618 1635 3674 ὃν
1687 3621 1739 3673 οἱ
1791 3621 2039 3694 πυλωροὶ

440 3707 668 3774 ἰδόντες,
710 3707 960 3779 ἔφριξαν,
997 3710 1092 3762 καὶ⁵
1135 3709 1350 3781 ἀγωνία
1402 3710 1500 3763 τοῦ
1556 3710 1685 3784 ᾅδου
1736 3711 2038 3785 κρυϐέντες

437 3800 705 3866 ἐξέλιπον.
771 3801 1140 3873 Ἐπιτιμήσαι
1184 3819 1266 3855 σοι
1314 3801 1546 3875 Κύριος,
1598 3803 1847 3870 διάϐολε,
1900 3806 1929 3860 6
1966 3807 2034 3860 ὲκ

437 3893 651 3966 νεκρῶν
685 3892 930 3957 ἀναστὰς
955 3894 1195 3966 Χριστὸς
1226 3894 1255 3946 ὁ
1281 3894 1415 3959 Θεὸς
1439 3893 1598 3966 ἡμῶν
1627 3896 1723 3950 καὶ
1766 3899 1904 3950 πᾶσι
1939 3896 2037 3969 τὴν

438 3986 742 4041 ἀνάστασιν
768 3985 939 4040 αὐτοῦ
961 3988 1360 4059 χαρισάμενος.
1390 3986 1760 4061 Ἐπιτιμήσαι
1788 4008 1874 4044 σοι
1920 3990 2038 4044 Κύ-

443 4098 578 4154 ριος,
609 4079 853 4145 διάϐολε,
884 4082 913 4134 6
944 4081 1027 4145 είς
1078 4081 1350 4152 οὐρανοὺς
1407 4082 1467 4135 ἐν
1502 4082 1632 4154 δόξῃ
1695 4084 2037 4156 ἀναληφθεὶς

442 4176 582 4248 πρὸς
608 4174 701 4228 τὸν
743 4173 970 4246 Πατέρα
992 4174 1184 4240 αὐτοῦ,
1216 4176 1314 4229 καὶ
1342 4175 1409 4229 ἐκ
1428 4174 1625 4243 δεξιῶν
1653 4179 1758 4248 τῆς
1791 4177 2041 4249 μεγαλω-

442 4269 610 4340 σύνης
635 4268 728 4322 ἐπὶ
756 4267 949 4342 θρόνου
980 4266 1140 4339 δόξης
1171 4266 1508 4339 καθήμενος.
1554 4269 1924 4342 Ἐπιτιμήσαι
1954 4287 2039 4325 σοι

440 4361 672 4434 Κύριος,
693 4360 932 4425 διάϐολε,
959 4361 988 4414 6
1016 4360 1181 4415 πάλιν
1220 4360 1519 4432 ἐρχόμενος
1547 4361 1689 4434 μετά
1729 4363 1888 4436 δόξης
1943 4365 2040 4418 ἐπὶ

440 4454 554 4508 τῶν
578 4454 822 4524 νεφελῶν
851 4453 946 4507 τοῦ
995 4452 1260 4525 οὐρανοῦ,
1290 4453 1434 4525 μετά
1483 4453 1596 4508 τῶν
1635 4455 1813 4524 ἁγίων
1869 4457 2041 4526 ἀγγέ-

441 4548 551 4602 λων
578 4545 770 4613 αὑτοῦ,
798 4548 987 4618 κρῖναι
1013 4545 1226 4611 ζῶντας
1259 4546 1355 4601 καὶ
1391 4546 1645 4617 νεκρούς.
1672 4548 2039 4620 Ἐπιτιμήσαι

1594 441 1993 500 DRATIDNES
2038 437 2171 497 PRO
2218 437 2563 494 OBSESSIS.

436 554 630 627 κόσμῳ
658 554 753 609 τοῦ
814 555 989 610 σῶσαι
1024 556 1212 622 αὐτὸν,
1270 559 1365 611 καὶ
1395 560 1459 628 τῇ
1513 558 1810 629 αὑθεντικῇ
1864 554 2030 610 αὐτοῦ
2064 562 2108 612 Α
2139 551 2310 615 Tum.
2350 553 2646 606 οὒηηιτεεσε
2687 591 2702 615 ν

3596 426 3733 495 tunc

2769 560 2822 607 et
2847 551 2964 621 eius
3012 551 3169 621 jussu
3231 553 3517 609 confestim
3572 559 3729 626 quie-
3790 605 3794 610 .

2139 644 2232 699 vit.
2274 643 2521 716 Increpat
2551 656 2604 700 te
2636 646 2924 712 Dominus,
2958 646 3195 712 diabole,
3220 648 3313 717 qui
3345 647 3554 703 illibata
3615 649 3732 703 luto

2135 752 2166 791 e
2204 746 2361 808 sputo
2388 738 2659 805 confecto,
2695 739 2957 795 deﬁciens
2999 756 3028 795 a
3074 740 3369 795 nativitate
3419 740 3729 798 membrum

2135 846 2282 885 caeco
2335 832 2615 897 restituit,
2668 834 2959 903 lumenque
3010 834 3193 889 videre
3236 835 3476 889 donavit.
3546 833 3732 889 lucrm

2136 933 2228 993 pat
2263 933 2316 979 te
2353 924 2637 992 Dominus,
2669 926 2907 992 diabole,
2961 926 3052 997 qui
3086 927 3252 981 verbo
3292 943 3391 982 suo
3447 928 3735 999 arcltisyn-

2135 1016 2293 1085 agogi
2331 1015 2496 1070 ﬁliam
2512 1018 2691 1070 vivam
2723 1017 2873 1084 fecit,
2906 1027 2959 1073 et
2982 1017 3157 1072 vidua:
3190 1019 3360 1072 illium
3386 1020 3582 1075 mortis
3612 1019 3734 1075 lau-

2136 1107 2290 1163 cibus
2319 1118 2588 1177 ercptum,
2615 1112 2851 1179 propria:
2902 1111 3062 1165 matri
3102 1110 3435 1166 incolumem
3488 1114 3736 1168 salvum-

2137 1217 2243 1271 quc
2304 1203 2566 1259 restituit.
2624 1204 2872 1273 Increpat
2913 1213 2964 1259 te
3015 1202 3308 1272 Dominus,
3361 1204 3596 1271 diabole,
3639 1209 3732 1273 qui

2137 1294 2559 1362 quatridnanum
2614 1311 2645 1351 e
2706 1286 2934 1351 mortuis
2991 1296 3263 1351 Lazarum
3327 1298 3729 1369 incorruptum,

2136 1386 2284 1442 velut
2345 1403 2455 1443 non
2536 1399 2843 1455 mortuum,
2902 1398 2956 1445 et
3014 1391 3320 1446 intabidum
3369 1392 3436 1445 ad
3483 1394 3729 1447 omnium

2134 1490 2412 1552 stuporem
2443 1485 2723 1539 excitavit.
2762 1484 3016 1556 Increpat
3070 1496 3123 1540 te
3173 1486 3458 1553 Dominus,
3494 1487 3730 1551 diabole,

2136 1575 2227 1645 qui
2277 1591 2374 1644 per
2428 1586 2740 1644 susceptam
2804 1594 2928 1633 ase
2983 1579 3233 1648 alapam,
3296 1580 3732 1636 maledictionem

2137 1677 2379 1722 nostram
2436 1669 2647 1724 irritam
2702 1670 2830 1726 fecit
2868 1688 2882 1736 ;
2927 1680 2980 1726 et
3021 1686 3119 1742 per
3159 1672 3351 1727 illibati
3407 1673 3597 1729 lateris
3649 1674 3734 1727 sui

2135 1760 2333 1814 vulnus
2366 1760 2675 1818 ﬂammeum
2704 1764 2943 1835 gladium
2973 1767 3209 1835 paradisi
3238 1767 3445 1822 aditmu
3470 1769 3736 1824 obseran-

2137 1861 2244 1906 tem
2278 1854 2562 1909 exstinxit.
2591 1855 2844 1928 Increpat
2876 1868 2926 1914 te
2959 1859 3247 1927 Dominus,
3272 1860 3509 1927 diabole,
3528 1861 3618 1931 qui
3638 1875 3739 1930 per

2063 1917 2105 1972 Β
2135 1940 2372 1997 divinam
2413 1943 2596 1999 vultus
2649 1917 2765 1999 sui'
2791 1944 3021 2000 formam
3083 1948 3260 2017 sputis
3308 1917 3570 2004 foedatam
3595 1989 3612 2017 ,
3640 1917 3736 2003 lla--

2135 2048 2378 2107 crymam
2433 2052 2653 2093 onmem
2712 2040 2783 2095 ab
2827 2040 3075 2095 omnium
3116 2042 3266 2096 vultu
3309 2043 3592 2099 abstersit.
3644 2042 3736 2097 In-

2136 2140 2324 2200 crepat
2358 2140 2411 2187 te
2444 2130 2737 2199 Dominus,
2769 2133 3003 2203 diabole,
3037 2135 3133 2206 qui
3165 2151 3385 2193 crucem
3419 2137 3475 2193 in
3514 2139 3733 2195 unicum

2138 2225 2417 2281 munimen
2446 2235 2503 2284 et
2538 2228 2724 2282 mundi
2748 2229 3002 2296 salutem,
3040 2229 3096 2284 in
3152 2230 3368 2285 ruinam
3403 2247 3534 2288 vero
3585 2242 3734 2289 tuam

2135 2326 2191 2374 et
2218 2320 2461 2375 omnium
2509 2320 2604 2376 tibi
2651 2321 2996 2377 subditorum
3036 2325 3355 2396 angelorum
3392 2327 3599 2382 delixit.
3647 2328 3738 2384 ln-

2137 2422 2326 2482 crepat
2355 2422 2407 2468 te
2459 2413 2754 2480 Dominus,
2801 2413 3039 2479 diabole,
3068 2430 3179 2485 quo
3230 2417 3284 2471 in
3333 2432 3496 2473 cruce
3544 2435 3733 2475 vocem

2137 2500 2418 2569 ell'erente,
2452 2503 2628 2558 velum
2668 2503 2852 2575 templi
2900 2505 3131 2561 scissum
3169 2514 3275 2572 est,
3309 2517 3481 2579 petrae
3509 2510 3735 2566 confra-

2138 2606 2261 2661 ciae,
2297 2605 2651 2651 monumenta
2683 2612 2902 2669 quoque
2941 2608 3132 2669 aperta
3181 2609 3331 2669 sunt,
3372 2611 3428 2656 et
3467 2605 3666 2657 mortui
3704 2621 3737 2658 a

2139 2688 2343 2744 saeculo
2361 2699 2812 2745 exsurrexerunt.
2843 2690 3093 2761 Increpat
3116 2701 3169 2748 te
3197 2693 3478 2764 Dominus,
3500 2694 3735 2763 diabule,

2137 2783 2230 2853 qui
2274 2792 2450 2837 morte
2501 2795 2735 2839 mortem
2790 2787 3044 2851 necavit,
3075 2795 3132 2842 et
3176 2791 3582 2846 resurrectione
3638 2806 3736 2846 sua

2138 2876 2307 2930 vitam
2336 2876 2655 2931 hominibus
2695 2876 2926 2948 largitus
2949 2887 3052 2933 est.
3082 2879 3334 2950 lncrepet
3365 2888 3417 2936 te
3449 2881 3735 2950 Dominus,

2139 2966 2377 3032 diabole,
2396 2967 2510 3038 qui,
2546 2970 2832 3023 concussis
2854 2970 3249 3035 monumentis,
3270 2971 3324 3025 in
3351 2971 3622 3028 infernum
3642 2976 3740 3029 dc-

2138 3059 2425 3126 scendens,
2438 3074 2629 3115 omnes
2645 3059 2699 3115 in
2716 3075 2781 3115 co
2799 3062 3045 3132 captivos
3056 3064 3122 3118 ad
3141 3079 3200 3120 se
3219 3074 3424 3120 tractos
3440 3069 3739 3133 revocavit,

2142 3168 2251 3224 quo
2297 3152 2437 3222 viso,
2465 3153 2738 3223 janitores
2771 3154 2970 3211 inferni
3001 3156 3203 3211 turbati
3241 3167 3390 3224 sunt,
3425 3160 3558 3214 etin
3603 3161 3741 3216 imas

2146 3246 2408 3302 tenebras
2446 3247 2684 3313 detrusi,
2712 3262 2826 3316 prae
2865 3248 3226 3317 trepidatione
3257 3250 3546 3306 stationem
3585 3268 3739 3307 suam

2139 3340 2564 3409 dcreliquerunt.
2582 3338 2832 3410 lncrepet
2859 3349 2912 3394 te
2938 3340 3221 3406 Dominus,
3253 3341 3485 3408 diabole,
3506 3358 3536 3396 a
3567 3356 3741 3400 morte

2140 3446 2435 3503 resurgens
2446 3433 2697 3487 Christus
2710 3430 2853 3488 Dens
2867 3443 3077 3499 noster,
3092 3434 3306 3489 cunctis
3321 3437 3740 3493 resurreCtionis

2138 3525 2484 3595 privilegium
2521 3525 2773 3594 largitus.
2810 3524 3060 3595 lncrepet
3088 3534 3140 3581 te
3180 3527 3468 3595 Dominus,
3497 3528 3738 3596 diabole,

2139 3620 2230 3692 qui
2261 3622 2328 3675 a-l
2359 3620 2576 3675 Patrem
2606 3636 2729 3675 cum
2762 3620 2933 3691 gloria
2976 3623 3029 3675 in
3065 3621 3238 3677 coelos
3271 3622 3542 3688 ascendit,
3578 3631 3634 3678 et
3682 3623 3737 3677 in

2140 3712 2366 3766 dextera
2398 3709 2703 3779 majestalis
2736 3712 2787 3765 in
2812 3715 3011 3766 throno
3035 3712 3222 3782 gloria:
3257 3712 3432 3771 sedet.
3484 3711 3734 3784 lncrepet

2143 3810 2196 3857 te
2226 3802 2509 3868 Dominus,
2551 3802 2791 3868 diabole,
2827 3819 3016 3858 rursus
3041 3819 3162 3859 cum
3194 3803 3366 3875 gloria
3411 3805 3465 3860 in
3499 3806 3736 3862 nubibus

2141 3894 2289 3960 caeli,
2316 3910 2439 3949 cum
2470 3895 2679 3951 sanctis
2705 3897 2914 3966 angelis
2936 3896 3048 3950 suis
3074 3897 3230 3952 vivos
3270 3905 3326 3952 et
3370 3906 3615 3954 mortuos
3641 3900 3735 3970 ju-

2144 3987 2448 4042 dicaturus.
2482 3986 2731 4057 lncrepet
2762 3998 2815 4044 te
2864 3988 3150 4055 Dominus,
3184 3990 3421 4057 diabole,
3454 3991 3548 4062 qui
3579 3993 3738 4047 inex--

2143 4078 2513 4149 Stinguibilem
2543 4078 2746 4148 ignem,
2774 4087 2831 4134 et
2873 4077 3173 4148 insopitum
3202 4094 3465 4149 vermem,
3499 4092 3555 4136 et
3587 4092 3739 4137 tene-

2142 4170 2273 4226 bras
2296 4171 2619 4235 exteriores,
2650 4171 2702 4224 in
2741 4179 3004 4225 :etcrnam
3038 4171 3446 4226 danmatiouem
3475 4173 3570 4228 tibi
3597 4190 3737 4244 prte-

2140 4264 2377 4334 paravit.
2413 4261 2663 4334 lncrepet
2690 4273 2742 4318 te
2774 4263 3059 4331 Dominus,
3089 4263 3329 4328 diabole,
3358 4280 3386 4319 a
3426 4264 3586 4333 cujus
3622 4269 3739 4321 vir-

2144 4359 2276 4414 tutis
2313 4357 2455 4414 facie
2502 4367 2700 4413 cuncta
2741 4366 2985 4413 tremunt
3038 4367 3095 4413 et
3132 4368 3546 4428 expavescunt,
3602 4362 3729 4430 quia

2144 4450 2520 4507 intolerandus
2559 4458 2644 4505 est
2682 4449 2972 4505 adversum
3011 4459 3064 4506 te
3093 4450 3582 4506 comminationum
3615 4454 3736 4524 ejus

2144 4543 2318 4600 furor.
2368 4543 2487 4615 Ipse
2514 4541 2777 4598 Dominus
2812 4550 2865 4598 te
2915 4543 3185 4612 increpat,
3227 4542 3466 4611 diabole,
3500 4560 3598 4616 per
3628 4555 3735 4600 tre-

444 4657 528 4694 σοι
559 4638 787 4711 Κύριος,
810 4638 1047 4704 διάϐολε,
1071 4641 1100 4692 6
1132 4638 1194 4693 τὺ
1217 4637 1333 4712 πῦρ
1352 4638 1415 4695 τὸ
1444 4638 1735 4707 ἄσϐεστον,
1773 4641 1872 4695 καὶ
1894 4641 2035 4695 σκώ-

2146 4637 2400 4692 mendum
2448 4649 2653 4690 nomen
2694 4651 2852 4690 suum
2886 4653 2900 4689 :
2933 4633 3124 4702 freme,
3172 4644 3369 4702 treme,
3407 4651 3733 4707 exparesee,

442 4732 588 4805 ληκα
609 4732 702 4785 τὸν
719 4731 1047 4802 ἀκοίμητον,
1068 4733 1164 4785 καὶ
1190 4731 1389 4797 σκότος
1417 4734 1479 4786 τὸ
1512 4732 1784 4806 ἐξώτερον
1814 4736 2040 4807 ἐτοιμά·

447 4841 550 4889 σας
598 4841 682 4879 σοι
752 4823 835 4888 εἰς
898 4823 1121 4878 αἰώνιον
1177 4825 1428 4880 κόλασιν.
1508 4827 1874 4899 Ἐπιτιμήσαι
1956 4846 2040 4882 σοι

446 4916 938 4989 Κύριος,διάϐολε,
962 4916 1022 4970 ὃν
1062 4917 1244 4972 πάντα
1289 4916 1514 4990 φρίσσει
1553 4922 1649 4974 καὶ
1687 4922 1886 4992 τρέμει
1932 4921 2042 4976 ἀπὸ

446 5009 746 5082 προσώπου
769 5010 1056 5083 δυνάμεως
1074 5009 1243 5065 αὑτοῦ
1265 5051 1280 5077 ,
1315 5012 1398 5064 ὃτι
1425 5010 1744 5085 ἄστεκτοςή
1769 5013 1910 5087 ὀργὴ
1940 5014 2041 5086 τῆς

447 5105 541 5158 ἐπὶ
569 5106 630 5159 σὲ
653 5105 887 5178 ἀπειλῆς
937 5103 1128 5159 αὑτοῦ.
1169 5104 1348 5170 Αὐτὸς
1382 5106 1616 5178 ἐπιτιμᾷ
1660 5124 1745 5160 σοι
1802 5106 2036 5179 Κύριος,

443 5198 683 5263 διάϐολε,
715 5198 805 5253 διὰ
832 5198 926 5253 τοῦ
954 5198 1195 5271 φοϐεροῦ
1227 5197 1399 5252 αὑτοῦ
1450 5197 1724 5270 ὀνόματος
1750 5214 1765 5230 ·
1819 5200 2038 5272 φρίξον,

443 5291 739 5364 τρόμαξον,
791 5291 1103 5363 φοϐήθητι,
1152 5289 1537 5363 ἀναχώρησον,
1584 5290 2039 5365 ὲξολοθρεύθητι,

445 5383 821 5456 φυγαδεύθητι
851 5385 880 5438 6
911 5383 1096 5439 πεσὼν
1124 5383 1444 5456 οὐρανόθεν,
1487 5385 1585 5438 καὶ
1619 5385 1716 5439 σὺν
1743 5384 1827 5439 σοὶ
1859 5386 2044 5441 πάντα

442 5477 512 5531 τὰ
532 5475 749 5546 πονηρά
771 5474 1088 5547 πνεύματα,
1118 5477 1229 5529 πᾶν
1256 5474 1480 5546 πνεῦμα
1506 5474 1770 5546 πονηρὸν,
1814 5476 2043 5547 πνεῦμα

445 5568 762 5638 ἀσελγείας,
812 5569 1034 5640 πνεῦμα
1084 5568 1376 5640 πονηρίας,
1432 5566 1656 5637 πνεῦμα
1719 5569 2046 5639 νυκτερινὸν

443 5664 542 5718 καὶ
598 5661 900 5733 ἡμερινὸν,
967 5660 1348 5732 μεσημϐρινὸν
1423 5677 1484 5714 τε
1549 5661 1647 5713 καὶ
1708 5660 2040 5732 ἑσπερινόν·

447 5757 670 5829 πνεῦμα
703 5753 1121 5829 μεσονυκτικδν,
1148 5751 1373 5824 πνεῦμα
1392 5751 1791 5822 φανταστικὸν,
1816 5750 2044 5823 πνεῦμα

446 5851 790 5918 συναντικδν,
837 5848 948 5903 εἴτε
1004 5850 1290 5920 χερσαῖον,
1347 5846 1460 5900 εἴτε
1514 5845 1762 5916 ἔνυδρον,
1814 5845 1924 5899 εἴτε
1985 5847 2044 5899 ἐν

449 5946 656 6012 ἄλσοις,
687 5942 798 5999 εἴτε
827 5944 883 5998 ἐν
907 5941 1203 6014 καλάμοις,
1232 5938 1341 5994 εἴτε
1372 5940 1429 5993 ἐν
1482 5937 1777 6011 φάραγξιν,
1819 5935 1930 5991 εἴτε
1983 5938 2042 5990 ἐν

2144 4728 2386 4793 discede,
2415 4729 2730 4799 disperdere
2750 4768 2766 4795 ,
2799 4726 3039 4798 eﬂ’ugare
3062 4768 3077 4794 ,
3109 4728 3198 4798 qui
3232 4743 3263 4783 e
3286 4729 3425 4785 ctelo
3454 4731 3734 4798 decidisti,

2145 4827 2434 4890 tecumque
2463 4819 2683 4890 maligni
2717 4819 2898 4873 cuncti
2930 4819 3160 4890 Spiritus
3194 4837 3208 4874 :
3246 4821 3474 4889 spiritus
3505 4821 3734 4891 impuri-

2146 4913 2296 4979 tatis,
2331 4914 2564 4984 spiritus
2618 4912 2894 4984 nequitiae,
2948 4913 3172 4983 spiritus
3227 4923 3549 4980 nocturnus,
3582 4915 3736 4970 diur-

2146 5020 2285 5074 nus,
2336 5006 2670 5061 meridianus
2720 5015 2778 5061 et
2848 5006 3226 5076 vespertinus,
3280 5006 3505 5076 spiritus
3545 4996 3738 5064 media:

2145 5096 2345 5161 noctis,
2391 5097 2617 5165 spiritus
2652 5097 2874 5165 spectri,
2914 5097 3140 5167 Spiritus
3176 5109 3474 5153 occurrens
3500 5099 3737 5167 quicun-

2144 5204 2272 5260 que,
2303 5190 2418 5244 sive
2453 5199 2724 5256 terrenus,
2753 5191 2870 5246 sive
2898 5190 3175 5260 aquatilis,
3211 5189 3329 5246 sive
3374 5190 3428 5245 in
3480 5191 3735 5257 saltibus,

2141 5281 2257 5335 sive
2313 5279 2367 5334 in
2417 5279 2663 5344 calamis,
2706 5280 2821 5335 sive
2856 5280 2909 5333 in
2943 5281 3299 5350 convallibus,
3321 5281 3437 5336 sive
3482 5284 3536 5336 in
3577 5282 3739 5339 biviis

2145 5383 2201 5430 et
2234 5374 2430 5437 triviis,
2463 5373 2516 5428 in
2549 5374 2798 5441 lacubus,
2822 5373 2874 5428 in
2896 5373 3106 5443 ﬂuviis,
3133 5376 3184 5428 in
3224 5376 3497 5444 domibus,
3528 5376 3581 5431 iu
3618 5377 3739 5434 bal-

2147 5469 2265 5524 neis
2295 5469 2487 5525 solitus
2516 5469 2850 5533 discurrere,
2886 5477 2948 5521 ut
2977 5468 3253 5525 hominem
3285 5469 3465 5538 laedat,
3500 5479 3558 5525 et
3587 5487 3741 5529 mcu-

2149 5570 2257 5616 tem
2286 5562 2407 5632 ejus
2433 5563 2735 5632 perturbet.
2769 5558 2891 5616 Uno
2917 5563 3087 5616 verbo
3126 5564 3194 5617 ab
3227 5563 3446 5632 opiﬁcio
3474 5566 3740 5621 creatoris

2148 5656 2352 5712 Christi
2398 5656 2493 5711 Dei
2525 5656 2696 5710 nostri
2723 5654 3009 5720 discedite,
3055 5672 3084 5710 a
3122 5672 3284 5712 servo
3331 5657 3428 5714 Dei
3465 5661 3636 5715 nostri
3667 5659 3734 5714 N.

2148 5748 2501 5819 separemini,
2542 5764 2572 5801 a
2624 5757 2825 5814 mente,
2858 5748 2927 5801 ab
2964 5747 3175 5815 anima,
3225 5765 3255 5803 a
3301 5751 3488 5817 corde,
3519 5767 3550 5805 a
3590 5754 3738 5807 reni-

2149 5844 2272 5910 bus,
2306 5842 2645 5909 asensibus,
2695 5841 2766 5896 ab
2815 5844 3069 5899 omnibus
3133 5844 3418 5912 membris,
3451 5854 3509 5899 ut
3557 5846 3740 5901 salvus

2151 5937 2244 6004 sit,
2277 5945 2330 5992 et
2365 5935 2678 6005 incolumis,
2711 5944 2763 5991 et
2800 5936 2977 6001 liber;
3010 5937 3400 6010 propriumque
3452 5937 3742 5996 Dominum
