4138 6458
398 410 535 469 1067
1187 395 1754 456 SUPPLEMENTUM
1792 395 1885 451 AD
1919 395 1973 449 S.
2008 396 2057 451 J.
2101 391 2592 450 CIIRYSOSTOMI
2633 393 2889 453 OPERA.
3544 402 3684 456 1068

395 538 451 581 ct
481 521 825 581 conditorem
860 517 1107 575 omnium
1143 516 1335 581 Deum,
1367 514 1459 585 qui
1495 522 1744 569 errantes
1794 512 1860 566 ad
1919 526 1980 567 se
2010 522 2029 577 Α

2044 510 2278 576 ιδιόόοις
2327 512 2426 565 καὶ
2472 511 2729 579 τριόδοις,
2768 515 2827 566 ὲν
2868 512 3112 584 λίμναις,
3150 513 3247 567 καὶ
3284 515 3342 568 ὲν
3389 523 3678 588 ποταμοῖς,

398 624 616 672 revocat
642 623 698 669 et
728 611 974 682 colligit,
996 609 1188 678 eisque
1226 606 1417 662 salutis
1443 606 1660 674 signum
1687 619 1783 674 per
1817 618 1978 675 rege-

2083 608 2142 662 ὲν
2171 607 2365 670 οἴκοις,
2387 607 2447 660 ὲν
2480 603 2698 672 αὐλαῖς,
2734 606 2830 659 καὶ
2870 607 2929 660 ἐν
2965 604 3276 677 βαλανείοις
3327 611 3682 682 παρατρέχων

398 708 736 765 uerationem
772 714 824 759 et
861 703 1267 759 renovatiouem
1305 699 1479 755 sancti
1513 696 1856 767 baptismatis
1882 697 1982 752 itn-

2083 698 2180 753 καὶ
2221 696 2482 769 βλάπτον,
2514 698 2609 751 καὶ
2639 697 2888 752 ἀλλοιοῦν
2917 697 3011 753 τὸν
3053 696 3181 752 νοῦν
3224 699 3320 753 τοῦ
3365 700 3681 772 ἀνθρώπου.

397 801 634 872 pertitur
654 839 670 867 ,
701 805 962 869 agnoscat
992 813 1005 851 :
1038 800 1094 850 et
1129 792 1381 858 illibatis,
1412 788 1753 855 caelestibus,
1789 799 1845 845 et
1876 798 1983 844 tre-

2084 791 2378 862 Συντόμως
2434 792 2835 861 ἀναχωρήσατε
2887 791 3000 845 ἀπὸ
3040 791 3138 845 τοῦ
3196 791 3526 865 πλάσματος
3586 794 3681 849 τοῦ

399 892 613 947 mendis
666 889 783 961 ejus
842 887 1116 958 mysteriis
1173 884 1367 954 dignus
1425 882 1539 949 ﬁat,
1579 895 1821 951 veroque
1867 881 1985 952 ejus

2085 882 2437 957 δημιουργοῦ
2474 884 2720 956 Χριστοῦ
2759 885 2858 939 τοῦ
2889 885 3028 939 Θεοῦ
3058 885 3239 957 ἡμῶν,
3286 887 3385 942 καὶ
3435 888 3683 945 ἀπαλλά-

399 981 527 1037 ovili
574 981 629 1035 in
653 979 925 1049 refrigerii
957 978 1097 1041 loco,
1131 991 1297 1044 super
1329 989 1502 1046 aquas
1533 974 1733 1046 quietis
1770 975 1984 1030 enutri-

2086 976 2255 1048 χθητε
2285 975 2396 1031 ἀπὸ
2442 975 2536 1033 τοῦ
2581 975 2775 1032 δούλου
2819 973 2918 1030 τοῦ
2948 976 3090 1030 Θεοῦ
3138 978 3317 1041 τοῦδε,
3373 980 3485 1033 ἀπὸ
3536 981 3679 1048 νοὸς,

403 1083 509 1137 tus,
534 1079 590 1126 et
616 1069 794 1126 crucis
842 1069 991 1139 virga
1047 1080 1239 1122 secure
1266 1063 1492 1135 pecudis
1524 1077 1676 1118 more
1717 1062 1983 1118 deductus

2090 1069 2201 1126 ἀπὺ
2230 1071 2331 1140 τῆς
2354 1068 2554 1140 ψυχῆς,
2584 1068 2694 1124 ἀπὸ
2722 1070 2820 1141 τῆς
2857 1068 3105 1140 καρδίας,
3156 1070 3265 1123 ἀπὸ
3291 1070 3403 1125 τῶν
3438 1072 3681 1144 νεφρῶν,

401 1163 644 1236 uitiatur,
679 1162 732 1216 in
758 1159 1132 1215 remissionem
1152 1142 1522 1226 peccatorum,
1551 1167 1607 1212 et
1631 1155 1801 1209 vitam
1825 1162 1988 1209 aeter-

2092 1159 2203 1229 ἁπδ
2231 1159 2340 1214 τῶν
2368 1159 2704 1231 αἰσθήσεων,
2736 1160 2848 1214 ἀπὸ
2888 1159 3111 1215 πάντων
3141 1160 3252 1213 τῶν
3298 1142 3524 1231 μελῶν,
3545 1142 3682 1236 πρὸς

404 1268 548 1307 nam.
573 1228 707 1319 Quia
743 1250 1001 1307 convenit
1024 1250 1074 1306 ei
1105 1249 1285 1305 onniis
1309 1248 1505 1321 gloria,
1536 1248 1737 1312 honor,
1769 1253 1824 1302 et
1854 1246 1987 1299 ado-

2093 1250 2155 1305 τδ
2183 1228 2672 1321 εἶναιαύτὺννῦγιῆ
2723 1250 2819 1305 καὶ
2867 1250 3188 1322 ὀλόκληρον,
3225 1228 3321 1306 καλ
3369 1228 3679 1328 ἐλεύθερον,

402 1344 562 1409 ratio,
590 1352 648 1399 et
677 1343 1104 1413 magniﬁcentia,
1129 1358 1254 1397 cum
1281 1339 1534 1411 principii
1582 1347 1808 1410 experte
1862 1338 1985 1408 ejus

2095 1340 2534 1410 ὲπιγινώσκοντα
2559 1342 2654 1398 τὸν
2684 1342 2818 1397 ἴδιον
2846 1342 3149 1413 Δεσπότην,
3196 1345 3292 1397 καὶ
3345 1344 3683 1420 δημιουργὸν

405 1433 601 1501 Patre,
661 1444 718 1490 et
772 1435 1153 1501 sanctissimo,
1188 1444 1243 1490 et
1279 1433 1451 1500 bono,
1507 1441 1563 1488 et
1615 1432 1835 1487 viviﬁco
1871 1429 1991 1501 ejus

2092 1434 2185 1489 τὸν
2218 1436 2479 1491 ἁπάντων
2511 1434 2669 1501 Θεὸν,
2712 1436 2807 1490 τὸν
2845 1437 3257 1506 ἑπισυνάγοντα
3300 1441 3427 1503 τοὺς
3467 1442 3682 1495 πεπλα-

404 1527 619 1597 Spiritu
653 1545 668 1583 :
703 1542 847 1585 nunc
878 1536 934 1583 et
962 1542 1201 1599 semper,
1236 1537 1289 1583 ct
1324 1527 1379 1582 in
1409 1525 1609 1583 sarcula
1644 1525 1988 1583 saeculorum.

2098 1527 2389 1599 νημένους,
2445 1528 2545 1583 καὶ
2593 1528 2807 1583 διδόντα
2857 1529 3045 1593 αὐτοῖς
3090 1531 3369 1601 σφραγιδα
3406 1534 3682 1606 σωτηρίας

401 1620 595 1675 Amen.
2100 1620 2189 1674 διὰ
2223 1622 2324 1692 τῆς
2358 1622 2671 1692 γεννήσεως
2694 1620 2792 1676 καὶ
2823 1621 3229 1687 ἀνακαινίσεως
3260 1623 3357 1677 τοῦ
3398 1624 3547 1680 Θείου
3585 1625 3684 1697 βα-

402 1712 733 1784 πτίσματος,
765 1714 846 1779 εἰς
867 1715 928 1770 τὸ
952 1715 1363 1787 καταξιωθῆναι
1394 1715 1557 1771 αὐτὸν
1589 1714 1699 1770 τῶν
1731 1715 2035 1787 ἀχράντων,
2075 1714 2173 1768 καὶ
2201 1714 2569 1788 ἐπουρανίων,
2599 1716 2695 1770 καὶ
2734 1716 2983 1789 φρικτῶν
3020 1714 3189 1770 αὐτοῦ
3222 1719 3563 1791 μυστηρίων,
3588 1722 3684 1774 καὶ

404 1810 676 1882 ἐνωθῆναι
700 1814 770 1886 τῇ
815 1813 983 1868 αὐτοῦ
1038 1814 1246 1888 ποίμνῃ
1291 1816 1360 1886 τῇ
1409 1814 1641 1888 ἀληθινῇ
1694 1816 1803 1893 Δείς
1849 1815 2018 1869 τόπον
2054 1815 2220 1888 χλόης
2286 1815 2767 1887 κατασκηνοῦντα,
2812 1817 2907 1871 καὶ
2945 1817 3042 1872 ἐπὶ
3079 1816 3274 1882 ὓδατος
3317 1815 3684 1879 ἀναπαύσεως

404 1903 836 1977 ἐκτρεφόμενον,
895 1906 991 1962 καὶ
1045 1907 1151 1962 ὑπὸ
1222 1908 1531 1982 βακτηρίας
1590 1908 1686 1963 τοῦ
1737 1908 1975 1982 σταυροῦ
2016 1910 2397 1982 ποιμαντικῶς
2435 1910 2535 1965 καὶ
2582 1909 2845 1979 ἀσφαλῶς
2891 1909 3281 1983 ὁδηγούμενον,
3340 1911 3423 1974 εἱς
3485 1907 3683 1978 ἄφεσιν

407 1993 698 2068 ἁμαρτιῶν
729 1999 827 2051 καὶ
856 1998 934 2061 είς
958 1997 1107 2071 ζωὴν
1130 1998 1373 2056 αἰώνιον.
1427 2000 1552 2055 Ὅτι
1595 2000 1747 2073 αὐτῷ
1781 2002 1983 2073 πρέπει
2021 2004 2173 2057 πᾶσα
2211 2002 2361 2070 δόξα,
2431 2002 2587 2075 τιμὴ,
2620 2002 2719 2058 καὶ
2780 2003 3176 2076 προσκύνησις,
3211 2002 3307 2057 καὶ
3338 2000 3683 2073 μεγαλοπρέ-

408 2104 562 2157 πεια,
585 2088 684 2143 σὺν
708 2088 788 2162 τῷ
817 2089 1042 2164 ἀνάρχῳ
1064 2093 1232 2149 αὑτοῦ
1257 2093 1458 2167 Πατρὶ,
1491 2093 1685 2166 καὶτῷ
1716 2096 1991 2168 παναγίῳ,
2035 2097 2130 2153 καὶ
2194 2095 2409 2169 ἀγαθῷ,
2437 2098 2534 2152 καὶ
2565 2094 2821 2169 ζωοποιῷ
2889 2095 3057 2152 αὑτοῦ
3098 2093 3381 2167 Πνεῦματι
3400 2109 3415 2124 °
3461 2092 3560 2150 νῦν
3588 2092 3684 2148 καὶ

407 2178 516 2248 ἀεὶ,
541 2180 637 2236 καὶ
662 2183 744 2248 είς
764 2182 890 2248 τοὺς
909 2185 1114 2252 αἰῶνας
1136 2186 1244 2242 τῶν
1275 2186 1508 2243 αἰώνων.
1546 2187 1741 2260 Ἀμήν.
