4138 6466
413 424 541 482 10⁷1

1335 431 1470 490 NlC.
1506 434 1782 494 PETREH
1823 439 2166 498 EPISTOLA
2205 443 2784 509 NENCUP.\TORIA.

3545 465 3680 521 1072

404 544 743 614 φιλοσέφων.
771 545 981 601 Prodiit
1015 556 1223 602 tantum
1259 548 1455 605 Latine
1485 552 1674 608 Venet.
1733 570 1779 609 a.
1821 556 1983 621 1552,
2016 557 2073 623 4,
2101 576 2168 616 ex
2205 564 2455 620 versione
2482 565 2595 621 Nic.
2627 567 2855 637 Petrcii,
2883 570 3181 643 Corcyra-ﬁ.
3218 576 3406 633 Cm“
3440 580 3676 640 habe,"

400 642 592 737 vlint—n—
609 640 1039 737 aliquoticsms.
1067 640 1375 737 -0xonii_in
1414 644 1543 699 bibl.
1592 644 1801 737 fiodlei.
1832 646 2025 703 erco
2065 652 2242 705 altero
2294 652 2426 708 bibl.
2460 653 2726 712 Caesarea)
2758 660 2946 715 codice
2981 640 3098 733 [19.
3145 661 3207 717 ν.
3266 664 3525 725 Lambec.
3580 669 3675 737 Vl,

400 746 451 798 p.
483 730 592 784 257
623 745 766 801 seq.,
790 740 844 786 ct
874 732 1045 785 altero
1067 732 1118 785 in
1143 733 1263 785 eod.
1298 731 1556 786 Laurent.
1589 733 1686 805 IL]
1719 747 1884 805 caput
1918 752 2063 791 xxxv
2099 739 2164 794 de
2192 741 2372 795 anima
2397 743 2683 813 quintuplo
2716 750 2888 815 majus
2925 730 3189 805 oc—currit.
3215 751 3384 808 Faue.

475 823 591 878 lluc
628 825 883 879 reducam
913 839 977 878 ex
1026 824 1133 877 vol.
1167 822 1233 877 1X
1287 835 1394 878 vet.
1433 826 1522 881 ed.
1569 837 1693 896 post
1731 828 1943 898 praefat.
2000 827 2237 887 Iudicem
2267 835 2607 900 scriptorum,
2633 838 2725 904 qui
2771 840 3009 894 citantur
3044 860 3077 896 a
3118 843 3330 899 Μειειὶα
3356 845 3412 897 in
3442 847 3577 905 libro
3611 849 3679 907 de

400 922 671 964 structura
702 911 930 965 hominis
953 926 983 965 a
1015 910 1265 966 Fabricio
1291 923 1679 970 concinnatum
1714 917 1777 970 ad
1805 918 2037 990 paginas
2058 922 2192 977 edit.
2236 923 2454 978 Venetre
2486 925 2645 990 1552,
2679 926 2735 981 4.

401 999 818 1068 Aristophanes,
855 1001 906 1053 in
939 999 1119 1068 Equit.
1152 999 1240 1053 80.

404 1092 743 1162 Aristoteles,
768 1092 857 1144 68.

404 1183 652 1245 Basilius,
683 1185 739 1246 2,
772 1183 827 1246 7,
862 1182 952 1248 2|,
990 1181 1081 1247 48,
1110 1182 1200 1246 57,
1236 1182 1324 1248 72,
1354 1183 1444 1239 77.

401 1272 791 1337 Callimachus,
824 1274 917 1339 65,
946 1273 1038 1339 85,
1072 1273 1163 1341 90,
1199 1274 1315 1328 157.

400 1367 845 1437 Chrysostomus,
872 1368 929 1422 2.

400 1460 657 1529 (Iyrillus,
689 1460 744 1516 2.

404 1554 779 1622 linipedocles,
818 1556 943 1612 112.

406 1645 695 1715 Epicurus,
726 1648 815 1704 67.

405 1739 667 1805 Galenus,
702 1741 753 1805 1,
784 1742 875 1807 08,
916 1744 1039 1809 100,
1081 1745 1206 1800 11⁸2.

358 1900 365 1907 .
402 1832 632 1903 Gregor.
658 1833 917 1891 Nazianz.
963 1837 1264 1909 theologus,
1307 1838 1396 1906 67,
1432 1840 1557 1907 111,
1595 1840 1721 1896 112.

2091 1011 2386 1077 Gregorius
2412 1013 2711 1083 Nyssenus,
2741 1015 2793 1078 2,
2827 1015 2916 1084 10,
2954 1017 3077 1084 lli,
3111 1019 3232 1079 140.

2094 1103 2268 1160 Grzcci
2304 1115 2597 1175 nugantur,
2634 1106 2719 1162 10.

2095 1195 2380 1261 Hesiodus,
2420 1198 2509 1262 59,
2537 1200 2625 1254 9|.

2098 1286 2379 1353 Ilomerns,
2437 1289 2492 1354 9,
2523 1290 2614 1355 20,
2672 1293 2767 1358 29,
2796 1294 2884 1360 51,
2927 1294 3017 1360 61,
3049 1296 3141 1363 63,
3183 1299 3273 1364 66,
3308 1300 3401 1366 72,
3441 1301 3537 1371 73,
3582 1302 3677 1369 74,

2166 1378 2257 1445 85,
2289 1379 2379 1446 88,
2434 1380 2524 1447 89,
2576 1383 2826 1453 95,106,
2884 1385 3007 1454 109,
3057 1390 3182 1456 110,
3213 1390 3339 1457 120,
3383 1392 3674 1462 121,127,

2164 1469 2289 1533 129,
2327 1471 2448 1526 156.
2486 1472 2676 1541 Poeta,
2706 1475 2796 1531 80.

2090 1560 2308 1631 Lycoph
2318 1577 2437 1629 ron,
2472 1564 2560 1619 85.

2097 1654 2363 1710 Pindarus
2391 1657 2441 1711 in
2474 1658 2862 1731 Dithyrambis.
2892 1663 2983 1719 86.

2097 1748 2269 1815 Plato,
2299 1750 2393 1815 25,
2431 1750 2523 1806 27.
2549 1751 2777 1818 Timaeo,
2811 1756 2901 1810 57.

2097 1839 2351 1897 Socrates
2376 1843 2444 1896 de
2470 1843 2709 1899 hominis
2749 1856 2940 1902 natura
2967 1849 3131 1919 (apud
3163 1853 3402 1922 Platon.)
3426 1856 3476 1910 1.
3500 1856 3671 1913 llanL.

477 1926 771 1993 Incertum,
828 1931 1146 1987 diversusne
1177 1934 1245 1988 ab
1298 1934 1401 1990 hoc
1453 1936 1522 1990 sit
1564 1934 1847 2001 Meletius,
1875 1936 1943 1991 ad
1988 1948 2149 2005 quem
2182 1934 2453 1990 Theodori
2510 1936 2741 1993 Studita:
2767 1941 3011 2008 epistola:
3045 1956 3342 2013 supersunt
3385 1948 3527 2002 inter
3560 1949 3676 2002 ine-

402 2016 546 2069 ditas
574 2015 696 2071 illas
726 2018 855 2082 277,
888 2035 1048 2089 quas,
1085 2020 1377 2078 Sirmondo
1425 2024 1565 2079 hami
1600 2025 1765 2089 visas,
1802 2035 1985 2079 servat
2029 2023 2201 2080 codex
2236 2023 2363 2079 bibl.
2403 2024 2798 2094 Seguierianm.
2841 2027 3009 2083 Fann.
3051 2029 3119 2089 V.
3158 2030 3459 2089 Montl'anc.
3525 2034 3669 2091 Bibl.

406 2099 629 2160 Cois/in.
668 2121 720 2176 p.
761 2108 879 2174 M7,
913 2110 1034 2173 M9,
1067 2111 1195 2174 517,
1236 2113 1375 2178 520;
1403 2123 1456 2168 et
1484 2112 1712 2169 Bandin.
1741 2112 1864 2169 Cat.
1897 2129 1981 2169 co;

2092 2111 2189 2168 Gr.
2220 2112 2386 2168 Laur.
2419 2112 2507 2178 111,
2550 2131 2602 2184 p.
2635 2115 2767 2172 284.
2801 2116 2975 2173 llam"

412 2286 3648 2319 ..._.___.____._..______________________________________

823 2428 1241 2505 NlCULAl
1324 2428 1734 2506 PE'I‘REII
1814 2427 2324 2508 EPISTOLA
2415 2426 3227 2506 NUNCUPATORIA

1320 2625 1599 2671 enmom
1652 2626 1919 2671 \‘ENETE
1974 2626 2129 2671 ANNI
2204 2608 2355 2673 1552
2420 2626 2726 2670 PRJEFIXA.

471 2774 778 2845 Philippum
820 2774 970 2828 illum
1022 2772 1375 2829 Macedonum
1425 2791 1624 2845 regem.
1684 2776 1983 2832 Alexandri

400 2878 628 2936 patrem,
658 2867 750 2935 qui
794 2883 892 2936 pro
947 2867 1111 2923 rebus
1144 2884 1175 2922 a
1207 2882 1266 2921 se
1297 2870 1557 2931 praeclare
1602 2870 1772 2936 gestis
1801 2868 1982 2933 Magni

400 2977 599 3015 nomen
633 2962 818 3015 sortiri
845 2963 1044 3015 meruit
1069 3002 1083 3025 ,
1109 2962 1259 3016 Sauli
1286 2961 1587 3016 Prrcsulum
1608 2964 1981 3032 celeberrime,

400 3070 527 3107 eum
602 3053 865 3122 temporis
953 3051 1057 3107 sibi
1133 3054 1479 3107 occasionem
1550 3054 1976 3123 exspectandam

400 3151 634 3213 putaret,
659 3158 768 3213 quo
790 3143 841 3196 in
876 3156 936 3197 se
966 3141 1318 3212 prorneritum
1344 3142 1505 3211 digna
1534 3142 1782 3199 conferre
1815 3144 1980 3199 bene-

404 3237 521 3291 ticia
561 3244 766 3307 posset,
819 3236 967 3306 quod
1029 3234 1181 3289 illum
1236 3235 1388 3303 prius
1435 3244 1667 3290 mortem
1725 3246 1980 3307 oppetere

399 3327 737 3398 contigisset,
796 3343 959 3398 qnam
1011 3343 1040 3381 a
1079 3342 1138 3382 se
1184 3326 1345 3397 digna
1376 3344 1474 3397 pro
1512 3330 1724 3385 meritis
1757 3333 1979 3400 praemia

400 3422 690 3492 acciperet,
719 3421 1088 3491 illacrymasse
1139 3419 1342 3484 ferunt,
1372 3423 1501 3476 dum
1548 3423 1601 3477 id
1632 3413 1993 3494 magnanimo

399 3514 512 3586 regi
545 3515 705 3584 plane
726 3521 1000 3568 constaret
1028 3528 1087 3569 se
1109 3513 1315 3568 nullum
1350 3514 1571 3583 gravius
1596 3515 1827 3579 crimen,
1855 3516 1980 3571 nul-

402 3609 513 3662 lum
526 3606 899 3662 detestabilius
913 3619 1076 3675 quam
1092 3604 1500 3675 ingratitndinis
1514 3606 1699 3660 subire
1712 3607 1978 3676 pomisse.

400 3698 578 3766 Quod,
626 3713 749 3753 cum
803 3698 1025 3767 ubique,
1078 3705 1244 3766 atque
1290 3697 1432 3766 apud
1472 3712 1664 3753 omnes
1717 3700 1979 3756 mortales

400 3792 741 3847 intolerabile
780 3790 953 3845 videri
1008 3790 1221 3855 debeat,
1269 3789 1416 3859 justa
1480 3790 1698 3860 quidem
1747 3792 1978 3860 ratione,

401 3883 544 3953 apud
573 3882 957 3945 Athenienses,
1007 3883 1058 3934 in
1095 3881 1341 3934 omnium
1371 3880 1631 3936 virtutum
1670 3898 1732 3937 ac
1779 3883 1983 3939 doctri—

401 3990 596 4029 narum
646 3988 843 4044 genere
897 3973 1400 4043 praaslantissimos,
1434 3974 1704 4043 publicam
1751 3974 1983 4047 hujusce

400 4070 479 4124 rei
525 4068 797 4124 actionem
847 4067 1200 4122 constitutam
1247 4066 1422 4123 fuisse
1454 4067 1811 4135 crediderim;
1852 4084 1978 4123 nam

399 4163 493 4231 qui
560 4160 626 4216 de
674 4175 734 4215 se
775 4160 915 4215 bene
964 4159 1180 4223 merito,
1241 4159 1400 4214 talem
1454 4157 1657 4214 referre
1716 4162 1978 4230 gratiam,

399 4251 839 4321 qualemcunque
880 4266 975 4319 per
1027 4265 1086 4305 se
1132 4259 1328 4321 potest,
1377 4251 1622 4322 ncgligit,
1665 4252 1782 4322 ipse
1819 4253 1978 4322 inops

402 4357 662 4398 sensuum
708 4355 771 4396 ac
828 4341 987 4411 plane
1048 4342 1455 4412 ingratissimus
1505 4343 1700 4397 merito
1752 4358 1982 4398 censen-

399 4437 503 4491 dus
542 4444 645 4490 est.
689 4434 815 4490 llaec
854 4434 987 4490 mihi
1028 4434 1226 4505 stepius
1265 4451 1479 4492 meeum
1510 4436 1737 4507 agitanti
1767 4450 1893 4491 cum
1926 4435 1982 4488 in

401 4526 723 4581 memoriam
776 4526 1103 4581 adducerem
1152 4536 1356 4594 quanta
1417 4526 1529 4581 sint
1580 4541 1704 4596 qua:
1763 4525 1816 4577 in
1872 4538 1981 4587 me,

397 4616 528 4671 dum
561 4616 749 4671 Roma:
792 4632 990 4683 essem,
1048 4632 1148 4687 pro
1173 4624 1263 4671 tua
1321 4616 1587 4687 singulari
1648 4614 1985 4669 humanitate

404 4708 664 4763 beneficia
701 4709 1016 4774 contuleris,
1049 4718 1429 4780 quantumque
1486 4708 1583 4762 tibi
1610 4722 1696 4762 me
1736 4706 1805 4762 ob
1831 4718 1981 4763 tuatn

402 4801 456 4854 in
490 4815 575 4855 me
604 4800 1036 4857 benevolentiam
1082 4801 1361 4872 perpetuis
1408 4801 1747 4868 temporibus
1789 4801 1982 4856 devin-

401 4903 546 4945 ctum
584 4900 1040 4962 auctoratumque
1073 4890 1394 4955 reddideris,
1431 4889 1580 4945 nullo
1612 4899 1984 4963 nontempore

403 4984 536 5037 mihi
594 4983 949 5055 cegitandum
999 4983 1207 5053 putavi,
1273 4996 1384 5052 quo
1436 4993 1596 5052 pacto
1631 4984 1727 5039 tibi
1777 4985 1982 5055 aliquid

401 5077 590 5143 gratiae
643 5089 926 5146 reponam,
980 5090 1048 5128 ne
1108 5089 1225 5137 me,
1273 5076 1417 5145 quod
1463 5087 1722 5146 perpetuo
1776 5079 1985 5147 turpis-

404 5171 602 5223 simum
638 5168 914 5231 ducerem,
936 5166 1135 5236 ingrati
1161 5182 1310 5221 reum
1339 5183 1648 5239 perageres.
1676 5169 1740 5223 Et
1763 5171 1981 5240 quidem

402 5276 526 5315 eum
564 5258 956 5328 impraesentia,
1008 5256 1280 5313 Meletium
1324 5242 1709 5329 philosophum
1737 5262 1803 5316 de
1848 5270 1987 5315 strn-

400 5364 555 5407 ctura
611 5362 917 5419 naturaque
958 5351 1212 5417 hominis,
1249 5351 1461 5424 insigne
1509 5355 1713 5424 alioqui
1754 5355 1982 5423 hujusce

405 5443 747 5499 tractationis
783 5457 953 5511 opus,
975 5443 1220 5514 pluribus
1248 5446 1446 5502 abhinc
1477 5447 1637 5503 annis
1664 5464 1691 5500 a
1718 5464 1803 5502 me
1831 5447 1978 5502 Lati-

403 5538 574 5592 nitate
606 5536 889 5601 donatum,
927 5538 979 5593 in
1013 5538 1290 5608 publicum
1320 5540 1481 5595 edere
1508 5542 1842 5606 statuissem,
1869 5557 1983 5610 per-

404 5629 697 5698 multisque
755 5645 996 5686 meorum
1060 5632 1383 5697 amicorum,
1414 5645 1468 5687 et
1514 5651 1627 5689 sure
1654 5643 1709 5689 et
1735 5636 1979 5688 omnium

403 5720 779 5777 studiosorum
822 5725 1038 5780 utilitati
1073 5727 1503 5788 consulentibus,
1539 5727 1631 5796 qui
1668 5726 1829 5779 enixe
1867 5727 1916 5781 id
1953 5744 1981 5781 a

404 5831 490 5870 me
518 5814 810 5885 impetrare
862 5818 1277 5883 contenderant,
1313 5819 1583 5888 denegare
1620 5819 1721 5873 hoc
1748 5819 1983 5887 amplius

404 5907 550 5963 utilia
583 5909 795 5965 ratione
823 5927 1038 5983 possem
1059 5954 1072 5979 ,
1106 5910 1306 5983 duplici
1338 5910 1402 5966 de
1437 5927 1600 5966 causa
1639 5920 1742 5967 tuae
1787 5912 1982 5981 ampli-

2086 2776 2259 2831 tudini
2318 2776 2422 2832 lioe
2462 2791 2601 2846 opus
2629 2791 2741 2846 prre
2787 2776 2999 2832 caeteris
3027 2777 3383 2833 dedicandum
3436 2777 3666 2834 censui:

2083 2869 2250 2923 altera
2279 2869 2522 2939 quidem,
2563 2868 2710 2939 quod
2763 2878 2815 2923 te
2846 2869 3118 2924 neminem
3151 2871 3318 2924 animi
3361 2869 3668 2936 nobilitate,

2083 2970 2179 3016 aut
2226 2961 2490 3032 probitate
2541 2961 2690 3027 vine,
2736 2967 2830 3015 aut
2877 2961 3134 3027 consilio,
3187 2971 3282 3016 aut
3334 2961 3665 3033 optimarum

2083 3055 2282 3110 artium
2346 3056 2630 3124 utriusque
2661 3056 2855 3126 linguae
2886 3054 3103 3120 studiis,
3152 3064 3248 3110 aut
3293 3057 3441 3110 onini
3471 3072 3668 3127 genere

2083 3143 2261 3199 laudis
2293 3144 2722 3214 prmstantiorem
2775 3161 2897 3200 esse
2945 3144 3114 3200 sciam
3146 3163 3159 3199 :
3188 3161 3421 3216 quorum
3469 3146 3666 3216 gratia,

2085 3253 2186 3292 cur
2211 3237 2423 3301 efferre,
2458 3237 2710 3292 laudibus
2738 3237 2934 3293 studiis
2968 3240 3245 3308 prosequi,
3292 3239 3666 3295 benevolentia

2084 3330 2371 3401 complecti
2408 3347 2514 3385 non
2555 3331 2822 3385 debeam?
2875 3330 3045 3385 altera
3096 3346 3249 3392 vero,
3273 3347 3393 3387 cum
3451 3347 3537 3386 me
3567 3329 3665 3386 tibi

2085 3433 2370 3493 tantopere
2396 3423 2594 3478 debere
2641 3423 3037 3486 existimarem,
3075 3433 3134 3477 ut
3165 3422 3312 3477 nulla
3343 3423 3553 3477 ratione
3581 3439 3669 3477 me

2085 3514 2345 3570 solvendo
2376 3529 2497 3570 esse
2524 3514 2824 3580 crederem,
2846 3514 2949 3569 hoc
2972 3514 3164 3569 saltem
3183 3513 3364 3584 aliqua
3399 3529 3462 3570 ex
3486 3524 3661 3584 parte,

2086 3614 2195 3660 tam
2231 3605 2476 3660 benevoli
2513 3606 2589 3660 tui
2623 3621 2748 3675 erga
2780 3621 2867 3661 mc
2902 3605 3071 3659 animi
3106 3604 3279 3659 vicem
3309 3615 3669 3676 repraesenta-

2086 3714 2220 3753 rem.
2257 3696 2391 3752 Nam
2428 3697 2645 3753 tametsi
2684 3698 2888 3768 Optime
2937 3697 3107 3753 sciam
3160 3704 3432 3768 quantam
3451 3713 3665 3757 curam,

2085 3788 2328 3843 studium
2396 3803 2460 3843 ae
2517 3787 2729 3857 vigilias
2783 3787 2837 3842 in
2890 3786 3321 3843 administranda
3377 3786 3526 3842 illius
3574 3802 3664 3843 ce—

2087 3879 2389 3935 leberrima:
2442 3879 2591 3935 urbis
2650 3880 2925 3949 provincia
2971 3894 3236 3950 exponas,
3287 3879 3399 3943 cui,
3460 3888 3532 3947 te,
3576 3894 3665 3934 sa-

2087 3973 2242 4041 piens
2291 3970 2536 4041 pontifex
2590 3986 2655 4027 ac
2717 3970 3135 4036 consideratus,
3190 3986 3290 4026 nec
3341 3972 3666 4027 ambientem

2086 4080 2187 4119 nec
2250 4072 2521 4133 petentem
2577 4062 2853 4134 praefecit,
2909 4080 3075 4134 quam
3131 4073 3184 4118 te
3241 4063 3395 4118 obire
3452 4079 3667 4120 smnma

2084 4154 2393 4226 prudentia,
2438 4155 2658 4216 virtute,
2716 4155 2947 4209 consilio
3005 4170 3197 4211 omnes
3265 4156 3465 4225 passim
3529 4171 3666 4225 pra:-

2084 4247 2270 4302 dicant
2322 4266 2337 4301 :
2387 4262 2561 4316 neque
2622 4263 2685 4301 ex
2744 4246 2848 4301 hoc
2899 4247 3160 4317 temporis
3231 4247 3325 4302 tibi
3388 4248 3667 4319 quidpiam

2086 4337 2358 4407 reliquum
2392 4352 2534 4398 esse,
2567 4336 2713 4405 quod
2747 4338 3116 4406 praestantium
3151 4346 3437 4392 auctorum
3481 4338 3668 4394 lectio-

2088 4429 2251 4484 nibus
2308 4428 2390 4499 (ut
2447 4427 2835 4499 consueveras)
2893 4429 3257 4498 impenderes,
3317 4439 3494 4486 tamen
3537 4445 3661 4483 cum

2087 4519 2359 4576 Meletium
2385 4535 2566 4573 meum
2597 4519 2867 4585 evolvere,
2904 4535 3027 4574 cum
3062 4520 3422 4590 introspicere
3458 4520 3665 4573 constio

2086 4622 2226 4677 tues,
2265 4623 2317 4667 te
2363 4612 2619 4668 meliores
2658 4612 2753 4666 otii
2788 4613 2866 4665 tui
2898 4612 3059 4667 horas
3093 4612 3148 4666 in
3185 4614 3512 4685 pet-legendo
3547 4613 3666 4682 ipso

2085 4706 2460 4776 expositurum
2491 4720 2600 4759 non
2623 4720 2832 4759 vereor.
2859 4703 2909 4760 Is
2931 4706 3099 4773 enim,
3126 4708 3473 4776 magnanime
3489 4705 3665 4770 Sauli,

2087 4798 2557 4855 absolutissimum
2630 4814 2791 4869 opus,
2848 4809 3135 4854 structura:
3182 4816 3249 4856 ac
3310 4810 3522 4856 natura:
3574 4801 3673 4855 ho-

2087 4896 2250 4952 minis
2290 4894 2717 4965 perscripturus,
2742 4909 2956 4949 ,omnes
2998 4895 3351 4966 antiquorum
3393 4896 3561 4952 libros
3590 4898 3674 4967 (ut

2087 4993 2203 5062 ipse
2252 4990 2318 5043 ad
2366 4989 2452 5044 sui
2500 4989 2681 5059 Operis
2718 4987 2873 5042 initia
2919 4988 3168 5058 testatur)
3198 4988 3302 5042 sibi
3340 4989 3671 5044 evolvendos

2086 5079 2399 5152 proposuit,
2458 5087 2547 5140 ut,
2597 5093 2720 5149 qua:
2772 5076 3004 5146 sparsim
3061 5077 3114 5131 in
3166 5093 3356 5131 corum
3406 5077 3559 5134 libris
3605 5077 3675 5133 de

2086 5173 2307 5227 homine
2335 5171 2753 5241 comprehensa,
2802 5185 2901 5223 nec
2942 5169 3197 5225 absolute
3230 5171 3502 5239 explicata
3549 5170 3672 5225 fue-

2090 5273 2236 5327 rant,
2285 5262 2340 5316 in
2392 5262 2558 5316 unius
2614 5260 2796 5330 operis
2837 5260 3034 5314 seriem
3091 5261 3491 5331 redigerentur.

2159 5356 2241 5409 Ab
2268 5354 2551 5409 elementis
2597 5355 2781 5424 itaque
2815 5351 3005 5407 mundi
3035 5346 3286 5417 exofrsus,
3321 5354 3388 5409 ad
3422 5356 3676 5425 corporis

2089 5451 2357 5504 elementa
2406 5447 2779 5519 progrediens,
2830 5464 2941 5517 quo
2987 5458 3146 5518 pacto
3191 5449 3298 5503 hoc
3344 5449 3547 5503 animal
3593 5450 3677 5519 gi-

2091 5543 2275 5611 gnitur
2313 5541 2745 5610 alimentnmquc
2780 5540 2969 5604 sumit,
3016 5556 3082 5594 ac
3112 5550 3246 5609 quot
3290 5540 3480 5595 vitales
3518 5551 3675 5593 natu-

2093 5636 2423 5705 ralesqueae
2451 5636 2715 5690 animales
2740 5634 3027 5689 facultates
3045 5651 3175 5691 suas
3199 5636 3252 5689 in
3284 5636 3401 5705 ipso
3432 5635 3677 5690 actiones

2090 5728 2405 5794 ostendunt,
2436 5728 2720 5797 perspicue
2737 5726 2998 5783 declarat.
3021 5727 3181 5792 Tum,
3205 5728 3524 5798 priusquam
3548 5742 3674 5781 cor-

2091 5820 2242 5889 poris
2269 5828 2451 5889 partcs
2483 5819 2800 5889 singillatim
2832 5820 3109 5888 explicare
3134 5820 3501 5889 aggrediatur,
3533 5832 3674 5888 quo-

2095 5911 2253 5965 modo
2310 5927 2461 5965 mctts
2502 5927 2596 5981 per
2634 5926 2825 5967 sensus
2868 5921 3011 5982 agat,
3054 5912 3183 5982 quid
3238 5912 3429 5983 triplex
3480 5911 3675 5966 anima:
