4138 6468
412 442 552 500 1075

415 556 646 614 facultas
694 556 799 622 sit,
843 573 1095 628 necnon,
1159 569 1294 632 quot
1354 561 1583 619 virtutes
1635 580 1758 634 quae
1807 567 2009 635 princi-

414 651 567 722 pales
619 650 966 720 appellantur
992 653 1132 720 sint;
1163 669 1354 723 quaeve
1405 655 1626 712 virtutis
1656 672 1720 713 ac
1746 658 2003 712 vitiorum

411 757 612 814 genera
663 758 788 812 qua:
831 758 896 797 ex
942 744 1076 814 ipsis
1125 747 1456 816 proveniunt
1499 749 1806 804 habeantur
1853 769 1866 804 :
1926 750 2006 805 si-

410 835 656 904 mulque,
678 848 788 904 quo
812 843 993 904 pacto,
1035 837 1320 906 gaudium,
1355 839 1600 904 tristitia,
1627 840 1796 903 risus,
1829 839 2008 911 lacry-

409 942 534 992 maa,
558 941 624 981 ac
657 941 886 982 somnus
913 938 1333 999 constltuantur,
1359 932 1482 988 luce
1509 933 1714 987 clarius
1740 933 2005 989 ostendit.

408 1020 551 1086 Quid
584 1019 732 1074 enim
765 1029 871 1086 est,
905 1023 1104 1092 praesul
1131 1023 1358 1094 optime,
1383 1024 1532 1095 quod
1568 1025 2006 1082 animadvertere

407 1131 478 1170 ac
511 1114 864 1170 considerare
911 1116 1093 1184 potius
1118 1133 1245 1172 cum
1292 1119 1551 1175 omnibus
1585 1120 1870 1185 studiosis,
1902 1119 2007 1177 hac

408 1208 740 1263 re'merito
801 1209 1014 1265 debes?
1091 1210 1457 1283 Posteaquam
1521 1215 1701 1284 Opifex
1763 1213 2004 1269 Verbum

407 1299 478 1353 ab
525 1299 908 1358 intellectualis
960 1317 1024 1359 ac
1069 1303 1303 1361 visibilis
1353 1306 1760 1376 materialisque
1811 1307 2003 1366 mundi

407 1394 688 1449 creatione
735 1395 940 1450 animal
983 1396 1145 1452 edere
1191 1397 1322 1469 (quo
1345 1399 1572 1469 majoris
1606 1399 1888 1470 sapientia:
1914 1416 2004 1454 ar-

409 1495 730 1558 gumentum
761 1503 825 1543 ac
854 1488 1002 1554 circa
1038 1499 1267 1547 naturas
1311 1491 1538 1562 largitas
1576 1492 1806 1562 ejusque
1835 1493 1999 1550 honi-

383 1574 538 1633 'tatis
581 1577 880 1633 thesaurus
924 1579 1272 1636 innotescere
1304 1581 1500 1653 possit)
1551 1584 1866 1649 statuisset,
1900 1585 2002 1639 ho-

409 1669 611 1723 minem
638 1672 964 1740 procreavit,
990 1672 1149 1743 quasi
1170 1673 1400 1729 alterum
1419 1675 1710 1745 quemdam
1736 1677 2000 1731 mundqu

411 1760 464 1813 in
495 1776 664 1830 parvo
687 1777 944 1832 magnum
982 1779 1149 1834 super
1183 1773 1384 1819 terram
1413 1766 1777 1820 constituens.
1818 1767 1996 1832 llunc,

409 1852 666 1923 inquam,
748 1857 977 1925 creavit,
1042 1858 1210 1911 alium
1301 1858 1590 1929 angelum,
1643 1860 1998 1926 adorantem,

410 1944 664 2012 Inistuui,
720 1946 956 2004 visibilis
1013 1959 1222 2004 naturae
1283 1949 1570 2016 arbitrum,
1619 1949 2001 2006 intellectualis

1695 446 2019 508 EDITORIS
2074 452 2418 512 MONITUM.

827 2232 3581 2263 ww

3569 462 3702 516 i071

2111 587 2240 626 vero
2275 585 2600 626 arcanorum
2634 571 2890 643 peritum,
2945 573 3286 628 terrestrium
3329 589 3534 645 regem,
3579 577 3707 647 qui-

2111 679 2217 732 que
2247 679 2277 718 a
2305 663 2682 733 superioribus
2709 665 2954 737 regitur:
2988 675 3146 721 teme
3191 682 3256 721 ac
3301 667 3440 722 cwlo
3487 683 3706 723 accom-

2111 753 2358 819 niodum,
2401 755 2792 824 temporarium
2813 747 2983 828 atque
3016 757 3404 821 immortalem,
3438 758 3722 814 visibilem.

2110 855 2275 916 atque
2314 846 2744 918 intelligibilem,
2795 849 3035 903 medium
3098 851 3240 904 inter
3282 850 3498 912 excelsa
3542 860 3709 921 atque

2110 937 2369 1005 humilia;
2401 940 2496 1009 qui
2549 939 2691 994 idem
2745 940 2970 1010 spiritus
3019 950 3073 996 et
3121 958 3250 996 caro
3279 953 3380 997 est.
3429 941 3705 1014 Idemque,

2108 1032 2202 1101 qui
2255 1032 2343 1088 hic
2402 1042 2672 1104 potestate
2720 1035 2939 1104 prazsit,
2999 1035 3108 1089 alio
3170 1051 3301 1090 vero
3369 1037 3705 1104 migraturus

2109 1124 2202 1188 sit,
2229 1132 2394 1194 atque
2425 1125 2478 1179 in
2511 1125 2758 1196 mysterii
2788 1126 2917 1189 line,
2952 1126 3018 1180 ad
3059 1126 3229 1180 Deum
3267 1127 3536 1194 innucns,
3569 1127 3707 1182 divi-

2108 1231 2240 1270 num
2273 1216 2560 1271 eﬂiciatur.
2599 1217 2776 1289 Hujus
2805 1219 2952 1273 enim
2988 1219 3243 1275 animalis
3268 1229 3520 1274 naturam
3557 1229 3706 1275 stru-

2108 1315 2432 1376 cturamque
2455 1306 2730 1362 Meletium
2762 1309 2940 1379 ipsum
2969 1309 3023 1364 in
3048 1310 3152 1365 hoc
3175 1324 3339 1380 opere
3367 1311 3708 1381 expressisse

2107 1395 2463 1467 perspicies:
2504 1413 2569 1452 ex
2618 1397 2722 1453 hoc
2799 1399 2960 1468 plane
3015 1399 3424 1470 deprehendere
3502 1401 3708 1469 poteris

2109 1486 2247 1541 nihil
2280 1503 2404 1543 esse
2436 1487 2490 1542 in
2524 1488 2777 1545 universa
2819 1498 3017 1544 natura
3054 1490 3278 1545 homine
3310 1491 3700 1560 praestabilius,

2107 1581 2200 1657 illo
2256 1583 2580 1652 praesertim,
2629 1599 2790 1653 quem
2822 1585 3076 1650 consiiio,
3111 1584 3406 1655 probitate,
3446 1585 3703 1640 humani-

2109 1681 2240 1738 tate,
2267 1671 2602 1738 innocentia,
2630 1673 2915 1743 religione,
2954 1674 3332 1744 magnitudine
3355 1675 3545 1739 animi,
3579 1692 3704 1729 om-

2107 1765 2272 1818 nibus
2301 1763 2356 1818 in
2379 1765 2543 1820 rebus
2569 1765 2959 1840 quamplurimi
3007 1766 3296 1838 praeditum
3352 1783 3476 1823 esse
3534 1782 3706 1838 agno-

2115 1865 2399 1913 scunt.....

1130 2507 1657 2599 CRAMERI
1741 2507 2325 2600 MONITUM
2408 2507 2972 2604 LECTORI.

480 2917 670 2977 Tertio
707 2917 1114 2973 Anecdotorum
1147 2915 1598 2988 [Oxonieusiuni]
1628 2916 1902 2972 volumine
1946 2932 2093 2972 nunc
2123 2919 2356 2988 primum
2395 2918 2586 2974 Graece
2610 2917 2826 2974 edimus
2848 2917 3048 2973 Meletii
3073 2917 3513 2989 ialm-sophistae
3537 2934 3704 2990 opus-

408 3021 589 3070 culmn
623 3015 760 3084 Περὶ
793 3013 892 3082 τῆς
917 3011 1013 3066 τοῦ
1048 3010 1344 3083 ἀνθρώπου
1375 3012 1750 3082 κατασκευῆς,
1805 3012 2000 3067 hacten

2108 3022 2316 3067 tantum
2339 3028 2405 3068 ex
2440 3005 2640 3070 Latina
2692 3012 2947 3066 versione
2996 3009 3204 3066 Nicolai
3233 3011 3434 3067 Petreii
3457 3053 3472 3078 ,
3506 3012 3708 3084 Corcy-

412 3113 525 3175 raei,
557 3105 801 3163 Venetiis
839 3120 930 3158 au.
966 3103 1108 3158 i552
1142 3103 1431 3172 impressa,
1465 3103 1766 3172 vulgatum.
1817 3104 2048 3160 Textum
2081 3105 2148 3161 ad
2183 3106 2344 3161 tidem
2377 3108 2546 3163 trium
2575 3107 2828 3162 codicum
2864 3103 3284 3160 Bodleianorum
3314 3103 3640 3161 exhibemus
3691 3124 3705 3160 :

409 3201 737 3259 Barocciani
773 3200 869 3254 151
914 3199 1029 3271 (Α),
1057 3199 1172 3254 ltoe
1199 3197 1265 3252 14
1297 3197 1384 3270 (Β)
1418 3208 1473 3252 et
1507 3196 1576 3251 l3
1607 3198 1692 3267 (C)
1715 3215 1730 3264 ;
1757 3214 1989 3266 quorum
2020 3200 2179 3271 longe
2218 3201 2553 3270 antiquitate
2605 3210 2659 3256 et
2696 3199 2942 3253 bonitate
2977 3195 3330 3264 praestantior
3375 3204 3460 3248 est
3509 3193 3710 3252 Baroc-

408 3297 623 3350 cianus.
657 3292 813 3347 Hunc
851 3291 1075 3346 ineunte
1112 3289 1328 3344 decimo
1355 3300 1551 3358 quarto
1578 3289 1779 3351 saeculo
1811 3291 2075 3360 scriptum
2111 3291 2280 3347 fuisse
2321 3290 2533 3360 judico.
2595 3289 2711 3344 Duo
2745 3288 2834 3343 alii
2883 3286 3056 3342 multo
3089 3284 3430 3340 recentiores
3461 3293 3609 3340 sunt.
3640 3284 3712 3340 Et

406 3385 806 3442 Baroccianum
832 3383 1054 3453 quidem
1107 3384 1280 3440 fuisse
1306 3382 1588 3452 exemplar
1626 3397 1656 3437 e
1687 3397 1796 3450 quo
1825 3381 2073 3436 Petreius
2103 3383 2412 3439 versionem
2437 3399 2591 3438 suam
2621 3382 2884 3446 confecit,
2914 3379 3228 3450 suspicatur
3250 3379 3333 3432 vir
3355 3379 3710 3436 doctissimus

407 3478 545 3532 Lud.
587 3476 974 3532 Bacbmannus
999 3475 1052 3528 iu
1101 3493 1120 3524 ι
1161 3475 1473 3539 Quaestione
1501 3473 1567 3528 de
1596 3472 1812 3526 Meletio
1859 3472 2048 3529 Gratce
2078 3474 2284 3529 inedito
2316 3473 2546 3543 ejusque
2581 3473 2775 3528 Latino
2809 3473 3110 3542 interprete
3151 3469 3271 3526 Nic.
3305 3466 3522 3525 Petreio
3543 3469 3647 3542 (α),
3683 3491 3704 3525 ι

409 3591 460 3642 p.
496 3573 526 3626 Α
550 3615 565 3639 ,
600 3571 697 3626 sed
729 3570 857 3623 licet
887 3568 1096 3638 Optime
1153 3566 1223 3620 dc
1253 3565 1468 3620 Meletio
1504 3575 1560 3620 et
1606 3566 1889 3622 codicibus
1918 3566 2038 3636 ejus
2091 3565 2422 3636 judicavcrit
2460 3565 2876 3629 Bachmanuus,
2915 3564 2968 3617 in
3008 3564 3110 3618 hac
3153 3564 3473 3634 conjectura
3516 3579 3707 3620 verum

410 3681 514 3719 nou
535 3671 946 3729 estassecutus;
973 3674 1098 3714 nam
1124 3659 1211 3714 vel
1234 3657 1360 3712 inde
1373 3667 1599 3728 apparet
1622 3656 1899 3712 Petreium
1926 3673 2030 3711 non
2056 3673 2212 3712 usum
2241 3657 2412 3712 fuisse
2434 3657 2624 3712 codice
2654 3655 3012 3720 Barocciano,
3039 3657 3186 3726 quod
3211 3657 3302 3712 hic
3320 3657 3478 3726 longe
3496 3656 3710 3713 auctior

408 3760 578 3814 estin
611 3771 675 3813 ea
701 3757 885 3827 operis
920 3766 1076 3825 parte
1103 3769 1224 3825 quae
1254 3755 1324 3810 de
1359 3756 1541 3808 anima
1575 3763 1796 3809 tractat.
1849 3753 2156 3826 Aliquoties
2209 3764 2391 3808 autem
2443 3753 2691 3809 Petreius
2727 3752 3027 3808 citatioues
3078 3751 3242 3808 aﬂ'ert
3272 3769 3398 3823 quae
3427 3755 3479 3808 in
3511 3762 3701 3809 nostro

407 3852 596 3907 codice
621 3850 1027 3915 desiderantur,
1059 3858 1137 3914 ut,
1164 3848 1400 3919 exempli
1425 3851 1622 3918 gratia,
1657 3865 1710 3919 p.
1743 3849 1846 3903 156
1873 3850 2004 3918 (col.
2034 3848 2172 3902 1278
2191 3849 2242 3903 in
2269 3859 2450 3904 nostra
2477 3849 2656 3919 edit.),
2686 3849 2800 3903 haec
2827 3846 3151 3903 Callimachi
3182 3849 3372 3904 verba.

627 3944 754 4007 Ἴθι,
790 3942 1010 4012 πρηεῒα
1045 3940 1377 4012 γυναικῶν,
1414 3943 1534 4011 τὴν
1555 3942 1702 3998 ὁδὸν
1734 3942 1814 4012 ῆν
1841 3943 2407 4014 ἀνίαιθυμοφθόροι
2435 3946 2508 3998 οὺ
2539 3943 2863 4011 περόωσιν.

411 4037 681 4104 Quoniam
711 4047 894 4092 autem
924 4036 1140 4092 codices
1172 4051 1388 4101 omnes,
1423 4038 1469 4093 si
1506 4035 1791 4092 Parisinos
1824 4037 2094 4106 excipias,
2121 4051 2259 4106 quos
2292 4052 2396 4092 non
2436 4036 2672 4107 inspexi,
2710 4044 2861 4092 certe
2895 4045 3119 4106 superat
3169 4033 3565 4100 Baroccianus,
3600 4051 3708 4092 non

411 4129 657 4186 dubitavi
687 4127 806 4198 ejus
837 4129 1220 4184 auctoritatem
1263 4128 1469 4200 ubique
1502 4133 1773 4200 potiorem
1817 4132 2042 4197 habere,
2069 4130 2175 4187 nisi
2211 4131 2300 4187 ubi
2335 4129 2622 4185 manifeste
2654 4129 3014 4201 corrigendus
3047 4137 3167 4183 erat
3199 4142 3267 4183 ex
3297 4128 3443 4194 aliis,
3468 4143 3703 4198 quorum

415 4220 455 4274 Β
485 4221 784 4276 secundum
803 4221 1016 4277 obtinet
1037 4221 1238 4277 locum.
1268 4219 1368 4278 Hic
1395 4223 1568 4278 codex
1597 4224 1728 4278 mihi
1759 4238 2066 4296 congruere
2099 4223 2313 4279 videtur
2334 4238 2458 4278 cum
2484 4221 2918 4288 Vindobonensi,
2943 4237 3102 4292 quem
3127 4221 3168 4276 Β
3195 4221 3362 4277 etiam
3394 4221 3708 4278 Bachman»

416 4329 519 4370 nus
541 4316 779 4386 signavit
816 4314 892 4390 (p.
919 4314 998 4385 5).
1035 4315 1102 4370 Et
1145 4315 1287 4370 idem
1314 4315 1455 4372 forte
1480 4317 1587 4372 erit
1615 4317 1785 4373 codex
1812 4317 1881 4373 de
1933 4332 2043 4388 quo
2068 4315 2358 4372 Fabricius
2383 4317 2570 4388 (supra
2596 4314 2700 4371 col.
2736 4315 2898 4386 H57)
2931 4332 2944 4368 :
2979 4332 2998 4366 ι
3033 4314 3206 4370 altero
3232 4313 3368 4368 Bibl.
3398 4313 3599 4369 Caesar.
3624 4327 3716 4368 co-

415 4407 556 4473 dice,
587 4417 750 4476 caput
773 4407 865 4474 55,
898 4408 964 4463 de
988 4409 1168 4464 anima
1202 4407 1490 4479 quintuplo
1521 4406 1697 4478 majus
1720 4409 2017 4464 occurrit.»
2043 4408 2150 4464 Sed
2176 4407 2279 4463 hoc
2304 4423 2334 4462 e
2367 4406 2704 4462 Barocciano
2733 4423 2878 4462 nunc
2902 4405 3134 4478 decuplo
3167 4404 3340 4477 majus
3365 4403 3712 4461 exhibemus.

487 4500 643 4569 Quod
680 4505 746 4559 ad
777 4503 981 4559 hleletii
1020 4513 1318 4561 tractatum
1345 4505 1567 4569 attinet,
1593 4505 1812 4560 videtur
1846 4520 1982 4575 opus
2018 4499 2256 4574 esse‘pii
2287 4511 2344 4559 et
2394 4504 2597 4560 eruditi
2661 4504 2926 4569 hominis,
2962 4519 3013 4568 a,
3043 4503 3212 4560 variis
3257 4500 3523 4569 fontibus,
3565 4517 3713 4558 nunc

414 4594 738 4667 plerumque
775 4599 1096 4669 deperditis,
1142 4597 1462 4655 conﬂatum.
1496 4598 1699 4655 Multus
1731 4609 1912 4655 autem
1941 4607 2029 4656 est
2060 4600 2113 4654 in
2138 4599 2507 4671 etymologiis,
2546 4614 2682 4670 quas
2713 4614 2777 4655 ex
2826 4598 3056 4654 Socrate
3082 4609 3140 4655 et
3185 4598 3401 4654 Sorano
3453 4596 3710 4652 hausisse

415 4689 656 4745 videtur.
686 4689 800 4746 Non
829 4693 1026 4748 mirum
1059 4704 1146 4751 est
1180 4694 1366 4764 itaque
1390 4694 1541 4749 illum
1577 4695 1812 4764 plurima
1839 4696 2154 4753 communia
2177 4695 2380 4752 habere
2409 4707 2536 4751 cum
2575 4693 2950 4767 Etymologico
2994 4691 3104 4761 M..,
3141 4693 3208 4748 ad
3233 4706 3397 4763 quem
3421 4688 3715 4760 corrigen-

415 4785 544 4841 dum
576 4787 868 4860 aliquoties
897 4790 1149 4846 inservit.

495 4972 574 5044 (α)
608 4972 868 5030 Rostork.
907 4974 1068 5032 1855.
1103 4977 1157 5031 4.

1478 5345 1692 5409 NOV]
1743 5342 2160 5408 EDITORIS
2205 5340 2646 5405 MONITUM.

503 5511 577 5572 In
613 5508 730 5574 hac
763 5516 979 5574 nostra
1010 5511 1316 5588 editione,
1348 5511 1589 5576 codicis
1619 5513 1877 5594 Optima)
1911 5516 2076 5574 notaa
2121 5510 2492 5573 Parisiensis
2528 5519 2591 5570 [ιο
2625 5505 2781 5569 2299
2820 5505 2912 5587 (P)
2942 5505 3309 5569 varietatem
3337 5500 3716 5577 lectionum,

426 5630 617 5692 quam
641 5616 972 5679 nobiscum
1018 5615 1329 5679 benevole
1358 5617 1844 5680 communicavit
1878 5617 1951 5680 V.
1985 5617 2054 5677 D.
2089 5617 2223 5678 Car.
2248 5615 2656 5694 Daremberg,
2689 5617 2979 5676 accurate
3001 5608 3408 5672 adhibuimus
3435 5623 3450 5682 ;
3481 5611 3722 5668 textum

427 5716 700 5780 Crameri
730 5717 960 5798 passim
995 5715 1512 5790 emendavimus;
1557 5716 1915 5779 versionem
1960 5715 2099 5778 Nic.
2130 5715 2388 5790 Petrcii,
2421 5714 2534 5776 ubi
2602 5727 2868 5775 necesse
2910 5708 3265 5783 videbatur,
3319 5722 3486 5769 novo
3522 5703 3722 5767 textui

426 5818 1046 5882 accommodavimus
1073 5841 1086 5891 ;
1119 5817 1398 5898 denique
1444 5824 1762 5879 ’Λνέκδοτον
1792 5827 1929 5896 Περὶ
1960 5829 2003 5878 τε

2108 5825 2146 5878 δ’
2176 5825 2460 5894 στοιχείων
2505 5813 2650 5896 (col.
2691 5810 2866 5892 1283)
2913 5811 3336 5889 fragmentum
3391 5825 3466 5872 ex
3493 5806 3719 5871 eodem

427 5918 652 5985 codice
686 5919 1022 5985 Parisiensi
1055 5917 1544 5984 describendum
1590 5917 1949 5981 curavimus
1979 5921 2039 5979 et
2077 5934 2248 5979 nunc
2291 5915 2564 5996 primum
2591 5913 2732 5978 luce
2770 5913 3106 5976 donamus.
