4138 6476
338 504 341 511 ι
451 425 593 485 1075

1762 438 2037 494 ΜΕΙ.ΕΤΙΙ
2081 438 2391 494 MONACIII

3591 439 3724 494 M76

503 568 3704 599 NW

1827 688 2018 745 ΑΡΧΗ
2062 689 2216 741 xm
2251 689 2392 759 ΘΕῼ

1281 832 1505 967 ΤΑ
1546 837 1930 970 ’ΤΟΥ
2002 835 2868 975 ΜΕΛΕΤΙΟΥ

881 1063 1143 1153 ΠΕΡΙ
1212 1063 1430 1150 ΤΗΣ
1504 1062 1734 1150 ΤΟΥ
1806 1060 2430 1151 ΑΝΘΡΩΠΟΥ
2506 1057 3285 1153 ΚΑΤΑΣΚΕΥΗΣ.

1518 1288 1693 1353 1)Εο
1752 1289 2237 1357 ΑΝΝΠΕΝΤΕ
2300 1290 2644 1391 INCIPIT

1661 1440 2501 1579 MELETII

1002 1648 1698 1741 TBACTATUS
1773 1651 1922 1741 DE
2000 1653 2485 1744 NATUBA
2557 1651 3132 1745 HOMINIS.

970 1847 1013 1919 ι
1069 1844 1487 1903 PROOEMIUM.

509 1935 676 1993 Nobis
706 1936 774 1993 de
800 1946 997 1993 natura
1040 1939 1278 1994 hominis
1314 1938 1821 2009 interpretationem
1850 1939 2022 1996 disse-

435 2048 577 2097 rere,
613 2047 678 2087 ac
708 2031 874 2088 breve
907 2031 1334 2102 absolutumque
1366 2046 1506 2102 opus
1553 2030 1872 2102 bujusmodi
1904 2040 2020 2087 tra-

435 2124 688 2178 ctationis
723 2123 984 2179 studiosis
1027 2134 1081 2180 et
1122 2124 1218 2194 qui
1253 2132 1397 2179 recte
1430 2123 1649 2179 labores
1681 2123 1918 2179 subeunt
1963 2124 2019 2179 in

436 2214 676 2268 medium
701 2214 970 2269 adducere
986 2215 1275 2271 consilium
1299 2224 1399 2271 est.
1430 2213 1565 2269 Nam
1590 2215 1808 2271 tametsi
1825 2232 2021 2287 quam-

435 2307 657 2378 plurimi
709 2308 1060 2378 antiquorum
1125 2308 1519 2377 sapientissimi
1578 2309 1663 2363 vel
1717 2309 1899 2380 longa,
1932 2310 2018 2365 vel

435 2399 583 2455 brevi
648 2408 899 2454 naturam
960 2410 1204 2455 nostram
1250 2401 1498 2457 oratione
1551 2401 1823 2472 complexi
1881 2402 2014 2466 sint,

435 2494 617 2548 nullus
653 2504 831 2548 tamen
893 2508 1083 2549 eorum
1129 2493 1233 2549 hac
1274 2491 1343 2549 de
1367 2507 1427 2548 re
1469 2491 1770 2563 perfectum
1797 2493 2017 2549 absolu-

434 2594 656 2653 tum-lue
688 2600 827 2655 opus
858 2585 1099 2656 reliquit.

2050 1859 2100 1913 Δ

2718 1846 3128 1902 ΠΡΟΟΙΜΙΟΝ.

2209 1941 2277 1995 Ἢ
2307 1940 2561 2013 παροῦσα
2589 1938 2667 2011 tl)
2724 1939 2950 2008 σύνοψις
2993 1939 3126 2011 περὶ
3163 1938 3386 2009 φύσεως
3419 1939 3712 2011 ἀνθρώπου

2128 2033 2370 2105 ὲπονήθη
2402 2034 2500 2088 καὶ
2534 2032 2797 2103 συνελέγη
2832 2034 2929 2086 καὶ
2952 2030 3214 2103 συνετέθη
3252 2032 3403 2102 παρά
3435 2032 3711 2087 Μελετίου

2130 2126 2365 2198 μοναχοῦ
2387 2125 2635 2195 Θέματος
2654 2122 2749 2177 τοῦ
2776 2122 3023 2193 Ὀψικίου
3047 2122 3252 2176 Βάνδου
3283 2123 3574 2195 Ἀκροκοῦ,
3597 2143 3711 2196 χω-

2128 2217 2244 2289 ρίου
2274 2216 2770 2288 Τιδεριουπόλεως,
2810 2215 2980 2286 μονῆς
3023 2214 3332 2287 λεγομένης
3373 2215 3555 2285 Τρεῖς,
3578 2218 3711 2289 σῆτοι

2121 2311 2222 2380 τῆς
2267 2310 2430 2379 ἁγίας
2455 2308 2691 2380 Τριάδος
2712 2324 2726 2338 ·
2766 2309 2868 2362 οὐκ
2900 2307 2978 2371 ὡς
3012 2308 3199 2362 καινόν
3229 2325 3284 2361 τι
3320 2310 3713 2380 ἐπινοήσαντας

2125 2405 2254 2474 περὶ
2279 2402 2496 2473 φύσεως
2515 2400 2807 2473 ἀνθρώπου
2836 2399 3262 2470 φυσιολογῆσαι,
3289 2398 3427 2454 ἀλλά
3445 2400 3713 2471 σύντομον

2125 2498 2220 2550 καὶ
2250 2494 2518 2564 ἀνελλιπῆ
2568 2491 2955 2565 πραγματείαν
2991 2489 3254 2544 ἐκθέσθαι
3313 2492 3427 2554 τοῖς
3477 2490 3710 2559 φιλομαο

2126 2587 2244 2641 θέσι
2274 2588 2370 2642 καὶ
2404 2586 2717 2657 φιλοπόνοις
2771 2584 3120 2656 βουλομένου.
3166 2583 3229 2636 El
3258 2582 3369 2653 γὰρ
3403 2583 3495 2636 καὶ
3524 2580 3708 2634 πολλοὶ

429 2677 538 2730 τῶν
572 2676 815 2750 ἀρχαίων
843 2678 1046 2750 σοφῶν,
1081 2678 1310 2742 πολλοὺς
1345 2676 1489 2732 κατά
1516 2679 1821 2751 ἀποταγὴν,
1871 2681 1905 2752 ἢ
1940 2683 1998 2734 ἐν
2038 2682 2287 2754 συντόμῳ
2336 2682 2467 2753 περὶ
2509 2683 2611 2752 τῆς
2659 2683 2876 2751 φύσεως
2943 2676 3101 2750 ἡμῶν
3169 2676 3367 2747 λόγους
3400 2676 3707 2742 συνέθεντο,

430 2770 546 2831 am
576 2770 752 2833 οὐδεὶς
780 2770 1042 2841 ἀνελλιπῆ
1079 2772 1172 2824 καὶ
1198 2772 1567 2844 ἁνυστέρητον
1605 2772 1811 2844 ταύτην
1852 2774 2197 2847 ἀπήρτησεν.

506 2863 787 2933 Siquidem
854 2863 1214 2933 Hippocrates
1251 2904 1267 2929 ,
1310 2879 1435 2920 eum
1485 2865 1552 2920 de
1617 2875 1813 2920 natura
1882 2882 2018 2937 pue-

432 2959 552 3014 rilis
617 2958 902 3029 virilisque
951 2960 1129 3014 aetatis
1183 2975 1360 3029 pauca
1422 2961 1757 3023 admodum,
1805 2969 1859 3014 et
1900 2976 2024 3030 quae

432 3067 542 3105 non
601 3050 760 3107 facile
823 3050 1025 3121 percipi
1060 3059 1302 3121 possent,
1330 3051 1670 3121 scripsisset,
1706 3051 1851 3125 nihil
1893 3066 2025 3107 vero

433 3145 503 3199 de
567 3146 862 3201 universali
914 3146 1153 3213 homine,
1198 3154 1253 3201 et
1315 3160 1437 3216 qua:
1503 3144 1557 3200 iu
1614 3146 1734 3215 ipso
1789 3145 2025 3200 faculta-

433 3247 517 3294 tes
562 3238 647 3292 vel
710 3238 954 3294 actiones
1012 3248 1177 3302 sunt,
1232 3253 1408 3309 neque
1472 3237 1541 3293 de
1584 3230 1726 3309 ejus.
1775 3237 2023 3308 corporis

435 3331 683 3398 partibus
732 3332 913 3401 ipsum
968 3346 1306 3387 memorasse
1343 3341 1683 3401 compertum
1733 3331 2018 3386 habemus.

432 3424 675 3480 Galenus
724 3426 886 3493 item,
923 3441 1048 3481 cum
1108 3427 1175 3481 de
1210 3425 1445 3496 partium
1507 3432 1704 3479 natura
1769 3438 1834 3478 ac
1883 3432 2023 3477 tem-

438 3522 879 3580 peramentorum
947 3515 1213 3585 qualitate
1271 3515 1606 3570 mentionem
1673 3514 1919 3579 faceret,
1965 3512 2019 3565 in

438 3604 585 3661 nulla
630 3620 860 3662 suorum
900 3622 1129 3677 operum
1162 3607 1487 3663 tractatione
1516 3608 1657 3661 hanc
1708 3622 1824 3661 rem
1858 3605 2021 3661 abso-

436 3700 549 3753 lute
599 3700 939 3771 perscripsit.
1013 3701 1270 3756 Socrates
1311 3710 1516 3767 autem,
1572 3700 1627 3754 in
1667 3715 1833 3770 opere
1874 3698 2020 3768 quod

434 3789 514 3845 De
555 3790 785 3846 hominis
824 3801 1021 3847 natura
1048 3792 1351 3861 inscripsit,
1392 3791 1630 3862 partium
1665 3792 1906 3847 hominis
1953 3806 2020 3846 ac

434 3882 723 3938 nominum
773 3884 1134 3953 proprietates
1167 3883 1514 3953 explicando,
1544 3886 1691 3955 quod
1739 3884 1807 3940 ad
1837 3899 2020 3955 gram-

438 3973 699 4028 maticum
723 3976 774 4049 2
804 3976 1009 4046 potius,
1040 3991 1206 4047 quam
1238 3976 1384 4046 quod
1416 3978 1482 4033 ad
1515 3977 1902 4048 philosophum
1938 3988 2021 4034 at-

438 4067 593 4129 tinet,
653 4067 932 4125 disseruit.
983 4068 1309 4126 Sanctorum
1363 4085 1493 4126 vero
1547 4069 1798 4137 Patrum,
1856 4080 2020 4143 atque

438 4158 695 4215 Ecclesiae
743 4162 992 4229 magistri
1026 4163 1440 4234 quamplurimi,
1503 4171 1565 4218 ut
1607 4163 1835 4233 Magnus
1876 4164 2019 4219 inter

434 4262 655 4308 sanctos
680 4252 871 4311 Patres
892 4253 1146 4323 Basilius,
1196 4256 1475 4329 Nysseuus
1500 4257 1828 4329 Gregorius,
1862 4259 2021 4314 divus

434 4345 882 4416 Chrysostomus,
923 4348 1225 4421 beatusque
1262 4348 1519 4422 Cyrillus,
1552 4366 1618 4407 ac
1649 4351 1897 4421 plerique
1926 4350 2020 4406 alii

433 4438 528 4505 qui
564 4437 653 4493 illa
688 4447 1015 4510 tempestate
1044 4441 1370 4506 ﬂoruerunt,
1404 4457 1530 4498 cum
1574 4443 1629 4498 in
1662 4457 1854 4497 eorum
1902 4456 2021 4496 ma-

436 4532 604 4599 gistra
633 4539 752 4588 arte
793 4534 956 4590 editis
991 4536 1345 4591 sermonibus
1371 4535 1439 4592 de
1474 4536 1639 4592 rebus
1677 4536 1880 4592 divinis
1907 4546 2020 4593 trao

2202 2868 2261 2921 Ὀ
2296 2868 2397 2938 μὲν
2428 2867 2536 2939 γάρ
2576 2867 2945 2939 Ἱπποκράτης
2975 2866 3348 2939 περὶφύσεως
3367 2864 3584 2919 παιδίου
3613 2868 3710 2920 καὶ

2121 2959 2316 3031 ἀνδρὸς
2345 2960 2565 3030 γράψας
2599 2959 2757 3028 ὀλίγα
2802 2959 2926 3013 τινά
2956 2960 3052 3014 καὶ
3080 2959 3515 3030 δυσδιάγνωστα,
3558 2958 3711 3011 οὐδὲν

2124 3053 2254 3127 περὶ
2274 3052 2382 3104 τοῦ
2396 3051 2642 3107 καθόλου
2674 3050 2965 3124 ἀνθρώπου
2992 3051 3425 3123 ἐμνημόνευσεν,
3450 3051 3483 3121 ἢ
3515 3051 3623 3104 τῶν
3652 3050 3711 3101 ἐν

2125 3146 2275 3219 αὐτῷ
2319 3147 2629 3216 δυνάμεων.
2669 3146 2702 3218 ἢ
2750 3145 3129 3218 ὲνεργειῶν,ἣ
3177 3144 3287 3198 τῶν
3329 3144 3423 3197 τοῦ
3458 3142 3713 3215 σώματος

2132 3239 2364 3309 μορίων.
2421 3238 2483 3291 Ὀ
2534 3238 2592 3291 δὲ
2642 3238 2658 3268 ⁸
2726 3236 2972 3308 Γαληνὸς
3025 3236 3157 3307 περὶ
3214 3235 3434 3305 φύσεως
3503 3233 3713 3305 μορίων

2128 3333 2416 3405 μνησθεὶς,
2452 3333 2547 3386 καὶ
2578 3331 2710 3403 περὶ
2744 3330 3019 3402 κράσεων,
3056 3331 3114 3384 ἐν
3136 3329 3367 3400 οὐδεμιᾷ
3392 3327 3500 3381 τῶν
3525 3342 3710 3398 πραγ-

2128 3425 2371 3497 ματειῶν
2394 3424 2563 3481 αὐτοῦ
2593 3424 2849 3494 φαίνεται
2900 3422 3161 3492 τοιαύτην
3220 3421 3535 3492 ὁλοκλήρως
3571 3420 3710 3474 ὑπό-

2131 3519 2284 3574 θεσιν
2312 3518 2662 3589 ἀναγράψας.
2688 3516 2993 3588 Σωκράτης
3021 3516 3079 3569 δὲ
3108 3514 3474 3585 ἐτυμολογίας
3512 3513 3714 3584 μᾶλλον

2128 3612 2334 3684 μορίων
2361 3612 2459 3666 καὶ
2484 3610 2767 3681 ὀνομάτων
2788 3610 2846 3662 ἐν
2868 3607 2946 3679 τῷ
2968 3606 3108 3677 Περὶ
3134 3607 3375 3677 φύσεως
3394 3605 3714 3674 ἀνθρώπου

2128 3704 2471 3774 συντάγματι
2506 3699 2674 3756 αὐτοῦ
2698 3700 2800 3776 [τε.
2839 3701 2893 3756 in
2921 3698 3173 3772 Timmo],
3198 3700 3278 3763 ὡς
3311 3696 3712 3769 γραμματικὸς

2124 3792 2158 3865 ἦ
2191 3792 2487 3864 φιλόσοφος
2511 3790 2865 3857 συνετάξατο.
2884 3790 2950 3846 Οἱ
2979 3790 3038 3844 δὲ
3066 3789 3214 3859 ἆγιοι
3238 3790 3331 3842 καὶ
3359 3790 3459 3858 τῆς
3495 3786 3708 3857 Ἐκκλη-

2079 3947 2089 3957 _
2125 3885 2244 3949 σίας
2270 3884 2609 3952 διδάσκαλοι,
2640 3879 2753 3938 οἷον
2782 3886 2810 3938 ὁ
2857 3884 3033 3955 μέγας
3068 3883 3373 3946 Βασίλειος-,
3409 3884 3438 3936 ό
3479 3880 3709 3950 ἀδελφὸς

2125 3978 2324 4033 αὐτοῦ’
2383 3978 2688 4051 Γρηγόριος
2732 3976 2991 4049 Νύσσης,
3044 3978 3073 4031 ό
3125 3974 3504 4048 χρυσολόγος⁸
3563 3975 3713 4045 Χρυ-

2125 4070 2389 4142 σόστομος
2438 4072 2534 4126 καὶ
2586 4074 2614 4126 ό
2676 4071 3190 4144 παμμακάριστοςδ
3262 4071 3559 4143 Κύριλλος,
3615 4071 3713 4124 καὶ⁸

2122 4163 2272 4220 ἄλλοι
2304 4163 2492 4219 πολλοὶ
2530 4165 2642 4220 τῶν
2679 4167 2799 4219 κατ’
2831 4166 3031 4229 αὐτοὺς
3060 4167 3117 4221 ὲν
3138 4167 3254 4228 τοῖς
3295 4164 3483 4233 λόγοις
3519 4162 3705 4217 αὐτῶν

2122 4261 2233 4322 τοῖς
2253 4257 2661 4321 διδασκαλικοῖς
2691 4258 2788 4312 σὺν
2821 4256 2899 4329 τῷ
2934 4257 3232 4328 θεολογικῷ
3263 4256 3481 4321 καλῶς1⁵
3514 4272 3710 4327 φυσιο-

2121 4348 2478 4421 λογήσαντες,
2548 4349 2723 4403 πολλὰ
2772 4350 2902 4418 περὶ
2951 4349 3062 4403 τῶν
3105 4348 3201 4403 τοῦ
3258 4348 3516 4422 σώματος
3553 4345 3711 4418 ἡμῶν

2125 4443 2353 4514 μορίων,
2377 4443 2474 4497 καὶ
2500 4442 2610 4498 τῶν
2640 4442 2895 4515 ψυχικῶν
2927 4444 3024 4499 καὶ
3054 4442 3306 4508 ζωτικῶν
3332 4442 3430 4496 καὶ
3462 4437 3708 4512 φυσικῶν

2123 4533 2412 4606 δυνάμεων
2460 4535 2557 4589 καὶ
2601 4535 2894 4607 ἐνεργειῶν
2942 4535 3467 4608 συνεφιλοσόφησαν.
3517 4530 3708 4594 Οὐδεὶς

434 4629 645 4676 etautes
677 4623 744 4678 de
789 4633 996 4679 naturae
1034 4627 1200 4680 etiam
1248 4626 1698 4695 interpretatione
1750 4640 2018 4697 praecepta

2127 4626 2312 4699 μέντοι
2342 4644 2407 4697 γε
2437 4628 2545 4682 τῶν
2573 4628 2997 4700 προειρημένων
3037 4627 3274 4701 ἀνδρῶν,
3307 4627 3341 4700 ἢ
3387 4626 3496 4680 τῶν
3537 4621 3710 4693 ἀγίων

437 4714 731 4780 traderent,
749 4716 1157 4786 plurimumque
1168 4716 1366 4790 procul
1389 4716 1558 4771 dubio
1577 4717 1642 4771 de
1663 4717 2014 4785 animalibus,

439 4804 701 4860 vitalibus
722 4805 1179 4876 naturalibusque
1209 4804 1565 4860 facultatibus
1605 4815 1767 4876 atque
1785 4808 2016 4862 actioni—

437 4898 538 4952 bus
572 4897 941 4969 philosophati
976 4906 1182 4961 essent,
1209 4912 1371 4952 nemo
1399 4913 1463 4953 ex
1493 4898 1579 4952 his
1608 4913 1747 4969 quos
1777 4901 2015 4955 asserui-

438 5006 560 5045 mus
590 4991 747 5057 viris,
778 4992 865 5046 vel
917 4990 1126 5047 sanctis
1166 4989 1459 5058 Pati-ibus,
1514 4991 1586 5045 ita
1630 4991 1859 5062 hujusce
1900 5003 2015 5047 tra-

432 5081 690 5137 ctationis
740 5096 855 5136 rem
894 5080 1236 5151 perscripsit,
1290 5090 1349 5135 ut
1378 5082 1483 5136 sub
1531 5098 1638 5137 uno
1690 5096 2014 5154 argumento

434 5173 609 5226 solum
656 5171 762 5228 hoc
792 5187 931 5244 Opus
974 5171 1279 5227 absolvisse
1321 5173 1612 5228 videretur.
1656 5174 1764 5230 Nos
1805 5184 2012 5239 autem,

2123 4719 2334 4772 τούτων
2361 4720 2689 4791 συναγαγὼν
2724 4721 2977 4791 φαίνεται
3008 4720 3110 4794 τὴν
3140 4722 3269 4792 ὅλην
3301 4719 3587 4783 ὑπόθεσιν,
3613 4714 3709 4769 τοῦ

2128 4811 2258 4880 μίαν
2272 4812 2293 4843 ⁸
2314 4813 2703 4883 πραγματείαν
2725 4814 3056 4868 ἀποτελέσαι
3078 4827 3094 4842 °
3112 4814 3181 4867 τὰ
3195 4809 3291 4867 οὖν
3308 4809 3710 4882 διεσπαρμένα,

2122 4903 2200 4966 ὡς
2243 4904 2302 4956 ἐν
2340 4905 2460 4967 ταῖς
2496 4903 2705 4958 τούτων
2754 4904 2960 4975 βίϐλοις
2994 4903 3317 4975 ὲγκείμενα,
3352 4901 3516 4963 αὐτὸς
3538 4894 3715 4955 ,ἐκλα-

2123 4995 2257 5063 6ὼν,
2283 4994 2343 5048 τὸ
2362 4994 2537 5067 παρὸν
2562 4996 2639 5059 ὡς
2656 4995 2778 5050 ὲνδν
2808 4997 3236 5067 συνεστησάμην
3260 4996 3324 5067 δὴ
3341 4994 3710 5066 σύγγραμμα.

2123 5088 2250 5150 Τοῖς
2300 5088 2420 5158 μὲν,
2470 5087 2547 5148 ὡς
2580 5088 2752 5153 εἰκὸς,
2804 5088 2951 5159 ἔχειν
2983 5089 3119 5143 αὐτὸ
3158 5088 3534 5159 βουλομένοις,
3572 5085 3710 5139 ὑπό-

2126 5195 2317 5249 μνημα
2344 5177 2446 5249 τῆς
2466 5179 2684 5247 φύσεως
2715 5180 2938 5250 καὶτῆς
2973 5180 3294 5243 συστάσεως
3325 5178 3423 5232 τοῦ
3456 5174 3711 5247 σώματος

434 5278 555 5329 qiue
585 5264 637 5317 in
688 5276 882 5316 eorum
932 5262 1091 5318 libris
1144 5264 1376 5333 sparsim
1433 5269 1610 5336 posita
1659 5268 2014 5323 inveniuntur

2123 5272 2316 5336 παντὸς
2333 5272 2594 5343 ἐσόμενον
2614 5289 2627 5302 ·
2652 5275 2781 5343 ἐμοὶ
2811 5273 2869 5327 δὲ
2892 5273 3201 5345 γυμνάσιον
3227 5274 3440 5344 καὶτῆς
3464 5269 3711 5343 ἀμαθίας

434 5355 749 5424 δι-Ιίιιοηιρε,
784 5354 1058 5431 provirili
1091 5357 1232 5412 hanc
1267 5359 1645 5414 tractationem
1690 5360 2014 5430 perscripsi-

2116 5363 2457 5435 προσφύγιον
2471 5365 2515 5418 ⁷.
2545 5368 2638 5417 Δεῖ
2654 5365 2858 5422 οὖντὸν
2876 5366 3233 5438 ἀπεριέργως
3254 5365 3500 5435 ἀναγινώ
3509 5381 3711 5419 σκοντα

433 5462 579 5513 "ius,
621 5459 734 5517 quo
775 5447 1038 5505 studiosis
1072 5450 1214 5505 ratio
1243 5451 1309 5506 de
1339 5452 1506 5507 totius
1538 5453 1788 5522 corporis
1819 5463 2013 5508 natura

2123 5456 2256 5527 μετά
2271 5457 2492 5528 ἀγάπης
2508 5460 2604 5513 καὶ
2622 5458 2791 5528 φόϐου
2804 5458 2965 5525 Θεοῦ,
2980 5461 3075 5515 καὶ
3087 5462 3251 5531 χάριν
3268 5458 3537 5529 ὠφελείας
3553 5455 3713 5511 τοῦτο

432 5550 599 5610 atque
652 5540 1044 5598 constitutione
1094 5552 1356 5614 perpetuo
1410 5544 1463 5599 in
1517 5554 1772 5616 promptu
1822 5545 2011 5610 ﬁeret;

433 5648 536 5688 nos
569 5648 700 5687 vero
729 5637 1213 5693 exercitamenlum
1246 5638 1586 5709 inscitiaequc
1636 5647 1838 5694 nostra:
1870 5637 2017 5693 refu-

510 5749 895 5820 ιγάρΑΒΟ.

994 5756 1013 5786 ²
1042 5754 1272 5825 ἀδελφὸς
1304 5753 1469 5808 αὑτοῦ
1506 5772 1614 5810 om.
1667 5754 1727 5810 Ρ.

431 5819 452 5853 τ
488 5819 787 5892 προφύγιον
809 5827 870 5878 Α.

1833 5757 1852 5788 ³
1883 5757 2027 5820 θεῖος
2061 5754 2121 5810 Ρ.
2217 5757 2238 5788 ’⁵
2272 5757 2541 5828 μακάριος
2572 5755 2631 5814 Ρ.

2116 5551 2320 5635 ποιεῖν’
2353 5549 2448 5602 καὶ
2477 5550 2553 5620 μὴ
2582 5548 2840 5620 θηρεύειν
2873 5550 3052 5616 λέξεις
3084 5552 3222 5623 πρὸς
3252 5551 3313 5605 τδ
3333 5549 3586 5615 κακίζειν
3612 5546 3705 5599 τὸν

2116 5638 2598 5709 συγγραψάμενον.
2637 5641 2775 5696 Οὐδὲ
2802 5642 2908 5714 γάρ
2932 5646 3120 5710 πᾶσιν,
3149 5643 3226 5708 ὡς
3253 5638 3434 5715 οἶμαι,
3460 5638 3709 5709 εὔληπτα

2736 5760 2756 5791 ⁸
2793 5760 2975 5827 καλῶς
3014 5761 3052 5817 Ρ
3083 5777 3252 5833 marg.
3349 5759 3369 5790 ⁶
3405 5758 3480 5832 μὴ
3512 5757 3611 5829 τήν
3640 5759 3703 5812 Λ.

508 5914 582 5985 (ι)
616 5913 726 5972 [Ioc
761 5919 1088 5987 prowmium
1116 5928 1168 5973 et
1195 5917 1433 5972 tabulam
1466 5917 1603 5972 inira
1640 5920 1870 5988 positam
1900 5920 2000 5975 soli
2046 5920 2246 5974 habent
2279 5921 2344 5975 Α.
2383 5920 2444 5978 Ρ.
