4138 6458
333 431 465 490 1081

1511 387 1527 396 ’
1561 431 1646 484 os
1689 429 1977 487 unum
2017 427 2327 487 nontuts.

3493 422 3634 481 1082

324 554 507 626 τέρων
557 553 599 585 ’⁷
632 553 906 620 ἐνώσεως,
958 552 1053 606 καὶ
1078 550 1187 605 τῶν
1220 550 1281 617 ἐξ
1314 552 1520 622 ἀμφοῖν
1556 554 1599 585 ¹⁸
1625 551 1930 621 γινομένων

2043 551 2237 605 stantia
2298 548 2587 613 habeatur,
2620 556 2676 602 et
2708 545 3074 619 quomodo'in
3120 540 3354 617 corpore
3386 559 3633 616 :ompre-

326 645 627 719 ἐνεργειῶν
652 646 748 700 καὶ
775 645 1063 717 δυνάμεων
1090 645 1189 698 καὶ
1214 644 1526 714 αἰσθήσεων
1546 661 1562 676 ·
1584 645 1685 698 καὶ
1707 644 1810 711 τῆς
1835 642 1932 696 τοῦ

327 739 589 811 σώματος
620 736 781 810 ἡμῶν
804 736 1190 801 διαπλάσεως·
1224 735 1320 790 καὶ
1349 735 1409 803 ἐξ
1457 737 1601 790 ὅσων
1651 734 1935 806 στοιχείων

328 828 659 884 συνίσταται
677 846 691 859 ·
726 827 824 883 καὶ
844 828 925 891 εἰς
947 828 1048 881 ὅσα
1071 826 1508 899 καταμερίζεται
1531 826 1718 900 μόρια,
1742 824 1934 880 πολλοὶ

326 922 438 974 τῶν
481 919 737 992 ἀρχαίων
793 919 979 991 σοφῶν
1013 920 1106 974 καὶ
1141 919 1346 992 ἰατρῶν
1373 919 1706 992 διωρίσαντό
1736 937 1797 973 τε
1838 920 1935 974 καὶ

330 1013 616 1086 ἔγραψαν,
643 1015 709 1068 ὲκ
740 1016 961 1085 σοφίας,
1004 1015 1099 1068 καὶ⁸
1130 1015 1426 1081 συνέσεως,
1463 1015 1558 1069 καὶ
1587 1013 1934 1086 ἀνατομικῆς

330 1106 651 1177 ἐπιστήμης
701 1105 1219 1178 ὲξακριϐωσάμενοι
1274 1107 1477 1162 πάντα.
1532 1108 1646 1162 Καὶ
1711 1107 1781 1163 τά
1835 1107 1935 1179 μέν

332 1199 465 1271 περὶ
490 1196 749 1269 σώματος
781 1200 824 1232 ι’
857 1200 1048 1263 αὐτοῖς
1072 1199 1405 1271 πονηθέντα,
1441 1201 1580 1254 πᾶσι
1608 1202 1725 1265 τοῖς
1758 1200 1934 1273 εὐμα-

330 1289 455 1346 θέσι
483 1291 579 1344 καὶ
604 1290 923 1359 φιλοπόνοις
952 1291 1224 1362 ἔγνωσται
1254 1293 1351 1346 καὶ
1376 1292 1813 1365 ἀνωμολόγηται,
1838 1292 1937 1347 καὶ

332 1378 601 1445 ὡσαύτως
627 1381 674 1413 ¹⁰
703 1380 850 1453 ἔχειν
879 1382 1294 1454 διατετήρηται.
1328 1384 1476 1438 Ὅσα
1503 1383 1564 1437 δὲ
1590 1385 1722 1455 περὶ
1753 1384 1936 1455 ψυχῆς

334 1474 743 1545 ἐφιλοσόςρησαν
793 1477 836 1507 ²¹
896 1476 1165 1549 Ἕλληνες
1224 1476 1431 1547 μάταια
1489 1475 1934 1549 ἀπεδείχθησαν

332 1568 489 1621 οὐδὲν
518 1567 632 1639 γὰρ
664 1569 796 1640 περὶ⁵
827 1568 929 1640 τῆς
965 1569 1155 1634 οὐσίας
1204 1569 1380 1640 αὐτῆς
1433 1568 1633 1640 ἀληθὲς
1680 1570 1939 1642 ἐδυνήθηο

336 1678 436 1714 σαν
454 1662 499 1693 ²²
528 1659 1082 1732 βεόαιὼσασθαι¹³,ἢ
1115 1661 1284 1727 δεῖξαι
1313 1662 1476 1734 ὁποία
1499 1664 1566 1734 τῇ
1590 1659 1754 1732 φύσει
1784 1662 1933 1716 ἐστί·

334 1750 472 1805 ἀλλὰ
502 1751 615 1823 γὰρ
646 1753 743 1807 καὶ
790 1753 1210 1825 προϋφεστάναι
1241 1752 1338 1808 τοῦ
1396 1752 1655 1824 σώματος
1700 1755 1933 1825 ταύτην,

333 1842 431 1897 καὶ
459 1840 702 1912 ἔμπαλιν
730 1843 943 1912 ταύτης
971 1843 1033 1896 τὸ
1071 1842 1259 1914 σῶμα,
1307 1843 1452 1908 τινὲς
1487 1843 1669 1897 αὐτῶν
1696 1844 1937 1916 ἐφληνά-

334 1951 540 2005 φησαν.
570 1934 743 1989 ,Ὅθεν
771 1935 867 1989 καὶ
895 1935 1208 2005 ἀσύμφωνα
1240 1935 1442 2000 πάντες
1461 1935 1931 2009 διαφωνήεαντες,
1969 1928 2010 1983 Β

333 2025 767 2098 ἐματαιώθησαν
816 2029 876 2080 ἐν
902 2028 1016 2091 τοῖς
1056 2027 1268 2082 ἑαυτῶν
1300 2029 1346 2060 ³⁸
1373 2027 1771 2099 διαλογισμοῖς.
1808 2030 1933 2082 Ὅτι

337 2119 440 2190 μὲν
468 2115 565 2173 οὖν
596 2118 676 2191 τῷ
711 2118 931 2191 σώματι
967 2117 1364 2190 συνυφαίνεται
1386 2121 1419 2190 ἡ
1444 2119 1593 2192 ψυχὴ
1617 2123 1683 2187 ’⁵,
1725 2122 1820 2175 καὶ
1849 2122 1932 2176 ὅτι

333 2213 642 2285 τιμιωτέρα
669 2212 867 2266 τούτου
914 2212 1123 2284 ἐκείνη,
1165 2213 1260 2266 καὶ
1292 2214 1630 2286 κυριωτέρα,
1686 2214 1784 2269 καὶ
1825 2215 1934 2269 ἀπὸ

330 2306 542 2377 ταύτης
573 2306 649 2370 ὡς
678 2305 914 2378 ὄργανον
942 2305 1105 2361 τοῦτο
1126 2309 1388 2373 κινεῖται,
1418 2308 1515 2361 καὶ
1537 2305 1678 2380 αὔτη
1710 2307 1760 2339 ²⁶
1782 2308 1933 2362 ἐστὶν

331 2402 365 2471 ἡ
402 2400 753 2471 ζωογονοῧσα
784 2402 882 2455 καὶ
926 2401 1317 2474 συγκρατοῦσα
1370 2401 1505 2455 αὐτὸ
1537 2402 1767 2474 πρόνοια
1795 2402 1933 2455 Θεοῦ

333 2494 429 2549 καὶ
476 2496 698 2565 φύσεως
747 2495 793 2526 ³⁷
840 2495 1175 2549 ἀκολουθία’
1223 2495 1318 2549 καὶ
1363 2497 1448 2550 ὅτι
1478 2496 1640 2551 ούσία
1686 2496 1732 2527 ’⁸
1783 2496 1934 2549 ἐστὶν

330 2589 651 2660 ἀσώματος,
683 2589 904 2660 λογικὴ,
940 2588 1106 2660 νοερά
1130 2590 1225 2642 καὶ
1248 2589 1541 2655 ἀθάνατος,
1570 2591 1706 2644 πᾶσι
1730 2591 1845 2653 τοῖς
1871 2585 1932 2644 εὖ

333 2682 602 2754 φρονοῦσι
651 2682 899 2751 γνωστόν
944 2684 1012 2735 ⁸³.
1058 2683 1124 2735 Τί
1163 2682 1210 2736 δ’
1262 2683 1382 2738 ἐστὶ
1438 2685 1505 2754 τῇ
1550 2683 1713 2755 ούσίᾳ
1739 2683 1806 2748 ³ο,
1838 2683 1934 2736 καὶ

332 2775 451 2838 πῶς
475 2777 534 2828 ἐν
572 2773 789 2846 σώματι
820 2775 883 2827 τὸ
911 2773 1208 2846 ἀσώματον
1239 2775 1308 2842 ³¹,
1346 2774 1510 2846 μόνου
1540 2774 1698 2828 τοῦτο
1733 2775 1934 2830 εἰδέναι

333 2864 497 2930 Θεοῦ,
540 2865 637 2920 τοῦ
684 2867 795 2920 τῶν
856 2865 1167 2940 ἀνθρώπων
1213 2867 1582 2940 δημιουργοῦ.
1622 2868 1790 2922 Ὅθεν
1842 2869 1937 2923 καὶ

330 2961 498 3031 ἡμεῖς
535 2960 631 3014 τὸν
657 2959 790 3030 περὶ
818 2960 1000 3031 ψυχῆς
1031 2961 1075 2993 ³⁸
1115 2960 1223 3034 ἰδίᾳ
1266 2961 1427 3030 λόγον
1457 2960 1825 3025 ἀπολιπόντες
1865 2962 1932 3026 ³³,

333 3051 405 3106 τά
439 3052 575 3122 περὶ
602 3055 706 3125 τῆς
734 3052 830 3107 τοῦ
861 3052 1099 3108 καθόλου
1125 3052 1346 3124 φύσεως
1370 3053 1665 3127 ἀνθρώπου
1691 3054 1739 3086 ³δ
1768 3072 1936 3126 πονη-

334 3147 500 3201 θέντα
532 3148 687 3220 παρὰ
719 3147 830 3203 τῶν
877 3147 1128 3220 ἀρχαίων
1164 3147 1231 3215 ³³,
1259 3149 1357 3203 καὶ
1395 3134 1939 3222 σποράδην’κείμενα

333 3241 393 3293 ἐν
422 3240 790 3313 ἀνατομικαῖς
826 3239 871 3273 ⁵⁸
921 3242 1019 3294 καὶ
1076 3239 1502 3311 ἐτυμολογικαῖς
1538 3240 1747 3311 βίϐλοις
1793 3242 1938 3297 κατά

332 3333 397 3386 τὸ
425 3334 562 3405 ἡμῖν
579 3334 805 3404 ἐφικτὸν
834 3332 1202 3404 ἐκλεξάμενοι
1226 3334 1294 3395 ³⁷,
1320 3335 1399 3397 εἰς
1419 3333 1479 3387 ἒν
1508 3333 1836 3406 κατάξωμεν
1854 3336 1901 3368 ³⁸
1921 3351 1936 3365 ·

334 3424 409 3490 ὡς
426 3426 495 3480 ἂν
523 3424 747 3495 ἔχοιμεν
769 3425 814 3456 ³⁸
848 3425 907 3491 ἐξ
930 3425 1153 3495 ἑτοίμου
1187 3425 1486 3494 μανθάνειν
1515 3425 1610 3478 καὶ
1634 3425 1940 3498 θαυμάζειν

334 3521 429 3572 τὸν
460 3518 857 3590 ἀριστοτέχνην
880 3518 1017 3571 Θεόν
1033 3537 1046 3551 ο
1074 3517 1171 3571 καὶ
1194 3516 1338 3588 μετὰ
1357 3517 1451 3571 τοῦ
1472 3519 1758 3590 προφήτου
1783 3519 1936 3593 βοᾷνο

337 3608 801 3680 Ἐθαυμαστώθη
837 3611 876 3680 ἡ
901 3609 1132 3680 γνῶσίς
1163 3624 1283 3664 σου
1310 3609 1380 3675 ἐξ
1403 3609 1576 3680 ἐμοῦ.

2037 640 2334 701 hendatur,
2374 637 2555 708 deque
2581 652 2772 692 eorum
2807 636 3116 692 adinvicem
3144 635 3365 704 copula,
3391 651 3492 690 nec
3519 649 3630 691 non

2036 748 2158 801 quae
2178 731 2464 800 utriusque
2481 729 2731 785 actiones
2759 727 3160 797 facultatesque
3186 740 3252 781 ac
3273 741 3470 780 sensus
3497 739 3630 794 pro-

2034 823 2284 889 veniunt,
2314 831 2372 879 et
2420 836 2661 893 quonam
2698 830 2860 892 pacto
2890 835 3093 889 corpus
3127 826 3381 873 nostrum
3433 816 3635 872 forme-

2036 924 2147 983 tur,
2177 923 2379 985 quotve
2429 912 2719 969 elementis
2771 911 3059 976 consistat,
3110 919 3165 966 et
3189 919 3324 980 quot
3368 909 3420 964 in
3451 918 3635 979 partes

2037 1009 2277 1065 divisum
2315 1007 2408 1074 sit,
2438 1007 2711 1076 sapientia
2759 1020 2862 1061 sua
2898 1020 2964 1060 ac
2996 1003 3357 1060 dissectionis
3401 1001 3636 1058 scientia

2036 1102 2338 1174 prudenter
2358 1100 2702 1162 deﬁnientes,
2733 1096 3150 1154 accuratissime
3171 1096 3632 1167 perscripserunt;

2037 1206 2091 1252 et
2123 1212 2186 1251 ea
2210 1195 2431 1267 quidem
2465 1210 2587 1266 quae
2610 1192 2713 1265 ipsi
2746 1193 2815 1248 de
2844 1207 3075 1263 corpore
3099 1191 3406 1245 litterarum
3435 1203 3631 1243 monu-

2038 1289 2242 1345 mentis
2275 1290 2629 1351 mandarunt,
2665 1285 2939 1341 universis
2981 1284 3075 1354 qui
3107 1290 3251 1339 recte
3278 1280 3522 1336 discendi
3552 1280 3635 1334 la-

2039 1381 2203 1437 bores
2248 1380 2489 1438 subeunt
2528 1379 2691 1450 plane
2747 1385 2956 1449 patent,
2991 1376 3184 1446 eisque
3232 1372 3633 1437 assentiuntur,

2038 1490 2103 1529 ac
2135 1473 2214 1529 uti
2241 1488 2306 1528 ea
2336 1472 2609 1527 habentur
2636 1470 2950 1527 observant.
2993 1468 3126 1535 Quae
3155 1481 3287 1521 vero
3313 1464 3542 1537 gentiles
3568 1463 3638 1518 de

2039 1569 2225 1623 anima
2272 1565 2643 1638 philosophati
2698 1574 2848 1630 sunt,
2925 1561 3110 1617 inania
3162 1559 3635 1621 demonstrarunt,

2040 1661 2178 1715 nihil
2212 1659 2360 1715 enim
2385 1673 2577 1716 verum
2610 1656 2678 1713 de
2701 1657 2822 1728 ejus
2874 1654 3205 1715 substantia,
3242 1651 3327 1707 vel
3368 1664 3489 1721 quae
3516 1648 3638 1718 ejus

2039 1763 2237 1808 natura
2286 1751 2554 1807 habeatur
2588 1750 2770 1823 potuit
2821 1749 2891 1804 ab
2921 1746 3056 1819 ipsis
3116 1734 3346 1811 adduci;
3385 1741 3638 1813 quiuimo

2039 1862 2230 1903 eorum
2259 1844 2507 1900 nonnulli
2553 1856 2786 1912 corpore
2818 1840 2994 1911 ipsam
3028 1830 3292 1909 priorem,
3327 1832 3419 1889 sed
3459 1839 3513 1886 et
3545 1829 3634 1884 alii

2042 1956 2122 1996 cm
2137 1954 2242 2010 pus
2268 1937 2510 1994 vicissim
2546 1936 2663 2007 ipsa
2698 1935 2852 2006 prius
2878 1948 3001 1989 esse
3027 1938 3428 1990 asseverantes,
3460 1938 3638 1996 nugas

2043 2032 2369 2087 attulerunt.
2425 2028 2801 2099 Quapropter,
2844 2041 2969 2083 cum
3001 2026 3194 2081 Omnes
3228 2019 3510 2078 discordes
3541 2018 3640 2072 ad-

2042 2124 2277 2180 invicem
2299 2122 2598 2179 sententias
2627 2120 2981 2185 adducerent,
3014 2117 3067 2172 in
3090 2113 3411 2187 hujusmodi
3444 2111 3639 2182 dispuo

2043 2218 2346 2276 tationibus
2372 2216 2660 2273 vanissimi
2693 2214 2865 2271 habiti
2889 2221 3038 2270 sunt.
3063 2212 3220 2280 Quod
3247 2217 3429 2266 autem
3453 2208 3638 2263 anima

2042 2331 2155 2372 uno
2183 2322 2443 2370 contextu
2475 2327 2600 2370 cum
2645 2325 2880 2381 corpore
2915 2308 3185 2372 ordiatur,
3222 2306 3453 2377 ipsoque
3480 2303 3639 2359 nobi-

2042 2410 2147 2465 liur
2176 2425 2242 2465 ac
2275 2406 2448 2479 magis
2473 2404 2751 2478 praecipua
2780 2402 3071 2466 habeatur,
3099 2399 3361 2472 quodque
3415 2396 3485 2452 ab
3520 2396 3641 2465 ipsa

2043 2517 2247 2574 corpus
2275 2516 2375 2557 ceu
2423 2500 2852 2556 instrumentum
2888 2504 3197 2557 moveatur,
3254 2507 3356 2548 nec
3381 2506 3487 2545 non
3522 2489 3640 2560 ipsa

2044 2598 2114 2654 sit
2135 2611 2257 2668 qua:
2278 2596 2327 2649 ei
2366 2593 2533 2648 vitam
2559 2592 2782 2655 tribuat,
2809 2606 2873 2647 ac
2894 2589 2988 2646 Dei
3017 2586 3359 2661 providentia
3404 2592 3644 2639 naturae-

2045 2707 2152 2763 que
2200 2690 2395 2747 ordine
2426 2688 2558 2743 illud
2600 2686 2899 2751 contineat,
2927 2683 3185 2756 quodque
3217 2697 3283 2738 ea
3331 2676 3642 2737 substantia

2043 2801 2276 2856 corpore
2330 2796 2559 2846 vacans,
2594 2779 2811 2835 ratione
2854 2777 3103 2850 praedita,
3155 2770 3547 2830 intellcetualis
3574 2784 3642 2825 ac

2045 2875 2378 2935 immortalis
2411 2876 2504 2941 sit,
2535 2872 2671 2929 nulli
2726 2886 2837 2926 non
2887 2869 3091 2925 mentis
3141 2875 3428 2937 compotes
3476 2878 3645 2919 nove-

2046 2982 2199 3027 runt.
2227 2970 2359 3036 Qua:
2389 2977 2572 3024 autem
2605 2965 2693 3021 illa
2727 2962 3035 3021 substantia
3067 2961 3161 3024 sit,
3199 2968 3253 3015 et
3278 2974 3517 3031 quonam
3548 2972 3646 3027 pa-

2047 3073 2137 3120 cto
2181 3064 2238 3136 6
2279 3061 2424 3134 quod
2461 3074 2695 3130 corpore
2746 3064 2920 3121 caret,
2967 3054 3024 3110 in
3074 3067 3307 3124 corpore
3349 3050 3644 3114 consistat,

2050 3161 2154 3216 hoc
2177 3158 2348 3215 solius
2375 3155 2473 3211 Dei
2503 3155 2597 3226 qui
2631 3154 2907 3209 hominem
2937 3149 3146 3206 creavit
3175 3162 3340 3203 nosse
3360 3154 3465 3203 est.
3493 3144 3647 3213 Qua-

2049 3257 2271 3320 propter
2299 3255 2355 3303 et
2390 3259 2489 3300 nos
2525 3243 2857 3315 peculiarem
2897 3240 2965 3296 de
2995 3240 3178 3294 anima
3202 3236 3317 3308 ipsa
3339 3236 3645 3290 orationem

2050 3347 2278 3399 missam
2327 3341 2617 3405 facientes,
2669 3353 2791 3409 qua:
2823 3336 2892 3391 ab
2939 3332 3187 3404 antiquis
3217 3332 3285 3387 de
3310 3327 3647 3403 ,universalis

2047 3434 2293 3491 hominis
2335 3440 2533 3487 natura
2564 3430 2867 3501 perscripta
2897 3436 3048 3490 sunt,
3089 3437 3323 3494 quaeque
3347 3421 3505 3478 libris
3526 3422 3647 3478 dis-

2049 3528 2324 3586 sectiones
2350 3524 2760 3594 verborumque
2798 3520 3189 3594 proprietatem
3233 3516 3649 3572 continentibus

2051 3616 2292 3690 sparsim
2351 3614 2785 3685 comprehensa,
2828 3626 2931 3683 pro
2978 3608 3122 3664 virili
3161 3608 3484 3679 deligentes,
3534 3623 3647 3678 quo

339 3703 500 3758 nobis
532 3702 681 3758 unde
710 3703 1051 3759 disceremus
1078 3710 1333 3774 paratum
1378 3703 1470 3769 sit,
1505 3702 1559 3758 in
1609 3705 1773 3762 unius
1838 3712 2022 3780 operis
2067 3710 2269 3769 seriem
2336 3708 2674 3779 redigemus,
2707 3706 2855 3761 unde
2925 3703 3249 3775 praeclarum
3309 3716 3495 3756 rerum
3524 3700 3649 3769 opi-

339 3804 495 3857 ﬁcem
525 3802 693 3857 Deum
721 3801 1110 3872 mirari,atque
1136 3801 1516 3871 propheticum
1570 3801 1725 3871 illud,
1766 3804 2038 3866 Mirabilis
2061 3810 2210 3881 facta
2236 3816 2315 3863 est
2353 3805 2577 3862 scicntia
2605 3813 2696 3858 tua
2718 3818 2783 3858 ea:
2808 3817 2890 3856 me
2913 3802 2930 3832 ι
2950 3843 2966 3867 ,
3015 3798 3198 3856 dicere
3227 3797 3531 3853 valeamus.

410 3893 721 3958 Μέλλοντες
752 3894 809 3948 δὲ
835 3889 1021 3947 ’τοῦτο
1065 3895 1264 3959 ποιεῖν,
1297 3893 1763 3967 ὲπικαλεσώμεθα
1802 3900 1944 3972 Χρι-

340 3987 468 4039 στὸν
512 3984 605 4039 τὸν
656 3984 796 4039 Θεὸν
851 3984 1012 4056 ἡμῶν
1048 3985 1117 4049 ⁴⁰,
1168 3985 1264 4039 ἐπὶ
1313 3984 1376 4038 τὸ
1409 3988 1454 4024 δι
1512 3988 1799 4044 συνετίσαι
1849 3993 1946 4045 καὶ

339 4077 687 4150 συμϐιϐάσαι
721 4080 768 4110 ⁵³
799 4078 949 4149 ἡμᾶς
978 4079 1037 4132 ἐν
1065 4080 1132 4150 τῇ
1168 4078 1276 4149 ὀδῷ
1302 4080 1475 4152 ταύτῃ
1555 4081 1908 4155 πορευόμεθα
1930 4102 1944 4116 ⁸

2116 3901 2255 3958 Cum
2312 3908 2498 3956 autem
2559 3896 2722 3953 nobis
2782 3895 2887 3951 hoc
2943 3908 3106 3967 agere
3166 3891 3511 3963 propositum
3554 3889 3646 3945 sit.

2046 3993 2250 4051 Christi
2291 3991 2386 4048 Dei
2432 3990 2609 4046 nostri
2669 3988 2936 4045 auxilium
2988 3985 3381 4056 imploremus,
3423 3982 3516 4055 qui
3545 3999 3651 4038 na-

2050 4095 2188 4142 tura:
2212 4093 2418 4141 nostra:
2447 4081 2654 4155 epifex,
2685 4090 2743 4137 et
2764 4079 3049 4151 sapientiae
3099 4078 3294 4143 dator,
3327 4092 3393 4133 ac
3423 4076 3648 4146 sapien-

338 4172 423 4226 ὅτι
471 4170 639 4235 αὑτός
673 4173 794 4225 ἐστι
827 4170 923 4224 καὶ
972 4172 1076 4241 τῆς
1106 4171 1327 4241 φύσεως
1375 4172 1422 4203 ⁸³
1454 4173 1816 4245 δημιουργὸς,
1851 4179 1940 4231 καὶ

2048 4178 2187 4235 tium
2228 4177 2554 4234 emendator
2591 4183 2712 4239 est;
2753 4190 2879 4230 eum
2914 4183 3028 4229 tum
3054 4187 3176 4237 nos,
3216 4180 3333 4227 tum
3365 4169 3646 4225 orationes

337 4265 443 4335 τῆς
486 4264 680 4335 σοφίας
714 4264 952 4337 χορηγὸς
1006 4264 1073 4331 ⁸⁵,
1119 4266 1215 4319 καὶ
1245 4265 1355 4320 τῶν
1384 4266 1605 4336 ἀσόφων
1640 4268 1685 4300 ⁸⁸
1715 4269 1943 4340 διορθω-

339 4362 438 4431 τὴς
458 4375 474 4391 °
515 4361 575 4413 ἐν
612 4363 725 4433 γὰρ
751 4361 946 4432 χερσὶν
975 4359 1022 4399 ⁸⁸
1052 4359 1242 4423 αύτοῦ,
1273 4360 1369 4414 καὶ
1399 4361 1561 4432 ἡμεῖς
1584 4361 1680 4415 καὶ
1718 4363 1769 4416 οί
1789 4362 1941 4434 λόγοι

339 4452 521 4524 ἡμῶν.
556 4453 668 4506 Καὶ
721 4451 916 4525 πρῶτα
955 4451 1001 4484 ⁸⁷
1035 4453 1134 4523 μὲν
1162 4452 1411 4523 εἴπωμεν
1440 4452 1496 4506 τί
1535 4455 1687 4508 ἐστιν
1720 4454 1938 4528 ἀνθρω-

2051 4279 2257 4327 nostra:
2285 4270 2407 4341 ejus
2437 4270 2491 4325 in
2523 4267 2784 4324 manibus
2833 4265 3158 4330 consistant,
3210 4263 3287 4318 uti
3325 4262 3487 4318 nobis
3539 4260 3647 4316 hoc

2049 4361 2152 4417 iter
2201 4360 2645 4432 aggredientibus
2693 4357 2839 4428 quod
2871 4355 3092 4412 erudire
3121 4353 3314 4427 possit,
3345 4367 3411 4410 ac
3452 4351 3653 4408 intelli—

2047 4454 2283 4526 gentiam
2322 4452 2587 4524 largiatur
2624 4451 2883 4522 praebeat.
2997 4448 3013 4465 ⁸

339 4561 464 4609 πος,
492 4544 591 4599 καὶ
620 4544 763 4598 διατί
786 4543 961 4608 οὕτως
993 4545 1399 4618 ἐπονομάζεται
1419 4561 1433 4575 ⁶
1471 4547 1561 4598 ἐπ’
1592 4546 1809 4612 οὐδενὸς
1832 4547 1940 4617 γὰρ

2121 4546 2189 4602 Ει
2209 4547 2475 4618 primum,
2504 4545 2768 4617 quidnam
2801 4545 2968 4602 homo
2988 4545 3080 4610 sit,
3118 4560 3286 4600 curve
3313 4544 3395 4600 sic
3417 4541 3654 4615 appelle-

338 4640 450 4693 τῶν
482 4639 744 4694 ἁπάντων
784 4638 836 4691 oi
888 4637 1119 4691 παλαιοὶ
1167 4638 1269 4702 τὰς
1314 4637 1612 4710 ὀνομασίας
1668 4641 1762 4693 καὶ
1813 4641 1944 4704 τοὺς

337 4735 501 4804 ὄρους
534 4733 796 4795 ἀσκόπως
845 4730 1129 4795 ἐπέθεντο,
1184 4731 1260 4803 μή
1304 4732 1389 4786 τοί
1425 4749 1488 4801 γε
1510 4732 1557 4765 ’⁸⁸
1612 4734 1673 4786 ἐν
1699 4733 1780 4805 τῷ
1810 4734 1940 4787 ἐαυ-

338 4828 448 4882 τῶν
482 4827 528 4861 ’δ’
568 4828 818 4899 σώματν
878 4826 942 4880 τὸ
985 4825 1096 4898 γάρ
1141 4824 1371 4879 ἐκείνων
1429 4824 1593 4895 σῶμα
1620 4826 1734 4889 τοῖς
1769 4827 1941 4878 πᾶσιν

338 4920 656 4995 ἀνθρώποις
702 4921 823 4974 ἐστὶ
870 4918 1283 4991 παραπλήσιον,
1322 4918 1406 4971 ὅτι
1443 4919 1519 4990 μὴ
1547 4919 1860 4973 διαλλάττοι
1893 4918 1942 4951 ⁸⁸

340 5016 486 5070 κατά
514 5035 639 5071 τινα
694 5015 916 5086 φύσεως
961 5013 1228 5086 διαφορὰν
1282 5013 1576 5085 ἄνθρωπος
1622 5011 1937 5086 ἀνθρώπου,

339 5106 457 5161 ἀλλ’
481 5107 747 5173 ὡσαύτως
780 5106 929 5179 ἔχειν
975 5105 1230 5178 ἀλλήλοις
1261 5104 1541 5176 ἄνθρωποι
1568 5104 1850 5174 πεφύκασι
1891 5106 1936 5138 ⁸¹

415 5244 432 5275 ¹
472 5241 622 5299 Psal.
651 5259 925 5309 cxxxvm,
958 5243 1015 5299 6.

416 5368 460 5399 "
489 5366 584 5437 τοῦ
626 5367 1017 5437 συναμφότερα
1047 5366 1111 5421 Β.
1144 5368 1276 5437 περὶ
1325 5365 1427 5437 τῆς
1467 5366 1543 5417 ἐν.
1585 5364 1938 5437 ἀμφοτέρων.
1973 5362 2037 5437 C_.

2051 4652 2140 4697 tttr
2162 4639 2485 4696 referemus.
2516 4637 2690 4694 Nullis
2712 4638 2862 4693 enim
2888 4652 2997 4692 non
3014 4639 3069 4693 in
3090 4639 3257 4694 rebus
3278 4646 3512 4704 veteres,
3532 4646 3650 4691 tum

2049 4748 2244 4789 eorum
2292 4731 2566 4803 corporis,
2623 4740 2738 4786 tum
2793 4730 3034 4802 partium
3088 4730 3490 4802 appellationes
3519 4729 3655 4784 deli-

2049 4828 2397 4899 nitionesque
2437 4826 2718 4898 explorate
2762 4834 3102 4896 posuerunt;
3138 4823 3245 4880 tale
3271 4824 3418 4880 cnim
3456 4836 3650 4877 eorum

2048 4934 2256 4990 corpus
2288 4918 2499 4975 exstitit
2540 4916 2719 4990 quale
2748 4916 2996 4971 omnium
3054 4915 3343 4971 hominum
3395 4913 3649 4968 habetur.

2048 5011 2323 5079 Quoniam
2366 5013 2533 5066 homo
2574 5025 2684 5065 non
2714 4988 2912 5080 Ialiquo
2944 5017 3155 5064 natura:
3208 5006 3531 5064 discriminc
3579 5005 3651 5061 ab

2049 5105 2276 5162 homine
2319 5104 2618 5174 discrepat,
2666 5102 2763 5159 sed
2815 5116 3011 5158 omnes
3072 5101 3189 5173 ipsa
3240 5098 3650 5158 constitutionis

2118 5359 2162 5391 "‘
2193 5358 2526 5430 ἀμφοτέρων
2552 5357 2619 5413 C.
2711 5359 2755 5391 "
2780 5356 2876 5430 τοῦ
2908 5374 2961 5412 σ.
2990 5354 3031 5409 Β
3064 5356 3102 5410 Ρ
3134 5370 3227 5430 m._
3297 5354 3356 5430 ¹⁰Δ
3381 5350 3557 5430 ούτως
3587 5351 3646 5406 Β.

343 5441 382 5472 ³³
420 5422 1469 5507 ἐφιλοπόνησάνΒ,δὶεφιλοσὸίρησανΊ).
1548 5437 1593 5466 ’³
1627 5422 2039 5559 ὴὸυνήθηοσανῦ
2072 5431 2133 5486 Ρ.
2209 5422 2256 5463 ⁸⁵
2291 5422 2371 5494 ὦς
2395 5422 2510 5484 όύδ.
2544 5430 2632 5483 ἀλ.
2663 5447 2722 5483 π.
2758 5429 2860 5499 τῆς
2890 5430 3134 5483 ούσ.θο‹·.
3168 5426 3292 5480 αύτ.
3333 5423 3451 5495 βεό.
3484 5422 3650 5493 δυνη-

344 5511 531 5559 θέντες
566 5510 626 5559 Β.
704 5507 750 5541 ³⁸
780 5508 961 5559 αὐτῶν
987 5508 1048 5559 Β.
1125 5508 1172 5540 ³⁸
1199 5510 1281 5559 ὅτι
1321 5506 1417 5559 μὲν
1446 5505 1555 5559 γάο
1597 5523 1794 5559 συνυω.
1827 5523 1858 5559 τ
1921 5522 1972 5559 σ.
2005 5506 2071 5559 τῆ
2114 5503 2174 5559 ψ.
2207 5501 2287 5559 Β;
2320 5503 2403 5555 ὄτι
2442 5499 2543 5559 μὲν
2572 5497 2667 5555 οὖν
2703 5516 2822 5553 συν.
2847 5499 2927 5559 τῷ
2962 5515 3014 5554 σ.
3043 5498 3141 5559 ήψ.
3178 5499 3239 5551 Ρ.
3317 5497 3366 5528 ²⁶
3395 5494 3539 5559 αὐτῇ
3574 5493 3643 5548 Α.

344 5511 531 5573 θέντες
566 5510 626 5562 Β.
704 5507 750 5541 ³⁸
780 5508 961 5561 αὐτῶν
987 5508 1048 5562 Β.
1125 5508 1172 5540 ³⁸
1199 5510 1281 5562 ὃτι

344 5585 388 5616 ⁸⁷
425 5580 630 5650 φυσικῆ
656 5577 720 5633 C.
813 5581 858 5612 ³⁸
890 5579 1049 5632 οὐσία
1082 5595 1193 5650 out.

345 5655 386 5687 ³⁸
422 5650 693 5705 ἀθάνατον
722 5650 782 5704 Β.

341 5742 392 5780 τ.
435 5724 566 5794 ἀρχ.
616 5722 809 5794 πονηθ.
915 5719 1013 5794 Ρρ
1042 5719 1270 5794 εξενα.
1311 5736 1432 5794 ςιιιη
1476 5720 1645 5794 |_tiatu_
1680 5719 1745 5773 (ἶ.

342 5812 452 5849 om.
476 5789 555 5848 ’ΒΖ
657 5792 702 5825 ¹⁸⁰
729 5789 892 5847 αὐτὸν
938 5792 1032 5846 τὸν
1056 5793 1160 5863 Χρ.
1191 5791 1284 5844 καὶ
1305 5789 1440 5863 Θεὸν
1475 5790 1572 5859 ήμ.

341 5865 472 5938 ὁῃμ.
507 5883 563 5920 κ.
599 5865 696 5938 τῆς
724 5864 1004 5938 φυῇ·ηέσῇ
1036 5860 1156 5938 χορ.
1194 5862 1377 5938 κ-ετῆς
1418 5877 1549 5938 σοερ..
1597 5860 1655 5913 Β.

343 5935 401 5969 ⁸⁸⁷
418 5935 620 6008 μήτιγε
655 5937 715 6005 Β,
759 5936 833 6010 μὴ
863 5936 943 5990 ὅτι
972 5951 1033 6005 γε
1069 5935 1127 5990 ιι.

1319 5506 1417 5577 μὲν
1446 5505 1555 5576 γὰρ
1597 5505 1794 5574 συνυφ.

1921 5506 2071 5573 σοτῇ
2114 5501 2403 5574 ψ-Β;δτφ

869 5651 915 5682 θ’
951 5650 1046 5721 τῆς
1094 5648 1312 5720 ψυχ.(].
1389 5647 1434 5679 ³³
1463 5647 1882 5708 καταλιπόντες.
1918 5646 1958 5700 Β
1994 5647 2035 5702 C
2078 5647 2133 5699 Ι).
2221 5646 2267 5678 ³⁸
2306 5661 2359 5699 τ.
2400 5673 2404 5692 ‹

869 5721 973 5767 ιΡ.
1042 5720 1087 5752 ³⁸
1113 5724 1171 5767 ἐν
1213 5737 1269 5767 α.
1311 5736 1432 5767 eum
1476 5720 1626 5767 hiatu
1680 5719 1744 5767 (ἶ.
1824 5718 1868 5750 ³⁷
1923 5716 2321 5767 ἀναλεξάμενοι
2367 5715 2404 5767 l’

1824 5733 1863 5750 α’
1923 5733 2321 5785 αναιιεςαμενοι
2367 5733 2423 5768 ι’.

1768 5788 1808 5820 εί
1847 5788 1987 5858 πρὸς
2005 5789 2068 5842 τὸ
2097 5788 2138 5843 C
2171 5787 2232 5842 Ρ.
2326 5786 2423 5858 ἠε

1759 5862 1804 5892 ⁸⁵
1837 5859 2018 5928 σοιρῶν
2059 5860 2100 5913 Β
2154 5859 2217 5914 Ρ.

1226 5934 1269 5966 ιθ
1301 5933 1481 5986 αὐτῶν
1518 5932 1574 5987 Β.
1654 5934 1698 5965 ⁵ο
1732 5931 2036 5986 διαλλάττει
2077 5932 2115 5986 Β
2164 5931 2226 5988 (5.

2442 5499 2543 5571 μὲν
2572 5497 2667 5555 οὖν
2698 5493 2927 5571 συνξγτῷ
2962 5515 3014 5571 σ.
3043 5498 3141 5568 ἡψ.
3178 5499 3239 5571 Ρ.
3317 5493 3539 5571 “Aab-ri;

1405 5563 1786 5646 ’θ’γνωριστόν
1821 5577 1884 5632 C.
1964 5577 2009 5608 ³⁰
2036 5563 2140 5636 τίς
2180 5563 2456 5646 astuti
2477 5571 2641 5646 οὐσία
2690 5570 2751 5646 Β,
2792 5570 2846 5623 τί
2895 5563 2938 5623 δ’
2975 5563 3135 5646 ἔστιν
3184 5568 3303 5646 τὴν⁸
3341 5566 3549 5646 ούσίαν-
3581 5563 3643 5619 Ρ.

2221 5644 2267 5678 "
2306 5661 2359 5699 τ.
2400 5642 2560 5712 ἀνθρ.
2608 5642 2737 5697 καθ.
2793 5657 2923 5710 φυσ.
2975 5638 3017 5693 Β
3048 5642 3149 5710 τῆς
3202 5635 3329 5691 καθ.
3362 5638 3422 5691 (ἶ.
3503 5635 3549 5669 ³⁸
3581 5651 3642 5689 π.

2221 5733 2321 5766 ενοι
2367 5715 2423 5766 Ι).
2503 5713 2571 5745 ’³⁸
2629 5711 3012 5766 κατατάξομεν
3049 5710 3087 5762 Β
3132 5710 3173 5763 C
3208 5707 3275 5762 Ρ.
3348 5708 3395 5740 ³⁸
3424 5708 3642 5766 ἒγοιμεν

2367 5715 2423 5768 l’.
2503 5711 2571 5745 ⁵³⁸
2629 5711 3012 5782 κατατάξομεν
3049 5711 3087 5762 Β
3132 5711 3173 5763 C
3208 5711 3275 5762 Ρ.
3348 5711 3395 5740 ³⁸
3424 5711 3645 5774 ἔχοιμεν

2326 5786 2372 5818 ⁸³
2405 5783 2748 5855 συμϐιϐάσαι
2930 5782 2977 5814 ⁸³
3015 5779 3352 5855 φᾏήμῶνίδ.
3417 5777 3486 5855 _“
3515 5777 3639 5855 “DE.

2312 5858 2356 5890 "“
2384 5845 2488 5910 ὅτι’
2523 5855 2581 5908 ἐν
2620 5857 2763 5921 (ταῖς
2799 5852 2886 5925 IL)
2918 5871 2970 5925 χ.
3005 5845 3044 5908 C
3077 5845 3160 5907 ΡΪ
3240 5851 3280 5884 *⁷
3331 5847 3545 5922 πρῶτον
3578 5845 3639 5901 Ρ.

2320 5929 2361 5961 ἰ
2404 5943 2530 5997 πεφ.
2562 5925 2721 5997 ἄνθρ.
2756 5925 2794 5980 Β
2828 5924 2889 5982 l’.
