4138 6460
280 429 420 485 1085

1514 422 1601 476 lli“.
1641 420 1933 477 NATlIllA
1974 419 2282 477 IIOMINIS.

3456 432 3596 489 i036

277 549 470 621 νηδὺς
522 544 620 600 καὶ
653 544 885 615 δενιρὺς
944 541 1039 597 καὶ
1080 542 1339 609 ὑστέρα·
1398 539 1595 607 νηδὺς
1635 538 1757 609 μὲν,
1806 539 1890 594 ὅτι

2015 538 2222 595 ficitur.
2251 536 2379 593 Sive
2419 538 2564 609 quod
2597 538 2649 594 in
2683 540 2908 597 homine
2947 541 3328 616 consistatqui
3361 546 3430 601 ab
3462 548 3599 619 ipsis

282 642 406 718 μεθ’
456 638 728 713 ἡδύτητος
764 637 1025 709 ἐνεργεῖ’
1077 634 1111 706 ἢ
1153 634 1264 690 ἀπὸ
1300 632 1396 687 τοῦ
1448 632 1709 704 νενῆσθαι
1742 631 1810 697 ’³,
1868 632 1897 685 6

278 735 400 787 ἐστι
434 726 842 800 σεσωρεῦσθαι,
880 725 980 780 καὶ
1006 723 1415 796 πεπληρῶσθαι
1451 722 1796 795 τραχύτητος
1825 722 1895 779 ⁹⁸⁵.

280 820 396 878 Καὶ
424 820 536 891 γὰρ
567 818 601 889 ἡ
636 816 802 886 φύσις
838 817 1105 888 τραχεῖαν
1140 813 1352 887 ταύτην
1381 814 1632 885 ἐποίησε,
1672 815 1767 866 καὶ
1800 828 1895 866 κο-

279 912 592 985 τυληδόνας
621 910 770 979 ἔχειν
792 910 839 941 ’⁸
865 908 1006 979 μετὰ
1036 906 1269 979 φλεϐῶν.
1287 908 1385 961 καὶ
1415 905 1701 979 ἀρτηριῶν
1745 906 1791 939 ³⁵
1817 922 1901 958 τι-

287 1024 392 1063 νων
413 1022 428 1037 ο
459 1006 547 1058 ἵνα
579 1002 655 1075 μὴ
680 1001 776 1056 τοῦ
804 1002 1014 1072 σπόρου
1031 1002 1076 1034 ⁸⁷
1096 1000 1558 1067 ἐξολισθαίνοντος
1576 998 1726 1053 θ’διὰ
1753 998 1898 1053 λειό-

284 1118 425 1175 τητα
447 1141 461 1166 ,
495 1099 749 1170 ἄκαρπος
779 1098 813 1169 ἡ
864 1096 1131 1152 τίκτουσα
1170 1095 1425 1170 διαμένῃ.
1460 1095 1535 1148 Ἦ
1568 1095 1654 1149 ὅτι
1685 1096 1719 1165 ἡ
1751 1111 1902 1166 παρ-

286 1193 499 1254 ὀδευσις
518 1189 563 1221 ’⁸
582 1189 684 1259 τῆς
698 1186 913 1260 τροφῆς
929 1186 1026 1241 τοῦ
1049 1186 1298 1259 ἐμϐρύου
1321 1187 1417 1242 ἀπ’
1434 1186 1609 1257 αὐτῆς
1628 1188 1647 1217 ³
1662 1185 1897 1254 γίνεται·

286 1290 441 1344 νάειν
471 1289 491 1319 ⁸
521 1286 634 1357 γὰρ
663 1284 725 1337 τὸ
755 1283 777 1315 ³
818 1283 969 1355 ῥέειν
990 1297 1005 1312 ·
1034 1282 1068 1354 ἢ
1095 1282 1249 1355 παρὰ
1271 1283 1334 1335 τὸ
1357 1298 1425 1353 νη
1454 1281 1783 1354 στερητικὸν
1806 1282 1902 1335 καὶ

286 1383 350 1437 τὸ
383 1382 480 1446 δυς
512 1378 734 1453 μόριον⁶
766 1376 850 1431 ὅτι
890 1376 988 1431 καὶ
1018 1376 1041 1408 ⁸
1077 1376 1426 1441 παιδοποιίας
1466 1376 1766 1448 στερεῖται,
1807 1376 1903 1429 καὶ

214 1478 223 1487 ’
289 1474 585 1538 δυστυχίας
644 1470 965 1543 ὑφίσταται.
999 1468 1239 1539 Δελφίνς
1287 1468 1369 1533 δέ,
1412 1468 1497 1522 ὅτι
1544 1467 1904 1539 ἀδελφοποιός

291 1570 438 1633 ἐστι,
468 1568 565 1622 καὶ
596 1565 806 1637 ἀδελφὰ
838 1567 989 1619 ποιεῖ
1016 1565 1088 1619 τὰ
1118 1564 1419 1636 τικτόμενα
1444 1580 1458 1594 ·
1504 1563 1737 1635 ἁδελφὸς
1767 1562 1900 1635 γὰρ,

290 1662 321 1714 ὁ
357 1661 423 1713 ἐκ
447 1660 545 1730 τῆς
575 1659 749 1730 αὐτῆς
774 1656 1027 1727 δελφύος,
1066 1657 1239 1727 ῆγουν
1272 1656 1491 1728 μήτρας
1513 1670 1527 1687 ⁸
1553 1657 1652 1711 καὶ
1671 1655 1901 1728 ὀμόδελο

293 1769 394 1822 φος
428 1752 473 1819 ⁸,
504 1754 532 1805 ὁ
557 1748 915 1820 αὐτάδελφος.
959 1747 1217 1820 ’Υστέρα
1244 1749 1326 1817 δὲ,
1362 1750 1445 1803 ὅτι
1486 1747 1717 1822 ὕστερον
1765 1748 1904 1803 πάν-

292 1863 407 1900 των
452 1844 563 1899 τῶν
616 1843 795 1899 ἄλλων
848 1842 1055 1916 μορίων
1086 1842 1185 1907 τὰς
1234 1842 1520 1914 ἐνεργείας
1568 1843 1741 1915 αὐτῆς
1782 1843 1905 1897 ἐπι-

295 1939 583 1995 δείκνυται
607 1953 622 1969 ·
670 1936 772 2009 τὴν
827 1936 1087 2008 ἑλκτικὴν
1131 1936 1173 2003 ⁸,
1204 1936 1306 2009 τὴν
1362 1935 1701 2008 καθεκτικὴν
1735 1938 1777 2004 ⁷,
1808 1936 1907 2010 τὴν
1940 1922 1981 1978 Β

296 2032 661 2103 ἀλλοιωτικὴν
684 2033 781 2086 καὶ⁹
814 2031 1183 2103 ἀποκριτικήν
1205 2048 1219 2063 ·
1243 2030 1491 2099 δηλονότι
1526 2031 1670 2086 κατὰ
1697 2031 1758 2086 τὸ
1790 2030 1910 2103 βρε-

300 2129 567 2199 φουργεῖν
612 2125 672 2158 θ’
712 2125 747 2198 ἢ
797 2125 881 2179 ὅτι
932 2124 1139 2195 ἐσχάτη
1177 2123 1303 2177 τῶν¹
1326 2122 1468 2196 μετὰ
1513 2124 1615 2195 τὴν
1661 2124 1910 2197 γαστέρα

302 2222 506 2274 κεῖται.
526 2218 807 2291 Τρέφεται
835 2217 947 2290 γὰρ
968 2219 989 2252 ⁸
1017 2219 1076 2272 ἐν
1107 2219 1175 2290 τῇ
1213 2218 1401 2290 μήτρᾳ
1428 2218 1490 2272 τὸ
1520 2217 1785 2290 ἔμϐρυον,
1813 2220 1910 2273 καλ⁸

300 2313 535 2367 ἀναπνεῖ
558 2312 770 2376 οὐκ,ὲκ
797 2310 894 2365 τοῦ
923 2310 1219 2380 στόματος,
1251 2310 1368 2365 ἀλλ’
1402 2312 1470 2366 ἐκ
1508 2312 1603 2366 τοῦ
1632 2310 1908 2383 ὀμφαλοῦ,

301 2406 363 2475 ἐξ
391 2405 707 2478 αίματικῶν
744 2402 1029 2477 μητρῴων
1075 2405 1529 2477 περιπτωμόηων
1556 2405 1599 2439 ¹⁰
1620 2421 1635 2437 σ
1665 2406 1790 2460 ὅθεν
1814 2407 1910 2460 καὶ

302 2502 580 2572 ὀμφαλὸς
615 2501 772 2571 παρὰ
806 2499 868 2553 τὸ
899 2500 1137 2571 ὀμπνεῖν
1168 2499 1211 2531 ⁸⁸
1260 2500 1508 2572 εἴρηται,
1537 2502 1566 2555 6
1595 2502 1746 2555 ἐστιν
1774 2502 1908 2555 ἀνα-

302 2596 482 2648 πνεῖν.
541 2594 701 2647 Ἔστι
751 2593 808 2647 δὲ
849 2593 911 2646 τὸ
948 2593 1117 2662 μέσον
1144 2590 1242 2646 τοῦ
1297 2592 1549 2663 σώματος
1574 2609 1589 2624 ο
1639 2594 1699 2646 ἐν
1733 2591 1793 2646 δὲ
1840 2595 1908 2665 τῇ

302 2688 518 2758 γενέσει
543 2687 737 2741 τούτου
769 2684 862 2739 τοῦ
905 2684 1051 2750 ζώου
1082 2684 1305 2754 λέγεται
1340 2684 1564 2755 πρῶτον
1590 2684 1911 2757 πήγνυσθαι

306 2780 486 2850 ὑμένα
519 2778 645 2833 τινὰ
670 2777 869 2831 λεπτὸν
907 2775 950 2806 ¹²
992 2773 1053 2829 ὂν
1072 2774 1303 2829 καλοῦσι
1338 2775 1550 2846 χόριον
1591 2775 1656 2842 ¹³,
1707 2774 1785 2839 ὡς
1815 2791 1913 2828 πε-

307 2873 491 2944 ριέχον
533 2873 580 2903 ³⁸
618 2871 680 2924 τὸ
728 2869 1007 2941 ἔμϐρυον
1049 2868 1082 2940 ἢ
1116 2868 1192 2932 ὡς
1238 2869 1442 2941 χωρίον
1474 2868 1645 2924 αὐτοῦ
1678 2868 1740 2922 ὃν
1769 2869 1835 2935 η,
1875 2870 1909 2939 ἢ

304 2958 543 3030 χορηγὸν
594 2957 707 3012 τῶν
756 2955 1164 3029 διατρεφόντων
1215 2958 1372 3014 αὐτό.
1437 2956 1572 3013 Εἶτα
1623 2961 1657 3032 ή
1713 2959 1914 3033 καρδία

305 3051 502 3125 πρώτη
540 3049 955 3122 καταϐληθείσα
991 3050 1149 3123 παρὰ
1176 3051 1280 3120 τῆς
1327 3049 1551 3122 φύσεως
1596 3053 1663 3120 ³⁸,
1718 3052 1915 3108 ἅναλο·

304 3159 513 3211 γουσαν
548 3142 661 3207 τοῖς
691 3140 882 3213 μέλεσι
901 3141 1003 3214 τὴν
1043 3142 1196 3215 παρὰ
1221 3142 1322 3214 τῆς
1356 3142 1575 3214 φύσεως
1604 3144 1914 3218 καταϐολὴν

2003 630 2193 703 βροτὸς
2237 643 2607 702 nuncupatur.
2640 632 2837 690 Matrix
2888 650 3039 701 vero,
3093 636 3241 707 quod
3275 636 3422 693 illius
3453 643 3601 711 quod

2002 733 2323 791 procreatur
2376 736 2555 780 mater
2613 726 2706 781 sit.
2758 724 2895 781 Nam
2954 727 3042 784 bis
3117 729 3439 788 nominibus
3479 747 3601 788 eam

2001 813 2176 871 Graeci
2209 817 2483 887 appellant
2512 837 2525 873 :
2558 818 2742 888 νηδὺς,
2773 819 2990 891 δελφὺς,
3032 822 3255 895 ὑστέρα,
3287 824 3437 895 quod
3472 840 3607 880 ven—

2003 918 2165 976 trem,
2203 918 2445 975 uterum,
2486 911 2708 966 vulvam
2749 911 3216 983 interpretareris.
3269 916 3455 990 Νηδὺς
3485 918 3610 989 qui-

2001 1000 2149 1064 dem,
2199 1000 2348 1071 quod
2378 1002 2713 1072 voluptatem
2759 1004 2992 1071 diceres,
3030 1007 3293 1077 quoniam
3331 1025 3448 1065 rem
3478 1026 3606 1067 cum

2003 1095 2288 1165 voluptate
2317 1096 2561 1168 peragit;
2601 1112 2697 1152 seu
2724 1113 2754 1152 a
2777 1097 2971 1154 Grazco
3018 1099 3418 1171 διανεμεῖσθαι,
3460 1106 3610 1173 quod

2005 1189 2399 1260 asperitatibus
2419 1190 2477 1260 8
2501 1190 2863 1258 cumulatam,
2890 1190 3257 1263 refertamque
3286 1210 3410 1249 rsse
3438 1195 3611 1267 signi-

2007 1281 2230 1338 ficatum
2281 1282 2513 1338 obtinet.
2574 1281 2789 1339 Etenim
2860 1281 3060 1340 natura
3121 1285 3293 1356 ipsam
3354 1303 3608 1358 asperam

2006 1377 2267 1448 protulit,
2308 1386 2363 1433 et
2393 1376 2676 1433 acetabula
2717 1394 2842 1434 cum
2875 1380 3029 1436 venis
3052 1388 3106 1435 et
3136 1381 3353 1436 arteriis
3385 1382 3612 1452 quibus-

2007 1472 2135 1527 dam
2181 1471 2453 1539 adhibuit,
2512 1488 2581 1528 ne
2633 1488 2821 1528 semen
2855 1475 3036 1551 ipsum
3064 1474 3395 1532 lubricitatis
3432 1477 3608 1547 gratia

2006 1565 2340 1632 elaberetur,
2374 1581 2757 1638 puerperaque
2780 1565 3071 1622 infecunda
3097 1580 3458 1638 permaneret.
3482 1567 3610 1624 Sive

2006 1659 2156 1732 quod
2184 1658 2438 1715 defluxus
2461 1660 2705 1715 alimenti
2744 1673 3045 1732 conceptus
3074 1662 3142 1717 ab
3165 1676 3227 1717 ea
3261 1662 3549 1733 proveniat
3577 1679 3607 1718 a

2006 1753 2199 1810 Graeco
2218 1751 2417 1818 δεύειν,
2453 1753 2599 1824 quod
2635 1753 2874 1810 defluere
2900 1756 3134 1825 diceres,
3180 1756 3266 1810 vel
3305 1769 3334 1810 a
3360 1754 3449 1828 νὴ,
3488 1772 3612 1827 quze

2008 1854 2095 1903 est
2117 1862 2245 1917 pars
2275 1845 2567 1918 privativa,
2594 1855 2649 1901 et
2681 1847 2797 1912 δὺς,
2829 1847 2975 1918 quod
3011 1849 3365 1919 procreanda:
3410 1849 3616 1905 sobolis

2012 1939 2064 1995 vi
2120 1954 2518 2010 nonnunquam
2570 1939 2838 2010 privatur,
2901 1955 2966 1995 ac
3012 1940 3353 1996 laboriosum
3409 1941 3614 2012 patitur

2012 2039 2253 2102 partum.
2284 2030 2495 2101 Δελφὺς
2519 2046 2670 2098 vero,
2695 2031 2840 2102 quod
2865 2031 3055 2089 Graace
3072 2031 3446 2103 ἀδελφοποιδς,
3466 2034 3612 2105 quod

2013 2123 2212 2179 fratres
2260 2132 2641 2194 procreantem
2708 2124 3035 2196 explicat-es,
3114 2142 3241 2181 nam
3305 2126 3527 2197 ἀδελφοὶ
3546 2142 3616 2183 ex

2012 2218 2208 2274 eodem
2242 2226 2420 2285 utero,
2452 2219 2547 2289 qui
2578 2217 2745 2292 δελφὴ
2789 2219 3017 2286 dicitur,
3065 2221 3362 2293 procreati,
3415 2219 3615 2275 fratres

2014 2312 2318 2368 adinvicetn
2344 2312 2709 2383 appellantur.
2744 2310 2979 2386 ’Υστέρα
3016 2323 3221 2379 autem,
3249 2313 3397 2385 quod
3426 2312 3616 2369 Grmce

2015 2398 2246 2472 ὕστερον
2275 2401 2640 2457 novissimum
2672 2402 2897 2471 dicitur,
2929 2403 3057 2474 quia
3093 2408 3344 2459 omnium
3370 2406 3612 2476 partium

2015 2494 2317 2549 novissima
2373 2495 2629 2565 proprios
2690 2505 2847 2552 actus
2891 2497 3144 2561 ostendit,
3181 2513 3307 2552 cum
3365 2498 3418 2552 in
3453 2507 3613 2569 partu

2014 2586 2368 2658 perficiendo,
2398 2588 2728 2655 attraltendi,
2753 2589 3093 2657 continendi,
3114 2590 3404 2652 alterandi.
3425 2607 3617 2647 excer-

2015 2682 2309 2754 nendique,
2335 2697 2458 2754 quae
2478 2681 2598 2754 ejus
2627 2680 2913 2739 facultates
2937 2693 3090 2751 sunt,
3115 2692 3317 2739 utatur.
3342 2681 3450 2740 Seu
3472 2684 3614 2755 quod

2015 2775 2380 2832 novissimum
2407 2776 2638 2832 aliorum
2663 2778 2731 2832 ab
2749 2779 2873 2833 alvo
2890 2777 3054 2833 situm
3074 2777 3303 2832 obtinet.
3334 2775 3614 2849 Siquidem

2016 2876 2339 2939 conceptus,
2373 2869 2428 2924 in
2462 2869 2621 2924 vulva
2651 2869 2913 2925 alimento
2946 2884 3011 2924 ac
3046 2867 3275 2939 spiritus
3302 2867 3616 2938 reciproca-

2017 2962 2185 3027 tione,
2220 2978 2328 3017 non
2359 2963 2493 3029 oris,
2529 2963 2623 3019 sed
2657 2964 2903 3019 umbilici
2929 2963 3107 3018 officio
3140 2963 3330 3028 utitur,
3370 2962 3517 3034 quod
3552 2978 3617 3017 ex

2018 3056 2208 3112 matris
2235 3055 2551 3126 sanguineis
2579 3056 2946 3112 excrementis
2977 3056 3055 3133 fit,
3083 3055 3229 3110 unde
3249 3065 3303 3110 et
3325 3054 3621 3109 umbilicus

2017 3144 2265 3218 ὀμφαλὸς
2300 3144 2510 3211 Graece,
2546 3145 2702 3201 deest
2739 3145 2869 3215 aliq.
2908 3144 3017 3197 ἀπὸ
3049 3142 3144 3197 τοῦ
3184 3142 3435 3213 ἐμπνεῖν,
3471 3140 3617 3213 quod

306 3235 739 3309 παραλαμϐάνει
782 3236 825 3268 ⁸⁷
845 3252 860 3268 ο
891 3233 974 3289 διὸ
1019 3238 1118 3291 καὶ
1157 3236 1497 3309 συμμέτρως
1526 3239 1649 3301 ταῖς
1682 3238 1908 3303 οἰκείαις

2021 3239 2293 3310 respirare
2326 3249 2429 3304 οδε,
2472 3246 2840 3308 nuncupatur.
2879 3235 3143 3307 Corporis
3185 3249 3425 3305 namque
3459 3234 3619 3306 quasi

304 3322 505 3399 ἀρχαῖς
533 3330 594 3384 ἐν
632 3328 714 3401 τῷ
756 3329 858 3399 τῆς
892 3327 1113 3399 φύσεως
1159 3328 1518 3401 ἐργαστηρίῳ
1553 3345 1908 3401 περιυφαινο-

2020 3334 2263 3389 medium
2289 3348 2397 3403 qua
2430 3331 2547 3403 ipse
2567 3332 2735 3387 situm
2772 3331 2984 3386 obtinet
3020 3328 3275 3383 habetur.
3311 3326 3617 3398 Siquidem,

307 3420 473 3491 μένου
498 3422 595 3478 τοῦ
623 3422 879 3494 σώματος
902 3420 1269 3490 ἀπαρτίζεται
1303 3421 1451 3475 κατὰ
1485 3419 1739 3474 σύνθεσιν
1769 3422 1835 3479 η.

2021 3424 2077 3479 in
2107 3423 2273 3494 hujus
2303 3423 2557 3478 animalis
2591 3432 2717 3478 ortu
2769 3425 3090 3478 membrana
3112 3420 3330 3477 subtilis
3368 3419 3617 3490 quaedam

314 3512 558 3584 primum
607 3512 937 3579 concrescit,
966 3528 1091 3583 quae
1122 3512 1194 3567 ab
1229 3512 1341 3568 illis
1372 3510 1596 3584 χώριον,
1660 3514 1811 3584 quod
1839 3529 1908 3569 set

2015 3517 2141 3571 dam
2194 3515 2586 3572 denominares
2645 3515 2755 3569 ἀπὸ
2821 3513 2918 3569 τοῦ
2947 3512 3116 3587 χορῶ,
3151 3512 3298 3585 quod
3363 3512 3621 3569 contineo

306 3604 543 3668 diceres,
584 3618 711 3659 cum
747 3602 891 3658 fetus
938 3604 1010 3659 ab
1051 3604 1170 3675 ipsa
1217 3604 1584 3670 contineatur,
1620 3604 1736 3661 sive
1767 3607 1913 3677 quod
1947 3607 2103 3663 locus
2123 3606 2251 3678 ejus
2276 3606 2366 3674 sit,
2399 3609 2494 3678 qui
2539 3608 2609 3663 ab
2660 3606 2766 3662 illis
2794 3605 2996 3678 χώριον
3067 3612 3444 3676 nuncupatur,
3473 3603 3555 3658 vel
3589 3619 3619 3657 a

308 3698 600 3771 χορηγέω,
658 3697 806 3767 quod
861 3697 1150 3767 impertiar
1187 3697 1421 3765 diceres,
1486 3699 1616 3769 quia
1657 3698 1790 3755 fetui
1840 3699 1911 3757 ab
1975 3702 2094 3773 ipsa
2137 3702 2457 3757 alimentum
2524 3702 2892 3773 impertiatur.
2928 3699 3138 3756 Dehinc
3168 3716 3295 3765 cor,
3329 3698 3476 3771 quod
3502 3714 3624 3755 om-

311 3790 474 3845 nibus
496 3787 761 3845 membris
784 3789 1143 3867 proportione
1165 3789 1481 3861 respondet,
1502 3805 1627 3846 eum
1654 3806 1686 3847 a
1713 3801 1910 3849 natura
1946 3793 2189 3865 primum
2260 3794 2657 3861 constituatur,
2687 3802 2857 3849 totam
2935 3800 3147 3848 natura:
3189 3792 3366 3863 ipsius
3409 3793 3622 3848 consti—

309 3882 576 3939 tutionem
609 3882 862 3953 suscipit.
901 3881 1273 3949 Quamobrem
1303 3920 1320 3949 ,
1350 3884 1406 3939 in
1441 3891 1655 3940 natura:
1698 3884 1916 3942 ofﬁcina
1939 3927 1955 3954 ,
1995 3886 2064 3941 ad
2103 3886 2356 3959 corporis
2405 3897 2717 3944 contextum
2775 3885 3147 3958 peragendum
3195 3885 3620 3958 compositionis

310 3974 536 4043 ordine,
554 3975 836 4032 moderate
864 3976 1106 4048 propriis
1139 3973 1430 4047 principiis
1463 3975 1769 4046 perficitur.

393 4068 828 4142 Ἐσχημάτισται
860 4069 921 4124 δέ
952 4072 1014 4125 ἐν
1041 4073 1111 4143 τῇ
1151 4070 1338 4143 μήτρᾳ
1372 4069 1439 4124 τὰ
1469 4069 1573 4141 μὲν
1592 4072 1907 4143 τετράποδα

308 4163 419 4217 τῶν
446 4160 604 4227 ζώων
636 4163 982 4236 ἐκτεταμένα
1014 4165 1059 4198 ¹⁸
1092 4162 1316 4219 κεῖσθαι
1335 4178 1351 4194 ο
1388 4164 1417 4217 6
1439 4162 1498 4217 δέ
1530 4163 1825 4236 ἄνθρωπος
1858 4166 1907 4198 ³⁸

309 4258 410 4330 τὴν
460 4258 560 4329 μὲν
592 4258 714 4329 ῥῖνα
767 4258 935 4329 μέσον
976 4255 1089 4313 τῶν
1123 4256 1371 4327 γονάτων
1411 4254 1560 4328 ἔχειν
1585 4257 1652 4323 ’³,
1696 4258 1826 4322 τοὺς
1851 4257 1909 4312 δὲ

309 4347 632 4419 ὀφθαλμοὺς
665 4348 762 4403 ἐπὶ
794 4351 911 4415 τοῖς
943 4349 1174 4420 γόνασι·
1220 4348 1289 4404 τὰ
1314 4347 1375 4404 δέ
1423 4343 1541 4404 ὦτα
1571 4348 1755 4411 ἐκτός.
1792 4350 1909 4405 Καὶ

311 4443 441 4496 ὅταν
487 4441 582 4497 τὸν
629 4441 970 4514 τεταγμένον
1016 4443 1124 4516 τῆς
1165 4443 1423 4513 κυήσεως
1461 4441 1508 4472 ³³
1561 4438 1909 4515 ἐκπληρώσῃ

2090 4073 2519 4146 Quadrupedum
2573 4082 2756 4131 autem
2802 4070 3139 4129 animalium
3168 4086 3367 4144 genus,
3394 4072 3447 4128 in
3466 4075 3626 4133 vulva

2016 4176 2331 4239 porrectum
2354 4166 2659 4224 consistere
2676 4167 2973 4238 figuratur;
2998 4165 3165 4221 homo
3176 4180 3307 4222 vero
3323 4182 3519 4223 nasum
3541 4169 3628 4225 iu-

2017 4270 2102 4318 ter
2121 4275 2299 4333 genua
2336 4260 2576 4316 medium
2600 4260 2909 4326 continens,
2933 4258 3112 4315 oculis
3134 4258 3367 4331 genibus
3397 4258 3624 4327 innixis,

2018 4369 2183 4412 aures
2211 4353 2556 4410 extrinsecus
2585 4352 2806 4408 retinet.
2837 4350 2906 4407 Et
2929 4350 3125 4423 scum
3157 4352 3275 4423 jam
3311 4353 3622 4425 legitimum

2016 4444 2210 4501 edendi
2238 4453 2428 4517 partus
2452 4455 2667 4515 tempus
2693 4444 3028 4514 completum
3052 4442 3238 4512 fuerit,
3251 4453 3445 4501 venter
3464 4445 3517 4502 in
3538 4456 3629 4503 tu-

311 4539 528 4612 χρόνον,
566 4538 705 4611 πρὸς
733 4538 960 4612 δγκονὴ
993 4540 1216 4612 γαστὴρ
1247 4537 1641 4610 διεγειρομένη
1673 4537 1811 4593 ὠθεῖ
1848 4540 1908 4592 τὸ

2020 4553 2233 4595 morem
2279 4548 2517 4606 erectus,
2531 4536 2701 4594 fetum
2725 4537 2793 4592 ad
2811 4535 3083 4594 exteriora
3103 4537 3328 4608 expellit
3347 4556 3361 4607 ;
3377 4547 3432 4595 et
3446 4541 3630 4597 soluto

311 4632 556 4707 ἔμϐρυον
588 4631 697 4698 ἔξω
731 4632 779 4666 ’³
805 4648 820 4663 ο
850 4632 947 4688 καὶ
979 4632 1202 4706 πρῶτον
1238 4633 1342 4707 τῆς
1388 4631 1638 4704 κεφαλῆς
1673 4632 1908 4688 ἀπολυο-

2020 4632 2260 4704 primum
2289 4630 2490 4702 capite,
2518 4645 2585 4688 eo
2616 4638 2802 4687 motus
2847 4629 3060 4697 ordine,
3087 4630 3178 4686 illa
3212 4646 3336 4703 quae
3374 4633 3628 4704 graviora

316 4727 485 4799 μένης
521 4726 570 4760 ⁸⁵
613 4725 775 4797 ῥέπει
828 4726 976 4782 κατά
1018 4726 1120 4799 τὴν
1150 4726 1374 4799 κίνησιν
1416 4724 1488 4780 τὰ
1518 4722 1906 4797 βαρυογκωδέ-

2016 4723 2287 4794 corporis,
2308 4722 2714 4795 corpulentiora
2743 4736 2868 4795 quae
2897 4729 3028 4779 sunt
3052 4722 3120 4778 ab
3147 4722 3269 4795 ipso
3303 4731 3477 4781 tracta
3506 4725 3631 4797 (bas

317 4835 485 4891 στερα
504 4819 553 4852 ’⁸
582 4817 678 4873 τοῦ
708 4817 969 4890 σώματος
995 4818 1376 4891 ἐπισυρομένη
1406 4816 1473 4872 ’⁸.
1494 4816 1681 4872 Ταῦτα
1704 4817 1763 4871 δέ
1792 4816 1908 4871 ἐστι

2017 4815 2238 4887 quidem
2291 4825 2476 4887 partes
2510 4816 2577 4872 ad
2603 4815 2867 4873 humeros
2886 4824 3193 4888 pectusque
3215 4832 3338 4874 esse
3376 4818 3627 4889 constat)

311 4912 384 4969 τὰ
415 4913 547 4987 περὶ
583 4913 715 4979 τοὺς
745 4911 934 4986 ὤμους
965 4912 1112 4986 μέρη
1144 4914 1242 4966 καὶ
1270 4910 1501 4985 θώρακα
1524 4912 1591 4968 ν.
1627 4911 1740 4967 Καὶ
1768 4910 1908 4982 αὕτη

2016 4917 2171 4964 extra
2189 4918 2439 4981 serpunt.
2466 4907 2533 4965 Et
2553 4908 2670 4966 haec
2696 4908 2918 4981 quidem
2961 4909 3159 4966 semita
3184 4924 3375 4966 eorum
3406 4910 3501 4982 qui
3532 4926 3627 4966 na—

317 5008 470 5063 ἐστὶν
496 5010 531 5081 ἠ
569 5008 667 5064 ἐπὶ
686 5009 804 5074 τοῖς
825 5008 974 5064 κατὰ
1000 5007 1168 5078 φύσιν
1195 5006 1546 5078 τικτομένοις
1574 5004 1665 5060 ἐπ’
1695 5002 1908 5069 εὐθείαξ

2021 5011 2159 5057 turre
2177 5002 2372 5058 ordine
2400 5010 2709 5059 nascuntur
2738 5012 2886 5059 recta
2920 5001 3173 5059 habetur.
3201 5001 3472 5060 Tumores
3496 5018 3628 5060 vero

314 5097 437 5165 ὁδός
468 5099 535 5157 ⁸⁸.
572 5098 715 5165 Τοὺς
742 5098 851 5171 γὰρ
902 5098 1058 5172 παρὰ
1089 5098 1255 5169 φύσιν
1291 5098 1492 5162 τόκους
1534 5096 1567 5168 ἢ
1601 5095 1900 5157 δυστοκίας

2024 5092 2254 5156 ventris,
2315 5092 2409 5163 qui
2456 5100 2657 5164 praeter
2691 5101 2945 5147 naturam
2999 5092 3281 5158 eveniunt,
3324 5104 3626 5165 partusque

317 5192 726 5267 παραλειπτέον
774 5192 846 5247 ³⁸.
881 5191 1041 5247 Μετὰ
1097 5190 1231 5260 γοῦν
1263 5192 1364 5263 τὴν
1410 5187 1770 5261 χειρουργίαν
1817 5186 1908 5242 τοῦ

2024 5183 2373 5242 difﬁcultates
2404 5187 2606 5243 missas
2653 5184 2943 5242 faciemus.
2976 5184 3099 5242 Mox
3162 5185 3330 5258 igitur
3382 5185 3453 5242 ab
3501 5186 3620 5258 ipsa

258 5394 267 5417 ,
391 5354 440 5424 ’ἐ
461 5350 889 5424 διανενῆσθαιᾉΒ
918 5350 960 5406 C
990 5350 1049 5424 Ρ.
1097 5422 1107 5424 _
1148 5350 1194 5424 Ἀ*
1218 5349 1523 5424 τραχύτητι
1550 5351 1611 5406 Β.
1702 5348 1893 5424 ’ξᾳέχει
1923 5350 2029 5424 B._
2071 5350 2120 5385 “
2145 5348 2483 5424 ἀρτυμάτων
2508 5346 2571 5424 B_,
2597 5347 2941 5424 ἀρτημὰτων
2967 5348 3028 5404 C.
3105 5350 3153 5424 'j
3190 5351 3220 5404 6
3240 5346 3528 5424 Δ’δί-«ςόρος-ῌΒ

313 5425 361 5458 ’⁸
389 5418 779 5495 ἐξολισθαίνων
808 5421 879 5495 Β,
903 5418 1467 5495 ἐξολισθαίνῃ’ῼῬ.-’
1515 5418 1940 5495 Ῠθῖπεριόδευσις
1998 5420 2060 5495 Β,
2116 5418 2459 5495 παράδευσις
2518 5422 2579 5495 (ξ,
2662 5418 2765 5495 [ξιξ
2822 5419 2925 5491 τῆς
2970 5419 3183 5495 τροφῆς
3227 5420 3339 5495 (ἐπὶ
3363 5418 3535 5495 αὐτῆς

316 5489 541 5583 ’,ναῖειγ
572 5493 814 5583 Avi“:
839 5491 905 5583 9ο
937 5493 1115 5583 δεέειν
1144 5489 1247 5581 P-I
1282 5492 1454 5583 ’.εσξῖ
1472 5493 1541 5583 si
1566 5494 1627 5583 t3-
1667 5489 1728 5524 "
1755 5492 2095 5583 καληοιηοβε.
2132 5496 2182 5583 .3
2200 5489 3035 5583 ἒμίὲιδελεξῖς-βς,-ἷῆτ2ἓῗῖὴῖ
3069 5489 3467 5583 “iss-93;:
3488 5489 3626 5583 39.9-

317 5565 580 5635 ελκτικὴν
613 5564 677 5620 Β.
777 5565 800 5597 ⁸
837 5562 1268 5636 βρεφοϐουργεῖν
1296 5563 1359 5627 Α,
1391 5563 1652 5636 ⁸δηλονότι
1705 5579 1817 5620 om.
1850 5561 1915 5621 C.
1990 5566 2011 5600 ⁸
2046 5565 2105 5620 δὲ
2130 5564 2172 5619 Β
2205 5560 2249 5619 (Σ
2282 5562 2345 5619 P.
2416 5560 2474 5597 ⁷³⁸
2505 5560 2962 5636 περιπτωμάτων
2990 5560 3059 5617 Ἀ.
3127 5564 3187 5636 _“
3223 5563 3460 5636 ἐμπνεῖν
3488 5560 3529 5614 Β
3557 5562 3623 5617 (3.

317 5632 597 5719 ξ’..λεπτξν
618 5632 848 5719 pluralia
876 5632 881 5633 ί
909 5632 963 5668 ¹³ί
983 5632 1187 5719 χωρίον
1220 5635 1283 5690 Β.
1362 5632 1757 5719 ¹¹χπεριέχοντα
1779 5636 1871 5719 A."
1903 5636 1973 5719 ’ξ’
1994 5636 2127 5719 ὄντα
2153 5636 2198 5690 Α
2223 5637 2290 5719 ί.)ἱ
2367 5637 2412 5670 ⁸⁸
2441 5632 2783 5719 κατξϐλ..;ιτ.’
2821 5635 2924 5719 τῆς
2965 5650 3110 5719 φυσλ
3126 5632 3409 5719 λαμϐάνει.
3453 5650 3627 5687 κατα.

312 5710 495 5765 ϐόλιον
525 5708 588 5781 β,
618 5704 1239 5781 λαμϐᾲνει-καταϐολὴν
1278 5704 1436 5781 παρὰ
1459 5704 1806 5781 «sacenae;
1831 5706 1874 5781 ί]
1902 5706 1964 5763 Ρ.
2018 5709 2088 5781 7⁸⁷
2116 5707 2327 5781 παραλ.
2385 5724 2497 5781 out.
2538 5705 2599 5781 P_.
2645 5704 2731 5781 __“
2765 5721 2835 5781 κζ
2853 5707 2961 5781 τὴνΔ
2984 5704 3137 5781 σύνί).
3316 5705 3362 5781 1’
3378 5706 3626 5781 facts-gat:-

322 5781 497 5853 μένως
525 5773 588 5835 B.
678 5773 732 5853 _5°
756 5778 850 5853 τὸν
876 5777 934 5832 δέ
952 5773 1254 5853 ῥνθρωπον
1280 5773 1403 5853 QP.
1430 5849 1441 5853 _
1483 5773 1528 5811 ’ί
1554 5773 1671 5851 ἔχει
1788 5850 1799 5853 _
1827 5780 1873 5811 ’⁵³
1909 5780 2183 5853 κινήσεως
2202 5773 2282 5853 :(J.
2314 5779 2515 5853 _"_el;
2542 5777 2603 5853 τδ
2636 5773 2750 5853 ἔξω
2800 5775 2861 5840 Β,
2909 5773 2997 5853 εἰς
3044 5777 3133 5853 τεὶιΔ
3156 5775 3348 5853 ἔξω-Ε
3511 5774 3621 5853 "ﬁ

322 5845 537 5925 ξιεφαλὴ
565 5848 921 5925 ἀπολυομένη
941 5848 1015 5925 _B.
1051 5845 1157 5925 ξ²ξ
1189 5849 1273 5925 τὰ-
1307 5845 1723 5925 βαρύτερα”καὶ
1777 5845 2161 5925 ὀγκωδέστερα
2200 5850 2241 5904 Β
2266 5849 2351 5925 4οᾼ
2633 5848 3036 5925 ἐπισυρομένου
3094 5848 3159 5905 C.
3197 5920 3211 5925 _
3253 5849 3298 5881 ’⁷
3328 5848 3398 5925 τὰ
3441 5865 3514 5925 πλ
3529 5845 3624 5925 τδν

316 5915 468 5993 ὦμον
497 5915 552 5981 κ.
586 5924 680 5980 τὸν
710 5915 847 5991 θωρ.
884 5915 1025 5995 μέρη
1051 5921 1093 5976 Β
1122 5920 1186 5990 Ρ,
1217 5922 1288 5978 τὰ
1307 5915 1424 5978 ’τῶν
1452 5915 1620 5995 ὤμων
1650 5941 1707 5995 μ.
1734 5938 1790 5976 κ.
1820 5915 2080 5995 θώρακος
2094 5915 2163 5978 Ὀ.
2260 5921 2305 5954 ³⁸
2330 5923 2364 5993 ἡ
2393 5923 2483 5976 ἐπ’
2511 5918 2628 5975 εὑθ.
2681 5918 2764 5973 ὸδ.
2800 5915 2883 5975 ΒΣ
2964 5922 3009 5954 ’⁸
3042 5919 3432 5993 παραληπτέον
3479 5916 3518 5972 Β
3554 5915 3619 5971 C.
