4138 6466
425 472 562 526 “05

1642 454 1728 522 DE
1773 467 2066 525 NATUBA
2108 467 2419 526 ιιοΜιΝιιΒ.

3592 470 3732 527 Ηθῧ

415 588 478 642 ὃν
520 586 831 656 ἐκφέρομεν
878 583 967 638 διὰ
1008 584 1262 656 γλώσσης
1320 584 1418 638 καὶ
1471 585 1722 656 χειλέων,
1774 587 2027 658 γέννημά

2138 595 2289 657 utque
2343 584 2572 640 hominis
2629 600 2750 638 cum
2803 599 2950 638 mens
3012 582 3261 652 rapitur,
3315 589 3371 636 et
3416 579 3549 635 alibi
3589 579 3734 634 ὥστε

418 684 537 734 ἐστι
565 677 665 732 τοῦ
691 676 784 733 νοῦ
809 695 823 709 ο
860 679 1124 747 γεννᾶται
1167 677 1225 732 δὲ
1257 678 1360 732 οὐκ
1390 675 1543 747 ὄψει,
1580 679 1642 731 οὐ
1675 678 1842 733 πάθει
1862 679 1927 744 ¹⁰,
1961 681 2022 734 οὐ

417 775 592 845 πόνῳ,
628 773 690 826 οὐ
723 771 1028 844 διαιρέσει⁶
1063 771 1185 827 ἐστι
1220 772 1332 845 γὰρ
1356 774 1398 806 ¹¹
1442 771 1760 844 ἀσώματος,
1792 773 2026 844 ἀόρατος

418 865 517 917 καὶ
549 865 592 895 “
641 864 990 935 ἀκράτητος,
1047 863 1186 935 ἀκοῇ
1254 865 1418 935 μόνον
1452 865 1494 896 ³³
1541 864 2022 937 παραδεχόμενος·

418 957 601 1020 οὐδεὶς
647 951 790 1010 εἶδεν
826 957 869 989 ίδ
913 957 1038 1028 ὄψει
1087 955 1281 1026 λόγον·
1334 957 1516 1023 οὐδεὶς
1567 959 1793 1030 κατέχει
1843 959 2024 1032 χειρί⁶

420 1049 540 1102 ἀλλ’
593 1048 745 1104 ἔστιν
785 1049 1081 1121 ἀσώματος
1113 1052 1209 1106 καὶ
1246 1051 1560 1124 ἀκράτητος
1589 1051 1756 1123 φύσις
1803 1053 1874 1120 ¹⁸,
1915 1052 2026 1106 ὑπὸ

426 1144 559 1213 μιᾶς
588 1143 924 1213 αἰσθήσεως,
976 1143 1359 1216 κρατούμενος
1395 1144 1499 1216 τῆς
1548 1147 1760 1218 ἀκοῆςο
1800 1148 1895 1201 καὶ
1926 1147 2030 1201 οὐκ

423 1236 720 1290 ἐκτείνασα
742 1237 785 1268 ¹⁶
819 1239 1069 1310 χεῖραςή
1104 1238 1244 1310 ἀκοὴ
1273 1238 1503 1310 κατέχει
1539 1240 1706 1294 αὐτόν
1727 1255 1741 1270 ·
1773 1240 1891 1294 ἀλλ’
1931 1241 2032 1296 αὑ-

422 1328 516 1392 τὸς
543 1331 571 1383 6
600 1329 760 1399 λόγος
789 1332 832 1362 ¹⁷
861 1330 1124 1385 εἰσελθὼν
1151 1335 1464 1405 κρατεῖται,
1497 1335 1595 1388 καὶ
1619 1335 1683 1388 οὐ
1719 1335 2030 1407 μερίζεται,

425 1424 523 1478 καὶ
542 1422 585 1454 ιδ
618 1422 713 1476 τοῦ
739 1421 834 1477 νοῦ
862 1424 1226 1496 γεννήσαντος
1253 1425 1418 1480 αὑτὸν
1448 1426 1551 1481 οὐκ
1573 1427 1934 1498 ἀποσχίζεται
1963 1431 2029 1494 ¹⁹,

425 1515 566 1570 ἀλλά
597 1517 696 1570 καὶ
743 1517 959 1582 πάντας
996 1517 1204 1590 πληροῖ
1246 1520 1374 1584 τοὺς
1413 1520 1719 1587 ἀκούοντας
1767 1521 1934 1576 αὐτοῦ
1963 1523 2032 1588 ²⁰,

426 1609 642 1662 καὶτοῦ
675 1611 1043 1682 γεννήσαντος
1067 1609 1231 1665 αὑτὸν
1274 1612 1374 1665 οὐκ
1428 1612 1720 1681 ἀφίσταται
1750 1613 1840 1667 νοῦ
1866 1631 1879 1644 ’
1927 1613 2038 1668 ἀπὸ

354 1773 356 1775 γ
425 1702 484 1756 δὲ
514 1703 610 1756 τοῦ
643 1703 804 1772 λόγου
833 1704 1329 1774 καταλαμϐάνεται
1363 1706 1398 1777 ή
1432 1705 1644 1760 διάνοια
1679 1709 1776 1762 καὶ
1806 1709 1840 1778 ἡ
1865 1707 2033 1780 βουλὴ

425 1794 529 1865 τῆς
557 1796 758 1868 ψυχῆς.
785 1798 878 1850 Διό
897 1814 1066 1868 φησιν
1096 1800 1123 1851 6
1146 1797 1322 1870 μέγας
1348 1798 1633 1864 Βασίλειος
1654 1802 1697 1832 ⁸⁸
1723 1817 1736 1831 ·
1765 1821 1783 1854 ι
1804 1801 1912 1856 Τοῦ
1946 1803 2038 1858 λό-

425 1904 525 1957 γου
554 1889 654 1962 τὴν
684 1891 883 1962 χρῆσιν
911 1891 1148 1946 δέδωκεν
1170 1894 1302 1964 ἡμῖν
1324 1892 1352 1945 ὁ
1383 1893 1582 1960 κτίσας
1613 1896 1763 1967 ἡμᾶς
1799 1897 1845 1928 ³³
1879 1896 2034 1962 Θεὸς,

429 1980 517 2036 ἵνα
555 1983 655 2046 τὰς
693 1983 891 2055 βουλὰς
922 1984 1032 2040 τῶν
1066 1985 1312 2058 καρδιῶν
1340 1986 1599 2058 ἀλλήλοις
1625 1989 2035 2045 ἀποκαλύπτω·

431 2091 566 2145 μεν·
606 2076 702 2129 καὶ
728 2076 817 2130 διά
852 2077 913 2130 τὸ
947 2078 1270 2132 κοινωνικὸν
1306 2079 1407 2149 τῆς
1443 2080 1666 2150 φύσεως
1696 2082 1933 2146 ἕκαστος
1959 2083 2036 2154 τῷ

427 2165 664 2237 πλησίον
695 2167 1074 2239 μεταδίδωμεν
1095 2169 1170 2200 ⁸³⁸
1224 2169 1418 2242 ὥσπερ
1463 2169 1530 2226 ἐκ
1576 2190 1740 2226 τινων
1791 2175 2036 2246 ταμείων

427 2257 538 2311 τῶν
592 2260 695 2330 τῆς
739 2261 972 2332 καρδίας
1017 2262 1282 2333 κρυπτῶν
1330 2265 1702 2335 προφέροντες
1721 2269 1767 2298 ³⁵
1795 2267 1864 2321 τά
1907 2267 2036 2339 βου-

427 2349 702 2424 λεύματα.
751 2355 815 2408 Εἰ
863 2355 964 2426 μὲν
999 2356 1110 2428 γὰρ
1150 2357 1195 2388 ’⁵
1225 2361 1407 2431 γυμνῇ
1453 2361 1520 2430 τῇ
1554 2358 1699 2432 ψυχῇ
1738 2360 2032 2432 διεζῶμεν,

427 2445 593 2508 εὐθὺς
653 2446 720 2500 ἂν
772 2448 885 2501 ἀπὸ
931 2447 1044 2502 τῶν
1090 2449 1384 2520 νοημάτων
1434 2451 1693 2522 ἀλλήλοις
1755 2453 2036 2521 συνεγινό-

431 2537 594 2609 μεθα.
621 2541 689 2593 ³⁸⁸.
735 2541 893 2594 Ἐπεὶ
959 2542 1016 2595 δέ
1062 2541 1168 2595 ὑπό
1212 2545 1694 2614 παραπετάσματι
1743 2548 1811 2617 τῇ
1867 2547 2035 2619 σαρκὶ

427 2632 588 2703 ἡμῶν
620 2633 1014 2706 καλυπτομένη
1036 2634 1082 2666 ’⁷
1108 2637 1141 2705 ἡ
1167 2635 1316 2706 ψυχὴ
1340 2637 1439 2700 τὰς
1467 2636 1680 2698 ἐννοίας
1711 2639 2030 2709 ἐργάζεται,

430 2726 697 2797 ῥημάτων
741 2727 914 2781 δεῖται
945 2727 1040 2780 καὶ
1069 2726 1355 2797 ὀνομάτων
1403 2726 1539 2798 πρὸς
1591 2728 1654 2781 τὸ
1682 2728 2034 2798 δημοσιεύειν

428 2819 500 2871 τὰ
538 2820 597 2872 ἐν
651 2818 730 2890 τῷ
763 2819 920 2890 βάθει
973 2821 1204 2892 κείμενα
1228 2820 1272 2852 ⁸⁸
1296 2837 1310 2850 ’
1355 2839 1373 2871 ι
1434 2820 1573 2891 πλὴν
1605 2822 1878 2894 πρότερον
1935 2826 1962 2878 ὁ
1988 2823 2034 2855 ²⁹

428 2911 542 2965 ἀπὸ
571 2913 680 2967 τῶν
710 2913 1061 2985 γραμμάτων
1088 2915 1133 2946 ³⁰
1163 2913 1337 2977 τύπος
1385 2914 1670 2983 ἐγγίνεται
1713 2919 1779 2986 τῇ
1813 2917 2030 2988 νοήσειο

429 3003 624 3060 ἔπειτα
658 3009 800 3078 μετά
846 3009 907 3062 τὸ
955 3008 1428 3077 φαντασιωθῆναι,
1502 3008 1612 3062 ἀπὸ
1656 3008 1767 3062 τῶν
1805 3010 2034 3063 ὑποκει-

432 3099 613 3168 μένων
662 3102 763 3165 τάς
797 3102 1009 3166 οἰκείας
1055 3103 1152 3156 καὶ
1207 3105 1512 3173 προσφυεῖς
1572 3103 1810 3157 ἑκάστου
1846 3120 2035 3174 σημα-

429 3193 552 3258 σίας
597 3195 964 3267 ἐκλεγόμενος
1001 3196 1324 3267 ἐξαγγέλλει
1362 3198 1429 3252 ³¹.
1466 3193 1600 3251 Εἶτα
1651 3200 1719 3269 τῇ
1756 3198 2037 3272 ὑπηρεσίᾳ

425 3287 541 3342 τῶν
588 3291 917 3363 φωνητικῶν
960 3291 1215 3364 ὀργάνων
1237 3292 1506 3354 διαδιδοὺς
1535 3293 1580 3323 ³³
1611 3290 1682 3344 τά
1735 3292 2033 3363 νοηθέντα,

427 3379 604 3445 οὕτως
628 3382 674 3413 ³³
731 3383 820 3437 διὰ
879 3383 977 3454 τῆς
1015 3382 1112 3436 τοῦ
1168 3383 1334 3453 ἀέρος
1377 3381 1688 3445 τυπώσεως
1738 3383 1883 3437 κατά
1937 3385 2039 3454 τὴν

431 3470 698 3540 ἔναρθρον
726 3473 826 3542 τῆς
872 3472 1060 3542 φωνῆς
1111 3472 1328 3543 κίνησιν
1385 3472 1448 3526 τὸ
1503 3473 1562 3526 ἐν
1612 3472 1753 3542 τῴ³⁶
1804 3474 2039 3546 κρυπτῷ

432 3555 615 3624 νόημα
641 3556 685 3588 ³⁵
718 3557 1038 3627 σαφηνίζει.

2133 679 2345 751 πτερὸν
2381 678 2447 748 ὴὲ
2500 677 2722 748 νόημα,
2778 685 2838 729 ut
2888 691 3076 745 penna:
3129 690 3222 730 seu
3263 689 3428 729 mens.
3488 673 3733 744 Atquin

2131 783 2315 827 mente
2342 771 2459 841 ipsa
2485 778 2540 824 et
2584 768 2855 824 orationis
2898 775 3053 822 ortus
3108 776 3195 822 est
3228 808 3242 834 ,
3271 781 3395 836 quae
3427 774 3479 820 et
3507 765 3734 823 vocibus

2129 862 2423 928 formatur,
2472 870 2527 917 et
2555 859 2748 916 litteris
2783 859 2943 930 quasi
2974 873 3242 929 corporea
3281 856 3549 913 redditur.
3596 857 3734 914 Nam

2133 956 2334 1021 oratio,
2367 963 2490 1025 quae
2538 954 2739 1024 lingua:
2767 953 3151 1021 labiorumque
3197 950 3509 1006 ministerio
3541 966 3737 1020 proce-

2131 1050 2251 1118 dit,
2289 1065 2318 1104 a
2353 1057 2536 1104 mente
2564 1048 2682 1118 ipsa
2708 1055 3105 1118 progeneratur
3138 1063 3152 1098 :
3188 1044 3284 1100 sed
3308 1044 3383 1098 ita
3415 1044 3536 1114 ejus
3571 1061 3740 1117 geneo

2133 1145 2276 1200 ratio
2327 1143 2407 1210 fit,
2440 1150 2498 1198 ut
2531 1141 2683 1197 cerni
2727 1149 2966 1211 nequeat
2999 1154 3012 1190 :
3046 1154 3226 1209 neque
3259 1137 3530 1210 passioni,
3563 1138 3738 1194 labori

2135 1240 2222 1296 vel
2251 1237 2510 1294 divisioni
2560 1235 2800 1291 obnoxia
2836 1233 3123 1289 redditur:
3157 1232 3274 1302 ipsa
3305 1230 3454 1286 enim
3504 1246 3739 1302 corpore

2137 1348 2362 1398 vacans,
2395 1329 2802 1398 invisibilisque
2830 1335 2936 1391 est,
2962 1334 3017 1381 et
3040 1339 3166 1396 quae
3190 1325 3586 1396 comprehendi
3637 1342 3736 1381 nc~

2139 1427 2278 1499 quit,
2337 1425 2407 1481 ab
2461 1420 3110 1480 audibili‘tantummodo
3165 1435 3332 1476 sensu
3394 1419 3736 1490 percipitur;

2138 1519 2323 1574 nullus
2346 1517 2568 1589 quidem
2591 1526 2696 1581 est,
2743 1515 2840 1586 qui
2880 1513 3055 1569 oculis
3101 1528 3199 1568 seu
3230 1527 3392 1567 manu
3431 1511 3736 1566 orationem

2141 1611 2563 1680 deprehenderit
2609 1608 2754 1677 ;sed
2787 1615 2982 1662 natura
3037 1606 3288 1676 corporis
3336 1619 3533 1674 expers
3575 1603 3741 1658 liabe-

2141 1711 2254 1771 tur,
2284 1713 2450 1775 atque
2482 1702 2710 1759 omnino
2740 1699 3077 1772 deprehendi
3113 1698 3325 1768 nequit.
3345 1697 3427 1752 Ab
3459 1713 3571 1753 uno
3620 1707 3740 1751 tan-

2142 1805 2258 1853 tum
2290 1796 2520 1852 audibili
2591 1811 2756 1852 sensu
2794 1794 3128 1850 continetur.
3177 1796 3249 1847 At
3301 1806 3478 1862 neque
3518 1790 3740 1845 auditus

2144 1890 2320 1962 ipsam
2350 1889 2595 1945 extensis
2631 1887 2890 1942 manibus
2950 1885 3181 1952 detinet,
3214 1884 3307 1940 sed
3342 1884 3461 1954 ipsa
3497 1890 3609 1937 tota
3639 1897 3741 1937 sua

2069 1967 2116 2023 Β
2145 1992 2341 2054 sponte
2385 1980 2701 2054 ingrediens
2738 1980 3036 2044 detinetur,
3069 1994 3248 2050 neque
3292 1993 3324 2033 a
3388 1985 3572 2032 mente
3618 1991 3742 2046 quae

2147 2077 2321 2149 ipsam
2341 2084 2599 2148 procreat
2615 2075 2899 2139 dividitur,
2923 2082 3019 2129 aut
3043 2073 3312 2130 scinditur
3340 2070 3741 2142 sejungiturve,

2144 2171 2239 2227 sed
2266 2185 2462 2226 omnes
2485 2169 2662 2240 ipsam
2719 2169 3006 2224 audientes
3040 2167 3244 2238 replet;
3280 2167 3384 2235 21
3417 2180 3542 2220 cum
3577 2177 3679 2219 nec
3709 2179 3743 2218 ιι

2145 2273 2327 2318 mente
2353 2263 2473 2332 ipsa
2516 2262 2660 2317 unde
2699 2262 2970 2332 originem
3008 2261 3240 2314 duxerat
3265 2259 3452 2329 procul
3487 2256 3740 2312 exsistat.

2144 2353 2415 2425 Cogitatio
2437 2362 2620 2408 autem
2651 2361 2706 2408 et
2728 2353 2926 2407 anima:
2952 2335 3240 2406 consilium
3257 2350 3326 2404 ab
3347 2348 3600 2403 oratione
3628 2348 3745 2416 ipsa

2143 2447 2644 2518 deprehenduntur.
2705 2445 3079 2513 Quamobrem
3115 2459 3349 2512 magnus
3388 2441 3628 2497 Basilius
3666 2441 3746 2495 in-

2143 2551 2265 2621 quit
2295 2567 2308 2605 :
2348 2548 2494 2605 Deus
2528 2549 2624 2620 qui
2681 2563 2784 2604 nos
2823 2546 3049 2611 creavit,
3085 2549 3364 2602 orationls-
3385 2544 3547 2600 nobis
3579 2559 3741 2599 usum

2144 2643 2376 2715 largitus
2409 2652 2514 2710 est,
2534 2652 2596 2698 ut
2625 2642 2873 2698 cordium
2904 2640 3136 2695 consilia
3163 2639 3398 2694 invicem
3453 2636 3741 2708 detegendi

2144 2735 2381 2792 facultas
2404 2735 2573 2803 sit,ac
2598 2734 3078 2791 communicabilis
3111 2741 3321 2788 naturae
3338 2731 3514 2801 gratia
3547 2744 3743 2784 omnes

2144 2845 2268 2900 qua:
2320 2831 2518 2899 cuique
2578 2828 2767 2883 insunt
2815 2826 3049 2880 invicem
3095 2825 3450 2895 partiremur,
3486 2821 3616 2875 dum
3674 2837 3744 2876 ex

2145 2920 2330 2986 corde,
2357 2935 2461 2975 ceu
2503 2935 2570 2973 ex
2616 2933 2818 2973 arcano
2852 2917 3087 2987 quodam
3114 2915 3492 2986 promptuario
3513 2915 3743 2969 consilia

2144 3012 2616 3083 depromeremus.
2650 3011 2705 3066 Si
2737 3010 2882 3066 enim
2908 3011 3052 3065 nuda
3089 3019 3298 3064 tantum
3351 3010 3536 3063 anima
3575 3007 3742 3061 vitam

2145 3107 2602 3176 produceremus.
2637 3106 2704 3159 ab
2733 3105 2853 3174 ipso
2897 3104 3176 3158 intellectu
3209 3103 3463 3173 protinus
3508 3100 3742 3154 invicem

2146 3199 2588 3254 conveniremus.
2655 3195 2761 3252 Sed
2825 3197 3090 3267 quoniam
3141 3196 3327 3249 anima
3394 3201 3584 3248 nostra
3640 3191 3744 3246 sub

2147 3305 2333 3355 carne,
2374 3303 2471 3344 ceu
2513 3288 2783 3343 velamine
2829 3287 3066 3357 quodam
3107 3287 3346 3350 detenta,
3387 3282 3743 3354 cogitationi-

2148 3383 2251 3438 bus
2286 3383 2495 3446 utitur,
2544 3381 2728 3437 verbis
2781 3395 3079 3448 rcrumque
3135 3377 3459 3433 nominibus
3510 3376 3739 3446 indiget,

2145 3489 2258 3545 quo
2279 3490 2402 3544 quae
2438 3475 2492 3528 in
2527 3473 2737 3529 intimis
2757 3473 3106 3528 continentur
3133 3471 3186 3526 in
3217 3471 3497 3542 publicum
3521 3470 3739 3535 ederet;

2146 3575 2373 3635 excepto
2406 3569 2552 3637 quod
2587 3567 2739 3637 prius
2782 3582 2813 3620 a
2867 3566 3030 3621 rebus
3059 3565 3193 3636 ipsis
3219 3563 3457 3620 formula
3488 3563 3738 3635 quaedam

430 3648 487 3700 in
538 3649 818 3706 intellectu
870 3658 1081 3723 oritur;
1146 3654 1346 3710 dehinc
1412 3670 1540 3710 cum
1589 3672 1747 3713 mens
1813 3657 1935 3729 ipsa
1970 3660 2366 3732 imaginatione
2423 3678 2521 3717 usa
2564 3661 2750 3726 fuerit,
2793 3677 2891 3716 ceu
2927 3659 3140 3714 delectu
3204 3659 3447 3730 quodam
3485 3673 3516 3712 a
3551 3658 3742 3727 subje-

431 3741 537 3797 ctis
567 3744 734 3801 rebus
759 3745 968 3813 habito,
1014 3747 1322 3819 peculiares
1384 3748 1947 3822 accommodatasque
1983 3752 2280 3824 cujuslibet
2332 3753 2412 3809 rei
2460 3753 2888 3825 signiﬁcationes
2924 3749 3230 3806 denuntiat.
3301 3749 3503 3804 Postea
3567 3764 3737 3814 vero,

430 3852 558 3892 cum
608 3856 731 3911 quae
790 3842 1103 3899 intellectus
1177 3843 1637 3914 deprehenderat,
1695 3846 1968 3902 vocalium
2017 3847 2512 3904 instrumentorum
2586 3846 2772 3903 officio
2826 3844 3142 3910 tradiderit,
3208 3845 3313 3900 hoc
3364 3854 3529 3914 pacto
3579 3844 3729 3898 aeris

431 3933 765 3992 formatione
806 3933 1150 3992 intellectum
1192 3935 1374 4007 ipsum
1423 3936 1517 4006 qui
1567 3937 1621 3991 in
1663 3953 1869 3995 arcano
1908 3942 2254 4006 constiterat,
2285 3941 2590 3998 articulatm
2627 3939 2778 3996 vocis
2831 3949 2980 3994 motu
3025 3939 3204 4009 palam
3251 3937 3516 3992 ostendit.

503 4027 617 4079 Καὶ
643 4026 805 4081 τοῦτο
836 4029 893 4082 ἐν
931 4032 999 4101 τῇ
1045 4029 1208 4101 φύσει
1256 4031 1355 4085 τοῦ
1401 4031 1633 4101 λογικοῦ
1686 4033 1862 4101 (dion,
1899 4034 1962 4088 τὸ
1988 4035 2034 4068 ³⁸

429 4119 521 4173 διά
549 4119 712 4190 λόγου
761 4123 1138 4178 ἐκκαλύπτειν
1186 4125 1529 4199 προφορικοῦ
1580 4127 1650 4180 τά
1707 4127 1810 4198 τῆς
1852 4126 2036 4199 ψυχῆς

431 4215 766 4287 άπόκρυφα·
805 4219 839 4290 ἡ
865 4219 973 4290 γὰρ
1003 4219 1170 4291 νοερά
1203 4220 1313 4274 τῶν
1344 4220 1596 4290 ἀγγέλων
1625 4221 1806 4287 οὐσία,
1839 4221 1900 4288 ἐξ
1931 4222 2034 4275 αὐ-

428 4309 540 4362 τῶν
603 4311 714 4364 τῶν
765 4313 1059 4383 νοημάτων
1110 4312 1369 4384 ἀλλήλοις
1426 4312 1869 4382 συγγίνονταιη.
1928 4314 2033 4368 Τὸν

429 4401 590 4472 λόγον
639 4404 698 4458 δὲ
739 4405 832 4458 τὸν
875 4405 1228 4478 ἀνθρώπινόν
1274 4425 1422 4472 τινες
1466 4408 1702 4476 ἄγγελον
1757 4409 2034 4480 ὡρίσαντο

428 4499 730 4569 νοήματος.
775 4500 1014 4569 Λέγεται
1058 4503 1148 4569 δὲ,
1181 4504 1209 4556 6
1246 4502 1348 4572 μὲν
1381 4503 1720 4567 ἐνδιάθετος,
1751 4506 1780 4558 6
1805 4504 1860 4556 δὲ
1891 4521 2030 4576 προ-

2199 4035 2384 4092 Ethoc
2402 4035 2456 4090 in
2477 4044 2673 4091 natura
2691 4034 2947 4090 animalis
2970 4035 3180 4088 ratione
3195 4031 3520 4104 praediti,uti
3541 4032 3741 4086 animae

2141 4145 2344 4186 arcana
2372 4127 2803 4201 pronuntiativae
2828 4127 3097 4182 orationis
3135 4141 3365 4182 munere
3393 4126 3738 4194 detegantur,

2141 4223 2417 4294 peculiare
2463 4222 2718 4278 habetur.
2769 4218 2906 4274 Nam
2956 4220 3276 4291 angelorum
3339 4217 3740 4274 intellectualcs

2142 4315 2469 4371 substantiae
2534 4316 2658 4385 ipso
2712 4313 2992 4368 intellectu
3065 4312 3302 4368 invicem
3364 4311 3736 4378 conveniunt;

2141 4409 2442 4464 humanam
2473 4423 2605 4464 vero
2649 4407 2954 4462 orationem
2989 4406 3302 4462 intellectus
3337 4404 3589 4476 angelum
3616 4420 3741 4460 esse

2140 4501 2394 4557 nonnulli
2448 4509 2764 4558 statuerunt
2836 4501 2944 4557 Sed
2999 4500 3180 4555 altera
3216 4498 3438 4568 quidem
3495 4497 3736 4561 interna,

428 4594 678 4664 φορικός.
717 4594 830 4647 Καὶ
858 4595 1168 4660 ἐνδιάθετος
1205 4595 1306 4668 μέν
1338 4597 1511 4664 ἐστιν,
1544 4598 1573 4650 6
1601 4597 1660 4650 ἐν
1692 4598 1894 4670 καρδίᾳ
1930 4597 2028 4652 λα-

2139 4595 2313 4651 altera
2353 4610 2485 4651 vero
2511 4595 2926 4667 pronuntiativa
2961 4593 3143 4649 oratio
3168 4592 3391 4648 dicitur.
3425 4592 3492 4647 Et
3522 4593 3738 4647 interna

427 4684 693 4757 λούμενος
713 4703 727 4717 ·
757 4688 786 4740 6
814 4687 872 4741 δὲ
894 4689 953 4742 ἐν
969 4691 1034 4760 τῇ
1065 4691 1322 4762 προφορᾷ
1349 4689 1446 4744 καὶ
1479 4690 1679 4761 χρήσει
1704 4690 1770 4755 ³⁸,
1805 4690 1961 4762 ῥῆμα
1981 4691 2026 4724 ³⁹

427 4779 541 4832 ἀπὸ
583 4779 824 4845 διανοίας
871 4782 1301 4854 ἐκπεμπόμενον
1322 4784 1368 4817 ⁴⁰
1424 4785 1564 4854 μετά
1615 4785 1824 4854 φωνῆς.
1868 4783 2027 4855 Φωνὴ

426 4871 488 4925 δὲ
519 4873 580 4926 οὐ
639 4873 747 4936 πᾶς
765 4871 808 4904 ⁸⁸
845 4872 1006 4942 λόγος
1055 4873 1308 4944 λέγεται,
1357 4875 1494 4930 άλλά
1547 4877 1659 4930 πᾶν
1692 4876 1721 4929 ὃ
1755 4875 1929 4946 ψόφον
1957 4876 2027 4929 δι’

426 4963 601 5033 ἀκοῆς
623 4964 860 5034 ἐμποιεῖ.
908 4965 1033 5019 Ἐπὶ¹
1061 4965 1163 5034 μὲν
1187 4964 1299 5035 γάρ
1320 4965 1367 4998 δ’
1398 4965 1500 5035 τῆς
1532 4965 1816 5036 ἡμετέρας
1844 4966 2028 5036 ψυχῆς

426 5055 604 5112 διτταί
638 5059 779 5112 εἰσιν
833 5059 892 5112 αἱ
936 5059 1243 5131 ἐνέργειαιο
1280 5060 1338 5112 αἱ
1389 5060 1488 5130 μὲν
1527 5060 1869 5128 γνωστικαὶ,
1915 5055 2030 5113 οἷον

426 5149 582 5216 νοῦς,
614 5151 746 5216 δόξα
766 5191 780 5219 ,
814 5151 1094 5223 φαντασία
1113 5193 1128 5221 ,
1159 5150 1419 5222 αἴσθησις
1449 5153 1545 5206 καὶ
1567 5153 1800 5217 διάνοια,
1842 5151 2028 5217 καθὼς

428 5246 769 5317 προείπομεν
787 5264 802 5280 ο
833 5248 891 5302 αἱ
917 5247 977 5302 δὲ
1007 5245 1244 5314 ζωτικαὶ
1266 5246 1362 5301 καὶ
1385 5247 1696 5318 ὀρεκτικαὶ,
1725 5241 1860 5312 οἷον,
1897 5245 2024 5319 βού-

502 5465 544 5498 ¹⁰
596 5467 660 5521 οὐ
704 5487 764 5523 π.
809 5483 921 5524 om.
967 5471 1028 5536 Β,
1075 5470 1227 5526 πόοω
1275 5471 1338 5530 C.

424 5609 471 5688 ξς
504 5609 670 5688 αύτὺν
713 5611 775 5666 C.
796 5613 888 5688 _"
917 5611 1316 5688 εῦαγγελιστῇς
1341 5616 1406 5688 C.
1456 5618 1528 5688 ξ’
1549 5617 1700 5688 ἡμᾶς
1739 5630 1850 5688 om.
1883 5615 1948 5688 ΑΔ

423 5680 469 5712 ιε
505 5681 616 5759 γεερ
644 5696 756 5759 0'13-
793 5682 854 5738 Β.
1010 5680 1426 5759 eammeam
1453 5687 1514 5742 Β.
1673 5687 1794 5759 καλ·
1823 5688 1859 5759 2t

422 5767 511 5827 9m
523 5751 612 5827 ._B.
687 5751 732 5785 ³⁰
757 5772 909 5827 πραγ

423 5823 470 5895 ξι
486 5824 567 5895 τῷ
625 5838 737 5880 om.

424 5963 468 5997 ”
495 5963 754 6041 ἐπεϊγάρ
781 5969 822 6024 Β
857 5968 916 6026 Ρ.

557 5469 660 5552 ὀὐ
704 5483 949 5552 πλοηιτῃ
967 5471 1028 5552 ῌ,
1075 5470 1227 5552 πόθω
1275 5471 1386 5552 C._
1437 5471 1700 5552 ¹¹ηδέῌΒ,
1744 5471 1888 5552 ἀλλὰ
1933 5469 2096 5552 ἐστὶν.
2125 5470 2324 5552 ἀσ.ηΡ.
2363 5473 2425 5552 ι¹²
2468 5472 2564 5526 καὶ
2590 5487 2704 5552 Qui.
2736 5471 2778 5525 Β
2824 5472 2887 5552 1:.
2965 5471 3010 5552 ξ’

427 5539 471 5640 ἒξ
501 5539 662 5624 φιξσει
701 5539 833 5628 C‘P.
906 5541 950 5575 ιθ
978 5542 1300 5598 ἐκτείνουσα
1345 5543 1407 5601 C.
1487 5545 1530 5576 ¹⁷
1572 5544 1696 5607 ὅλος
1737 5543 1778 5599 C
1824 5542 1886 5608 Ρ,
1935 5545 2031 5597 ill“

504 5609 670 5663 αυτὸν
713 5612 775 5666 (λ.
843 5613 888 5644 ἰ
917 5611 1316 5670 εὐαγγελιστᾶις
1341 5616 1406 5670 C.
1483 5617 1700 5670 “llud:
1739 5630 1850 5670 om.
1883 5615 1948 5670 A.

2217 5544 2260 5576 ¹⁸
2291 5543 2387 5597 καὶ
2432 5559 2545 5600 om.
2590 5543 2630 5596 Β
2663 5545 2724 5599 Ρ.
2841 5545 2883 5575 ¹⁹
2925 5543 2987 5596 οὐ

2138 5613 2447 5669 ἱποδίδωσιν
2502 5615 2563 5670 C.
2608 5613 2952 5670 ἀποδίδωμεν
2984 5612 3025 5666 Ρ

2160 5628 2447 5669 ποσιοωσιν
2502 5628 2563 5682 U,
2608 5628 2952 5682 αποοιοωμεν
2985 5628 3045 5669 ι’.

1883 5631 1948 5671 Α.
2052 5631 2097 5646 ··
2121 5631 2447 5669 αποοιοωσιν
2502 5631 2563 5682 u,
2608 5631 2891 5683 αποοιοωμ

1869 5685 1985 5756 μῶν
2012 5684 2053 5738 Β
2083 5686 2122 5740 C
2157 5685 2218 5740 P.
2321 5687 2368 5719 ³⁸
2403 5687 2496 5740 καὶ
2523 5683 2697 5738 ταῦτα
2722 5685 2820 5756 μὲν
2845 5685 2874 5738 6

915 5755 1103 5829 μάτων
1121 5751 1211 5813 BC
1231 5751 1295 5813 Ρξ
1373 5759 1416 5791 ³⁸
1442 5759 1728 5829 ἐξαγγέλει
1757 5757 1794 5811 Β
1822 5751 1882 5814 ΡΖ
1907 5757 1951 5789 ³²
1969 5756 2298 5827 παραδιδοὺς
2321 5757 2361 5810 Β
2388 5759 2449 5823 C,
2474 5757 2532 5829 Ρ,
2555 5756 2646 5829 qui
2666 5751 2826 5829 habet
2847 5754 2922 5829 τά
2935 5751 3307 5829 διανοηθέντα.
3389 5752 3435 5829 ξ³
3449 5751 3646 5829 οὕτωεί

850 5826 926 5906 .-.⁷
964 5828 1022 5906 ’δεῖ
1043 5829 1224 5906 τὸνμὲν
1262 5829 1401 5906 αὐτῇ
1459 5826 1632 5906 [αὐτῷ
1825 5826 2203 5906 κρυπτόμενον
2256 5829 2453 5906 Δνόημα
2491 5826 2659 5906 (ζ

499 5894 836 5977 ςπίρεξφορικξς
858 5897 920 5977 ξὲ
953 5902 981 5956 ό
1008 5903 1064 5956 ἐν
1087 5905 1152 5975 τῇ
1185 5921 1244 5958 π.
1281 5894 1686 5977 καῖ’χρήσιμος
1718 5894 1935 5976 [χρήσει
1969 5894 2058 5974 [³,]
2091 5899 2155 5956 C.

2137 4690 2360 4761 quidem
2391 4698 2495 4758 est,
2530 4706 2654 4761 qum
2687 4692 2741 4745 in
2774 4689 2940 4747 corde
2968 4689 3216 4759 loquitur
3247 4706 3261 4743 :
3313 4703 3436 4759 quae
3483 4703 3613 4744 vero
3667 4688 3736 4742 ad

2136 4783 2422 4854 eloquium
2470 4799 2745 4854 usumque
2811 4783 2995 4850 venit,
3065 4781 3250 4838 ﬂuxus
3312 4789 3396 4838 est
3458 4781 3552 4852 qui
3607 4797 3735 4836 cum

2137 4891 2270 4930 voce
2303 4891 2334 4930 a
2371 4876 2707 4943 cegitatione
2736 4875 3026 4931 emittitur.
3053 4873 3173 4929 Non
3198 4881 3384 4929 autem
3417 4872 3599 4928 omnis
3628 4887 3735 4927 vox

2138 4967 2318 5023 oratio
2355 4966 2577 5034 dicitur,
2633 4967 2728 5023 sed
2779 4982 3014 5038 quaeque
3059 4982 3148 5022 res
3178 4981 3302 5037 qua:
3334 4964 3625 5035 strepitum
3664 4965 3733 5020 ad

2138 5061 2387 5116 auditum
2433 5061 2644 5124 defert.
2688 5077 2796 5116 vox
2845 5069 3217 5130 nuncupatur.
3273 5058 3546 5125 Quoniam
3598 5072 3732 5113 vero

2135 5153 2334 5209 anima:
2381 5163 2587 5210 nostrae
2626 5153 2878 5225 duplices
2922 5153 3170 5210 actiones
3208 5151 3503 5219 habentur,
3543 5151 3734 5207 alterae

2132 5247 2350 5317 quidem
2377 5264 2500 5319 quae
2524 5248 2590 5304 ad
2625 5247 2999 5320 cognitionem
3021 5289 3038 5317 ,
3071 5254 3130 5302 ut
3161 5260 3336 5316 nuper
3364 5245 3734 5324 asseruimus,

3041 5469 3247 5542 p.6va
3273 5467 3334 5524 P.
3415 5466 3633 5542 {$013553

2841 5545 2883 5575 ¹⁹
2925 5543 2987 5596 οὐ
3037 5539 3331 5613 χωρίζεται
3374 5541 3495 5595 add.
3521 5540 3560 5594 Β
3589 5539 3631 5595 C
3663 5539 3726 5594 P.

2841 5630 2952 5644 ..ι-η
2984 5612 3025 5644 ῐ)
3142 5613 3190 5644 ιι
3221 5609 3632 5644 ηΑΑηρηέΑΑηη-ρρ
3663 5612 3704 5644 Ρ

3221 5609 3730 5738 ῗξὲἐῖφῗξῗτεςιέέ

2217 5544 2260 5576 ¹⁸
2291 5543 2387 5597 καὶ
2432 5559 2545 5600 om.
2590 5543 2630 5596 Β
2663 5545 2724 5599 Ρ.

2321 5687 2368 5719 ³⁸
2403 5687 2496 5740 καὶ
2523 5683 2697 5738 ταῦτα
2722 5685 2820 5756 μὲν
2845 5681 3045 5756 όλθεῖος
3087 5683 3227 5756 ἀνὴρ
3260 5681 3385 5738 add.

2751 5827 2797 5860 ³⁸
2829 5825 2925 5880 τοῦ
2984 5826 3046 5882 C.
3107 5823 3119 5826 “
3163 5827 3207 5859 ⁸⁷
3240 5825 3556 5896 συγγίνεται
3597 5825 3637 5878 C
3664 5823 3724 5896 Β.

2254 5899 2298 5933 ⁸9
2329 5892 2507 5972 ῤ’ἐῦμα
2534 5898 2573 5953 Β
2605 5898 2648 5956 C
2673 5897 2734 5955 P.
2813 5899 2858 5932 ⁵ο
2891 5892 3403 5973 ἐκπεμπόμενος’(ἷ,
3443 5897 3488 5931 δι
3523 5896 3636 5953 πᾶν
3659 5892 3723 5947 (ἶ,
