4138 6498
472 472 600 527 ΗΠ

1782 456 2060 517 MELETII
2103 452 2419 513 MONACIII

3608 438 3752 500 lii!

474 599 639 660 atque
659 587 788 643 huic
805 586 991 641 liberae
1007 584 1303 641 voluntatis
1324 587 1503 654 legem
1523 582 1749 654 largitus
1765 592 1878 647 cst;
1905 580 2064 649 cujus

2174 575 2263 628 καὶ
2290 572 2468 645 τούτῳ
2497 573 2661 647 νόμον
2688 573 2889 629 δέδωκε
2921 571 3269 642 αὐτεξούσιον
3295 578 3362 636 ⁸⁸,
3405 568 3529 624 καθ’
3556 570 3615 624 ὃν
3645 586 3747 624 πο-

477 679 734 749 imperio,
763 677 810 733 si
847 676 1152 747 potioribus
1184 673 1495 738 adhaeserit,
1526 673 1579 726 in
1617 688 1783 741 regno
1808 671 2057 741 justititn,

479 771 878 839 temperantiae,
930 767 1286 832 fortitudinis,
1327 774 1381 820 et
1428 764 1748 835 prudentire,
1784 778 1882 818 ceu
1916 760 2060 817 Deus

477 862 575 932 qui
616 862 862 916 omnium
904 874 1085 915 rerum
1119 856 1329 913 semina
1380 856 1610 926 largitus
1662 863 1768 919 est,
1824 853 2060 908 beatitu-

481 955 611 1009 dine
645 953 918 1008 frueretur
945 970 959 1007 :
991 959 1047 1006 et
1077 952 1180 1004 hoc
1211 949 1448 1003 maxime
1471 947 1753 1018 sapientia:
1774 961 2064 1014 argumen-

483 1053 598 1098 tum
632 1052 744 1109 est;
801 1057 949 1104 nam,
997 1055 1091 1109 per
1122 1040 1399 1104 virtutem,
1439 1048 1494 1094 et
1537 1039 1722 1094 liberae
1766 1038 2063 1093 voluntatis

485 1131 792 1198 arbitrium,
823 1138 878 1185 et
909 1129 1001 1183 Dei
1044 1130 1308 1198 sapientia
1366 1128 1420 1182 in
1452 1128 1609 1183 nobis
1649 1127 1930 1182 elucescit.
1966 1126 2065 1181 Sa-

485 1224 703 1294 pientiae
735 1230 915 1276 autem
952 1230 1191 1290 quatuor
1225 1219 1439 1289 species
1474 1228 1624 1285 sunt,
1664 1234 1803 1289 quas
1830 1218 2063 1273 virtutes

484 1314 768 1386 generales
808 1311 1056 1366 nonnulli
1089 1312 1449 1381 appellarunt.
1477 1309 1612 1377 Quze
1635 1310 1885 1380 iustitiae,
1923 1318 2055 1364 tem-

484 1405 767 1477 perantiae,
809 1402 1165 1466 fortitudinis,
1222 1419 1287 1458 ac
1344 1403 1648 1473 prudentiae
1680 1403 1901 1458 nomine
1936 1418 2066 1457 cen-

484 1496 903 1554 sentur-.llarum
925 1505 1107 1552 autem
1127 1495 1414 1565 prudentia
1442 1495 1785 1565 praestantior
1815 1494 2064 1560 habetur,

485 1591 646 1660 cujus
699 1591 871 1660 gratia
906 1588 1276 1644 consideratio
1308 1587 1692 1642 allectionibus
1726 1587 2065 1642 dominatur.

490 1676 768 1749 Sapientia
804 1677 989 1749 igitur,
1032 1676 1343 1731 divinarum
1373 1676 1853 1745 humanarumque
1880 1691 2066 1730 rerum

486 1771 730 1842 cognitio
768 1778 870 1824 cst.
919 1770 990 1824 At
1028 1768 1441 1838 temperantiam
1479 1769 1677 1839 ipsam,
1723 1767 2064 1836 passionum,

486 1872 541 1916 et
564 1862 919 1932 cupiditatum
948 1860 1339 1916 continentiam
1368 1860 1595 1915 dixeris.
1626 1858 1721 1914 Vel
1758 1860 1861 1913 hoc
1888 1868 2065 1929 pacto,

2162 665 2553 736 λιτευσὰμενος
2607 666 2921 736 βασιλεύσει
2962 667 3244 736 βασιλείαν
3269 663 3530 737 σώφρονά
3568 681 3629 717 τε
3650 662 3750 716 καὶ¹

2161 757 2396 823 δικαίαν,
2431 759 2526 811 καὶ⁵
2554 759 2765 831 ἀγαθὴν
2787 758 2883 812 καὶ
2919 758 3175 828 ἀνδρείαν
3201 758 3218 789 ¹
3242 774 3258 789 ο
3292 758 3371 810 si”
3398 756 3459 809 τὸ
3493 756 3751 826 κρεῖττον

2163 849 2354 918 ἐληται
2378 865 2391 879 ·
2438 850 2504 902 ἵν’
2534 846 2590 922 ᾖ,
2634 851 2773 920 φησὶ
2799 849 2843 915 ³,
2893 850 2954 903 τὸ
2993 849 3201 919 ἀγαθὸν
3240 850 3340 919 οὐχ
3370 842 3536 919 ἧττον
3583 845 3616 916 ἢ
3649 844 3749 898 τοῦ

2164 943 2544 1012 παρασχόντος
2581 942 2718 996 Θεοῦ
2745 943 2814 997 τὰ
2858 942 3210 1015 σπέρματαδ,
3259 942 3455 1012 σοφίας
3495 939 3753 1011 μείζονος

2163 1032 2453 1104 γνώρισμα
2470 1035 2511 1065 ⁸·
2537 1035 2594 1087 ἐν
2617 1035 2726 1106 γὰρ
2754 1038 2823 1106 τῇ
2844 1036 3035 1107 ἀρετῇ,
3055 1035 3151 1089 καὶ
3174 1035 3234 1089 τὸ
3264 1033 3349 1103 ἐφ’
3380 1035 3515 1105 ἡμῖν
3535 1034 3556 1064 ⁸
3574 1033 3749 1101 ἀνεμ-

2166 1127 2415 1180 πόδιστον
2439 1128 2481 1193 ⁷,
2518 1128 2614 1181 καὶ
2669 1130 2702 1199 ὴ
2746 1129 2912 1198 σοφία
2960 1128 3056 1182 τοῦ
3099 1127 3239 1182 Θεοῦ
3297 1123 3667 1195 καταφανὴς⁶
3714 1124 3752 1193 ἡ

2165 1219 2445 1274 ἐντεθεῖσα
2499 1222 2629 1291 ἡμῖν
2668 1223 2810 1276 ἐστι.
2855 1222 2969 1291 Τῆς
2997 1220 3055 1274 δέ
3090 1219 3287 1289 σοφίας
3311 1218 3428 1287 εῖδη
3460 1217 3752 1286 τέσσαρα·

2167 1308 2347 1383 ἇσπερ
2364 1310 2385 1340 ⁹
2404 1310 2499 1363 καὶ
2520 1310 2742 1378 γενικὰς
2764 1311 2967 1382 ἀρετάς
2987 1295 3133 1374 τινες
3152 1308 3516 1381 ὀνομάζουσι’
3543 1308 3753 1378 φρόνη-

2169 1419 2273 1468 σις,
2292 1402 2636 1472 δικαιοσύνη,
2670 1402 2998 1474 σωφροσύνη
3028 1402 3128 1456 καὶ⁸
3159 1400 3387 1472 ἀνδρεία
3411 1400 3479 1454 ³⁸.
3516 1401 3747 1470 κυριω-

2167 1495 2305 1565 τάτη
2347 1495 2404 1549 δέ
2448 1495 2640 1549 πασῶν
2672 1497 2706 1567 ἡ
2758 1496 3060 1565 φρόνησις·
3097 1494 3157 1559 ἐξ
3207 1490 3277 1567 ἧς
3315 1493 3424 1546 τῶν
3479 1490 3666 1546 παθῶν
3724 1493 3756 1544 ὁ

2168 1589 2431 1659 λογισμὸς
2462 1590 2775 1660 ἐπικρατεῖ.
2798 1588 2969 1657 Σοφία
2994 1588 3178 1641 τοίνυν
3212 1588 3331 1640 ἐστὶ
3360 1585 3563 1654 γνῶσις
3592 1583 3755 1637 θείων

2169 1681 2265 1735 καὶ
2296 1680 2657 1752 ἀνθρωπίνων
2677 1681 3044 1752 πραγμάτων.
3066 1678 3402 1751 Σωφροσύνη
3428 1678 3487 1732 δὲ
3515 1675 3757 1747 ἐπικρά-

2169 1791 2291 1828 τεια
2320 1774 2432 1828 τῶν
2461 1774 2768 1844 ἐπιθυμιῶν
2795 1776 2834 1806 ¹¹
2868 1792 2882 1807 ο
2928 1774 2961 1846 ἢ
2993 1773 3167 1838 οὕτως
3220 1770 3546 1842 σωφροσύνη
3604 1767 3759 1823 ἐστὶν

2172 1866 2342 1939 ἀρετὴ
2388 1867 2483 1921 τοῦ
2534 1867 2957 1937 ἐπιθυμητικοῦ,
3006 1865 3127 1920 καθ’
3162 1865 3230 1936 ἢν
3254 1864 3550 1935 κατέχουσι
3570 1861 3613 1892 “
3658 1860 3758 1915 τοῦ

487 1923 869 2025 temperantia,
912 1953 1220 2023 appetibilis
1244 1952 1415 2023 partis
1440 1952 1616 2008 virtus
1652 1961 1754 2017 est,
1774 1923 1905 2021 qua,
1934 1965 2066 2006 con-

2174 1923 2438 2029 λογισμοῠ
2501 1961 2601 2032 τὴν
2684 1923 2985 2030 ἐπίθυμίαν
3052 1923 3315 2029 ὁρμῶσαν
3388 1923 3484 2009 ἐπὶ
3542 1953 3758 2024 φαύλας

487 2047 835 2104 siderationis
866 2047 1127 2116 appetitu,
1166 2046 1367 2116 impetu
1405 2046 1641 2116 quodam
1674 2045 1742 2101 ad
1772 2056 1954 2115 turpes
1976 2060 2071 2100 vo-

489 2138 724 2207 luptates
747 2136 1057 2191 tendentem
1075 2134 1439 2190 continemus.

555 2228 722 2283 Alteri
769 2227 1039 2297 appetitus
1097 2227 1312 2293 animae,
1346 2228 1500 2282 alteri
1536 2242 1663 2281 vero
1696 2226 1942 2297 corporis
1967 2227 2069 2282 ha-

488 2320 705 2384 bentur,
760 2334 995 2388 quorum
1072 2318 1320 2387 utrisque
1373 2316 1737 2373 consideratio
1801 2318 2071 2374 dominari

486 2412 701 2467 videtur
759 2426 772 2462 :
834 2409 1104 2480 siquidem
1178 2408 1546 2464 consideratio
1600 2408 1893 2465 virtutibus
1971 2424 2071 2480 pro

485 2503 647 2569 duce,
697 2501 1079 2557 atl‘ectionibus
1117 2516 1214 2571 pro
1262 2501 1593 2571 imperatore
1637 2501 1897 2569 habetur;
1959 2517 2069 2557 non

484 2594 629 2663 quod
694 2593 840 2664 ipsas
908 2594 1123 2662 penitus
1169 2593 1387 2647 tollendi
1430 2592 1539 2647 vim
1585 2592 1803 2659 habeat,
1848 2594 1940 2648 sed
2002 2608 2072 2648 ne

484 2686 618 2757 ipsis
656 2686 873 2755 penitus
907 2685 1284 2754 subjiciamur,
1321 2683 1504 2749 etlicit,
1528 2684 1945 2754 quasidiccres:
1969 2686 2071 2740 Ne-

485 2793 579 2833 mo
605 2786 706 2840 est,
735 2778 826 2848 qui
850 2778 1122 2847 appetitus
1152 2785 1372 2832 nostros
1411 2778 1733 2832 abscindere
1748 2778 1942 2843 valeat,
1978 2778 2071 2833 sed

487 2869 852 2924 consideratio
899 2869 1017 2940 ipsa
1066 2884 1133 2924 ne
1178 2870 1429 2924 servituti
1488 2872 1730 2939 ipsorum
1783 2870 2067 2937 dedamur,

488 2959 595 3029 25
622 2958 930 3015 facultatem
956 2960 1115 3015 nobis
1158 2960 1339 3031 largiri
1391 2970 1587 3031 potest.
1613 2961 1747 3016 ltem
1773 2962 2067 3029 :Quisnam

489 3053 580 3107 ille
638 3062 721 3108 cst
773 3053 869 3123 qui
916 3052 1187 3108 irascendi
1237 3054 1348 3107 vim
1405 3054 1729 3109 abscindere
1770 3055 1839 3109 ab
1884 3056 2067 3109 anima

489 3144 714 3215 possit?
740 3145 835 3199 sed
887 3160 953 3199 ne
983 3145 1052 3200 ab
1097 3145 1211 3214 ipsa
1262 3146 1482 3201 servitio
1522 3160 1858 3215 premamur,
1887 3150 2069 3203 consi-

2174 2050 2353 2122 ὁρμάς
2384 2050 2449 2105 ¹³.

2251 2234 2373 2290 Τῶν
2402 2235 2459 2290 δὲ
2508 2234 2843 2305 ἐπιθυμιῶν,
2898 2235 2955 2288 αἱ
3006 2235 3105 2305 μέν
3148 2234 3258 2286 είσι
3311 2231 3578 2303 ψυχικαὶ,
3616 2230 3759 2285 αίδὶ

2181 2325 2493 2397 σωματικαί
2515 2342 2528 2357 ’
2560 2326 2655 2380 καὶ
2674 2323 3005 2397 ἀμφοτέρων
3028 2325 3071 2357 ⁸⁵
3098 2325 3421 2395 ἐπικρατεῖν
3448 2324 3476 2376 ὁ
3496 2320 3762 2392 λογισμὸς

2179 2419 2451 2489 φαίνεται.
2500 2419 2560 2474 '0
2599 2419 2708 2489 γὰρ
2736 2418 3004 2489 λογισμὸς
3044 2415 3155 2472 τῶν
3202 2415 3419 2488 ἀρετῶν
3475 2414 3577 2486 μέν
3607 2417 3762 2470 ἐστιν

2177 2511 2425 2584 ἡγεμὼν,
2449 2511 2560 2567 τῶν
2584 2512 2640 2565 δὲ
2670 2511 2858 2565 παθῶν
2894 2508 3256 2580 αὐτοκράτωρ
3277 2524 3292 2541 ο
3325 2507 3428 2577 οὐχ
3450 2506 3591 2561 ὥστε
3618 2506 3764 2561 αὐτὰ

2182 2600 2487 2655 καταλῦσαι
2515 2601 2579 2667 ¹⁸,
2634 2600 2752 2656 ἀλλ’
2806 2599 2951 2653 ὥστε
2980 2599 3173 2662 αὐτοῖς
3202 2598 3269 2628 ¹⁵⁶
3300 2597 3377 2669 μὴ
3401 2592 3568 2662 εἶξαι.
3608 2592 3764 2660 Οἷον,

2180 2692 2481 2763 ἐπιθυμίαν
2511 2710 2595 2756 τις
2624 2693 2683 2745 οὐ
2740 2691 2965 2745 δύναται
3015 2689 3246 2760 ἐκκόψαι
3291 2689 3450 2760 ἡμῶν
3473 2707 3487 2721 ο
3530 2688 3667 2744 ἀλλά
3696 2688 3765 2742 τὸ

2185 2783 2260 2854 μὴ
2294 2783 2629 2854 δουλωθῆναι
2682 2786 2751 2856 τῇ
2806 2781 3138 2853 ἐπιθυμίᾳ¹⁶
3183 2781 3413 2835 δύναται
3440 2780 3469 2834 ὁ
3498 2780 3763 2851 λογισμὸς

2184 2875 2585 2948 παρασχέσθαι.
2642 2876 2879 2947 Ὁμοίως
2906 2874 3082 2945 θυμόν
3128 2892 3213 2939 τις
3244 2875 3478 2944 ἐκκόψαι
3506 2875 3567 2927 ού
3597 2874 3761 2929 δύνα-

2180 2984 2306 3021 ται⁹
2339 2968 2476 3022 ἀλλὰ
2531 2967 2593 3021 τὸ
2656 2969 2732 3040 μὴ
2787 2968 3122 3037 δουλωθῆναι
3150 2966 3230 3037 τῷ
3264 2966 3421 3038 θυμῷ
3465 2966 3695 3021 δύναται
3716 2966 3763 2998 ¹⁷

2180 3056 2257 3128 τῷ
2317 3057 2566 3129 λογισμῷ
2616 3057 2899 3130 βοηθῆσαι.
2952 3060 3029 3113 Οὐ
3078 3058 3188 3131 γὰρ
3243 3058 3614 3131 ἐκριζωτηςη
3652 3060 3763 3114 τῶν

2182 3149 2373 3204 παθῶν
2402 3152 2431 3204 ό
2454 3150 2716 3221 λογισμός
2745 3151 2913 3216 ἐστιν,
2946 3150 3047 3205 ἀλλ
3092 3151 3527 3222 ἀνταγωνιστής.
3564 3151 3764 3204 Παθῶν

489 3237 698 3291 deratio
726 3235 1007 3306 suppetias
1033 3236 1226 3292 adesse
1254 3244 1447 3307 potest.
1476 3236 1593 3292 Non
1628 3238 1792 3309 igitur
1822 3240 2068 3295 conside-

2177 3245 2232 3299 δὲ
2251 3244 2441 3316 φύσεις
2458 3245 2594 3298 εἰσὶν
2611 3246 2669 3298 αἱ
2687 3261 2755 3298 πε
2763 3242 3188 3317 ριεκτικώταται
3205 3243 3299 3298 δύο
3316 3245 3382 3311 ’³,
3405 3244 3567 3315 ἡδονή
3586 3261 3646 3298 τε
3668 3245 3766 3299 καὶ

492 3328 635 3384 ratio
692 3328 811 3399 ipsa
863 3327 1181 3384 affectiones
1213 3328 1268 3383 in
1298 3328 1458 3384 nobis
1502 3328 1768 3385 radicitus
1805 3330 2070 3385 evellendi

492 3421 805 3477 facultatem
835 3422 1065 3491 obtinet;
1107 3423 1201 3480 sed
1225 3439 1350 3479 cum
1389 3424 1521 3494 ipsis
1550 3441 1648 3482 ceu
1686 3426 1740 3480 in
1775 3426 2074 3482 certamine

491 3513 863 3585 congreditur.
893 3511 1140 3570 Gemina;
1163 3529 1291 3571 vero
1325 3515 1675 3571 all'ectionum
1713 3528 1942 3584 naturae,
1970 3534 2070 3573 vu-

492 3607 672 3677 luptas
696 3605 964 3673 videlicet,
986 3614 1043 3661 et
1063 3606 1321 3675 dolentia,
1348 3608 1585 3664 maxime
1605 3610 1987 3679 comprehensi
1998 3627 2074 3666 vae

493 3707 659 3763 sunt;
718 3713 844 3754 nam
898 3699 1097 3754 barum
1136 3699 1413 3769 quaelibet,
1445 3710 1559 3755 tum
1595 3700 1648 3755 in
1678 3717 1923 3771 corpore,
1958 3714 2071 3757 tum

494 3792 552 3845 in
597 3792 780 3847 anima
810 3806 933 3847 esse
965 3774 1159 3862 suapte
1189 3802 1385 3846 natura
1426 3791 1622 3846 idonea
1651 3801 1766 3848 est:
1797 3794 1919 3849 alia:
1944 3810 2075 3849 vero

494 3885 679 3953 plures
705 3883 1020 3938 affectiones
1048 3892 1335 3954 utramque
1356 3888 1654 3939 sectantur.
1682 3885 1965 3955 Appetitus
1984 3886 2076 3957 igi-

498 3991 589 4037 tur
637 3982 967 4051 volnptatem
1005 3982 1175 4053 ipsam
1206 3998 1234 4036 a
1268 3998 1377 4053 qua
1408 3992 1657 4039 movetur
1701 3986 1899 4051 anteit;
1933 3996 1986 4041 et
2008 3989 2076 4043 ab

494 4076 616 4145 ipsa
655 4075 928 4145 voluptate
952 4074 1135 4147 gaudii
1172 4075 1256 4129 vel
1287 4075 1523 4131 tristitia:
1558 4077 1874 4134 constitutio
1899 4079 1976 4133 fit.
2016 4078 2074 4134 Si

494 4166 643 4222 enim
679 4166 975 4237 voluptatis
1004 4175 1230 4222 eventus
1259 4166 1415 4237 probi
1443 4166 1666 4233 fuerint,
1702 4170 1995 4239 gaudium;
2030 4170 2075 4225 si

492 4274 623 4314 vero
645 4267 854 4331 turpes,
876 4258 1099 4315 tristitia
1117 4259 1500 4330 subsequitur:
1524 4260 1815 4331 siquidem,
1840 4272 1967 4319 ante
1981 4263 2079 4319 θον

450 4422 459 4440 ⁸
494 4351 717 4406 lentiam
730 4346 920 4418 imor,
935 4359 1060 4422 post
1086 4352 1378 4408 dolentiam
1402 4353 1618 4409 tristitia
1634 4354 1894 4425 subsequi
1915 4356 2072 4413 solet.

494 4443 577 4500 lra
600 4455 783 4501 autem
820 4446 1132 4502 communis
1172 4446 1387 4502 affectio
1413 4448 1705 4519 voluptatis
1736 4461 1789 4505 et
1821 4450 2076 4506 dolentia;

492 4546 595 4594 est.
633 4538 791 4604 Quod
830 4549 1010 4595 autem
1062 4540 1360 4609 voluptatis
1402 4540 1525 4595 finis
1563 4549 1883 4611 utrumque,
1943 4557 2078 4612 gau-

2176 3339 2339 3402 πόνος
2358 3355 2371 3368 ⁸
2403 3337 2611 3392 τούτων
2644 3337 2703 3391 δὲ
2739 3338 3005 3407 ἑκάτερον
3035 3338 3081 3369 ²⁰
3103 3338 3201 3391 καὶ
3230 3338 3360 3408 περὶ
3381 3336 3443 3389 τὸ
3476 3337 3639 3408 σῶμα
3665 3338 3762 3392 καὶ

2174 3430 2305 3500 περὶ
2327 3429 2425 3499 τὴν
2446 3429 2629 3501 ψυχὴν
2662 3430 2908 3498 πέφυκεν
2930 3447 2942 3460 ’
2971 3430 3291 3483 ἀκολουθίαι
3317 3430 3376 3484 δέ
3407 3432 3600 3485 παθῶν
3624 3432 3754 3485 πολ-

2175 3523 2265 3578 λαὶ
2286 3524 2330 3555 ²¹
2355 3524 2569 3594 περὶτὰ
2585 3523 2894 3593 ἀμφότερα.
2919 3523 3033 3594 Πρὸ
3052 3524 3149 3594 μὲν
3164 3518 3257 3577 οὖν
3269 3524 3367 3595 τῆς
3388 3525 3586 3596 ἡδονῆς
3610 3527 3751 3579 ἐστιν

2175 3612 2444 3683 ἐπιθυμία
2474 3613 2539 3665 ἐκ
2582 3614 2679 3681 τῆς
2712 3612 2910 3682 ἡδονῆς
2935 3613 2980 3643 ⁸³
3012 3612 3338 3682 κινουμένη·
3375 3614 3516 3682 μετὰ
3559 3615 3615 3668 δὲ
3663 3615 3759 3686 τὴν

2176 3704 2372 3777 ἡδονὴν
2396 3705 2540 3775 χαρὰ.
2570 3704 2604 3775 ἢ
2637 3703 2783 3775 λύπη
2817 3703 3169 3758 συνίσταταιο
3206 3707 3255 3757 εί
3290 3705 3391 3775 μὲν
3428 3705 3542 3777 γὰρ
3575 3706 3762 3775 ἀγαθά

2176 3795 2247 3850 τὰ
2272 3799 2370 3867 τῆς
2391 3797 2588 3867 ἡδονῆς
2616 3796 2766 3867 τέλη,
2786 3796 2930 3869 χαρά
2954 3813 2968 3826 ο
2991 3799 3040 3850 εί
3062 3796 3117 3850 δὲ
3139 3795 3341 3865 φαῦλα,
3368 3796 3514 3869 λύπη
3535 3815 3549 3828 ·
3575 3798 3684 3870 πρὸ
3706 3798 3766 3852 δέ

2178 3889 2272 3943 τοῦ
2299 3889 2486 3954 πόνου,
2514 3887 2678 3956 φόϐος
2702 3904 2716 3918 ⁸
2740 3888 2878 3959 μετὰ
2902 3888 2957 3942 δὲ
2978 3888 3069 3943 τὸν
3096 3888 3280 3954 πόνον,
3306 3888 3450 3959 λύπη
3476 3890 3671 3943 ἕπεται
3698 3903 3712 3918 ⁸
3735 3889 3766 3942 ὁ

2178 3979 2238 4033 δὲ
2268 3978 2441 4049 θυμὸς
2471 3978 2649 4033 κοινὸν
2687 3978 2859 4041 πάθος
2887 3979 3039 4032 ἐστὶν
3069 3979 3265 4050 ἡδονῆς
3290 3981 3383 4034 καὶ
3413 3980 3599 4034 πόνου.
3640 3981 3767 4034 Ὅτι

2178 4072 2234 4127 δὲ
2265 4073 2333 4127 τὰ
2372 4073 2499 4144 τέλη
2539 4073 2637 4143 τῆς
2684 4071 2881 4144 ἡδονῆς
2914 4072 3209 4143 ἀμφότερα
3254 4074 3481 4144 συνιστᾷ
3526 4074 3675 4143 χαρά
3705 4090 3766 4126 τε

2179 4165 2275 4220 καὶ
2303 4164 2449 4230 λύπη
2472 4165 2537 4231 ’³,
2565 4163 2674 4217 οὐδ’
2702 4165 2731 4217 ό
2766 4162 2943 4234 τυχὼν
2966 4164 3152 4231 ἀγνοεῖ
3175 4178 3189 4191 ο
3231 4162 3325 4216 καὶ
3350 4162 3460 4233 γὰρ
3490 4164 3561 4216 τὰ
3588 4161 3764 4233 βρέφη

2183 4256 2393 4329 μασθοῦ
2415 4256 2461 4288 ³⁸
2519 4254 2790 4327 μητρικοῦ
2851 4252 3275 4326 ἐπιθυμήσαντα
3317 4255 3468 4327 ᾄττει
3504 4271 3565 4307 τε
3591 4255 3639 4286 ’⁸
3673 4254 3766 4308 καὶ

2182 4349 2324 4422 μετά
2352 4348 2714 4421 περιχαρείας
2744 4346 3056 4412 ἀσπάζεται
3094 4348 3287 4402 τοῦτον
3344 4348 3525 4401 ἰδόντα
3554 4349 3632 4379 ³⁸·
3671 4346 3766 4401 καὶ

2180 4444 2520 4516 στερηθέντα
2574 4441 2632 4495 δέ
2677 4458 2730 4496 τι
2779 4440 2891 4494 τῶν
2935 4440 3128 4512 ἡδονῆς
3149 4441 3193 4471 ’⁷
3250 4440 3627 4513 ἐμποιούντων
3670 4439 3762 4491 λυ-

2181 4539 2408 4596 ποῦνται
2422 4536 2489 4590 ’⁸.

492 4624 644 4685 dium
682 4631 934 4688 videlicet
988 4632 1379 4704 tristitiamque
1411 4634 1728 4698 constituat,
1786 4635 1919 4689 nulli
1949 4651 2057 4692 non
2098 4642 2447 4709 perspectum
2495 4629 2749 4685 habetur.
2783 4626 3088 4699 Siquidem,
3135 4628 3265 4685 dum
3330 4638 3574 4685 materna
3597 4628 3760 4683 ubera

493 4720 748 4776 aﬂ‘eCtant
797 4723 1054 4789 infantes,
1086 4741 1150 4779 ea
1197 4726 1398 4794 adepti,
1444 4739 1570 4779 cum
1624 4726 1905 4794 voluptate
1957 4727 2094 4799 ipsis
2157 4729 2537 4801 applicantur;
2572 4723 2640 4779 ab
2681 4721 2768 4779 his
2819 4738 2947 4779 vero
3009 4738 3133 4795 qua:
3160 4723 3316 4780 lusus
3344 4723 3479 4795 ipsis
3532 4725 3765 4780 afferunt

494 4814 778 4879 abstracti,
802 4816 1081 4871 tristitiam
1105 4832 1215 4884 prae
1248 4832 1309 4871 se
1349 4815 1555 4870 ferunt.

549 4906 737 4976 Atqui,
792 4923 856 4962 ex
909 4908 1280 4977 voluptatibus
1336 4907 1490 4976 ipsis,
1541 4907 1661 4962 aliae
1694 4907 1907 4975 animae,
1953 4909 2068 4967 aliae

2247 4908 2370 4962 Τῶν
2398 4906 2454 4960 δέ
2483 4903 2708 4978 ἡδονῶν,
2736 4905 2792 4959 αί
2827 4902 2929 4976 μὲν
2971 4903 3078 4958 sici
3116 4902 3370 4976 ψυχικαὶ,
3405 4904 3464 4958 αἱ
3493 4903 3552 4958 δὲ
3583 4923 3768 4976 σωμα-

495 5014 624 5054 vero
666 5000 912 5070 corporis
939 5009 1099 5066 sunt;
1141 5000 1233 5054 sed
1263 4999 1479 5065 animm,
1516 5014 1637 5069 quae
1680 5000 1734 5055 in
1774 5001 2068 5072 disciplinis

2175 4996 2365 5052 τικαίο
2415 4995 2650 5066 ψυχικαὶ
2710 4995 2830 5065 μὲν,
2887 4994 2945 5047 αἱ
2970 4994 3016 5027 ¹⁹
3047 4994 3148 5064 τῆς
3188 4992 3371 5063 ψυχῆς
3412 4993 3587 5064 αὐτῆς
3645 4993 3766 5048 καθ’

493 5089 1068 5159 speculationibusque
1144 5096 1465 5154 versantur,
1539 5107 1783 5148 seorsum
1863 5109 1959 5163 per
2015 5108 2068 5149 se

2175 5091 2382 5162 ὲαυτὴν
2403 5106 2416 5120 ·
2447 5088 2523 5153 ὡς
2554 5088 2676 5142 ai”
2707 5088 2841 5159 περὶ
2869 5086 2939 5141 τὰ
2972 5086 3276 5157 μαθήματα
3306 5087 3402 5142 καὶ
3429 5086 3528 5158 τὴν
3558 5087 3601 5119 ³¹
3635 5087 3768 5141 θεω-

494 5181 795 5251 peculiares
834 5181 1124 5235 habentur.
1182 5180 1252 5235 At
1283 5195 1404 5251 quae
1454 5184 1702 5254 corporis
1744 5191 1905 5254 sunt,
1954 5201 2068 5257 quae

2175 5184 2297 5255 ρίαν
2323 5201 2337 5214 ο
2376 5181 2693 5253 σωματικαὶ
2717 5180 2798 5246 δὲ,
2818 5180 2874 5233 αἱ
2911 5177 3052 5250 μετά
3077 5179 3369 5242 κοινωνίας
3388 5178 3485 5232 τοῦ
3516 5176 3767 5250 σώματος

568 5357 613 5388 9’
658 5352 937 5433 163133515.
1010 5355 1307 5433 ξαν-δρίαν,
1357 5373 1483 5433 mox
1539 5360 1632 5433 καὶ
1676 5360 1802 5433 κτοῦί
1835 5361 2165 5433 κρείττονος
2202 5361 2264 5416 Β.
2358 5362 2474 5433 ῗᾶν
2529 5360 2603 5433 CW
2623 5361 2684 5416 Ρ.

496 5442 636 5494 σπερ

2783 5360 2804 5392 ³
2838 5361 2905 5414 ἵν’
2998 5358 3092 5412 τοῦ
3134 5358 3462 5432 ἑλομένου
3494 5358 3553 5412 Ρ.
3642 5358 3673 5432 ξ
3701 5356 3767 5432 τὰ

643 5424 853 5503 μέ)εοῦ
893 5426 950 5477 Β.
1010 5424 1032 5455 ⁵
1057 5418 1505 5503 τοῦτετδγνώρζ
1527 5429 1590 5486 C.
1668 5432 1807 5503 ’,ὑφ’
1840 5418 1940 5503 ﬂia.
1979 5434 2044 5486 Α.
2104 5418 2635 5503 τ’ἀνεμποδίστωςϐ.
2702 5431 2734 5503 κθ
2768 5418 2976 5503 acutae:
3009 5418 3240 5503 ἐστινΒ
3266 5428 3327 5483 Ρ.
3403 5430 3596 5503 θ-ἆπερ
3640 5428 3680 5481 Β
3705 5428 3762 5484 Ρ.

496 5496 541 5528 ¹⁹
577 5495 774 5572 ἀνδρία
811 5510 890 5572 .κ.
957 5511 1147 5572 σωφρζ
1200 5497 1260 5554 Β.
1335 5495 1410 5532 ’¹¹
1441 5495 1549 5554 τῶν
1590 5495 1800 5572 παθῶν
1860 5495 1994 5572 ’καὶ
2037 5502 2183 5558 ἐπιθ.
2239 5495 2279 5557 C
2329 5502 2389 5558 Ρ.
2496 5502 2539 5535 ¹¹
2580 5502 2887 5572 κατέχουσα
2928 5495 3356 5572 ΡΒ,γκατέχομεν
3428 5495 3609 5572 ΡΔΞΡΒ.
3645 5514 3765 5572 ‘m_.,

494 5565 719 5641 κατέχει
811 5563 1171 5641 λογισμὸςϐ.
1286 5572 1331 5604 ’⁸
1360 5572 1557 5640 ἡδονὰς
1588 5570 1628 5625 Β
1660 5572 1722 5625 Ρ.
1831 5573 1876 5604 ³⁵
1907 5571 2114 5625 τούτων
2145 5573 2202 5625 δὲ
2238 5574 2381 5641 ἀμφ.
2409 5572 2450 5627 C
2480 5572 2541 5627 P.
2644 5574 2687 5606 ³⁸
2717 5563 2897 5625 καταλ
2928 5640 2931 5641 ν
2974 5571 3113 5641 αύτὰ
3257 5563 3268 5570 ’
3298 5569 3362 5601 ¹⁸⁶
3394 5568 3674 5641 τούτοιςᾲϐ
3698 5568 3765 5641 Ρ.

494 5635 541 5667 ³⁸
571 5638 639 5705 τῇ
671 5634 936 5707 ἐπιθυμίᾳ.
971 5634 1010 5690 Ρ
1038 5649 1215 5694 textus
1305 5642 1347 5674 ¹⁷
1381 5634 1605 5696 δυνατὸν
1632 5642 1674 5698 C
1705 5641 1763 5696 P.
1803 5642 2068 5713 βοηθῆσαι

494 5705 963 5763 περιεκτικώτεοα
995 5711 1056 5763 C.
1171 5711 1217 5743 ὀ
1247 5712 1481 5763 ἕκαστον
1530 5711 1571 5763 Β
1610 5712 1672 5763 Ρ.
1699 5713 1949 5763 ἑκάστων
1971 5714 2031 5763 (ἰ.

2178 5659 2232 5698 n.
2256 5634 2298 5696 Ρ
2329 5634 2525 5697 iextus.
2600 5643 2642 5674 "
2674 5640 2981 5763 ἐκριζωτὴς
3020 5639 3062 5692 Β
3174 5640 3232 5693 Ρ.
3326 5641 3368 5673 "
3395 5640 3527 5694 παθ.
3569 5638 3627 5693 δὲ
3661 5639 3769 5692 εἰσὶ

2174 5715 2183 5746 ¹
2221 5713 2410 5763 πολλαὶ
2442 5728 2553 5763 om.
2599 5711 2640 5763 C
2678 5713 2738 5763 P.
2851 5712 2898 5742 "
2962 5728 3044 5763 στ.
3088 5709 3235 5763 ἐπιθ.
3269 5710 3331 5763 ἐκ
3362 5728 3415 5763 τ.
3444 5710 3528 5763 ἠδ.
3567 5725 3676 5763 οιιι.
3708 5709 3768 5762 Β.

493 5705 963 5781 περιεκτικώτερα
1171 5711 1217 5743 ²⁰
1247 5712 1481 5766 ἕκαστον
1530 5711 1571 5764 Β
1610 5712 1672 5775 Ρ,
1699 5705 2031 5767 ἑκάστωνῖἰ.
2079 5705 2087 5708 ⁷
2141 5715 2183 5746 ²¹
2221 5713 2410 5767 πολλαὶ
2442 5728 2553 5769 om.
2599 5711 2640 5766 C
2678 5705 2756 5766 Ρ.’
2816 5705 3044 5781 Ὗξέστ.
3088 5709 3235 5766 ἐπιθ.
3269 5710 3331 5763 ἐκ
3362 5728 3415 5765 τ.
3444 5710 3528 5781 ἠδ.
3567 5725 3676 5781 0_|ll.
3708 5709 3768 5762 Β.

492 5778 539 5852 _’_'
568 5778 744 5852 χαράν
770 5794 830 5852 τε
864 5794 917 5830 κ.
947 5779 1124 5852 λύπην
1158 5781 1199 5852 Α
1239 5783 1279 5838 C
1306 5782 1368 5838 Ρ.
1478 5783 1523 5815 ²¹⁶
1565 5783 1770 5852 μαστοῦ
1800 5783 1839 5837 Β
1869 5783 1910 5837 (3
1950 5783 2006 5838 Ρ.
2107 5784 2153 5818 ’⁸
2187 5783 2306 5838 ἄτει
2359 5781 2420 5843 Β,
2461 5783 2714 5837 ἄττονται
2753 5782 2848 5835 καὶ
2890 5780 2931 5834 Ρ
2968 5793 3167 5845 textus,
3210 5778 3768 5852 ﬁmovvarxaigra.

483 5839 529 5941 ξς
570 5839 897 5975 ΞίξῗτὲωΒ.Β
947 5852 989 5885 ⁸⁷
1022 5839 1242 5907 παιδιὰν
1269 5852 1332 5922 Β,
1359 5853 1503 5918 τινὸς
1531 5839 1640 5908 τῶν
1662 5854 1832 5924 ἡδέων
1864 5854 1925 5910 C.
2047 5855 2094 5889 ⁸⁸
2122 5855 2364 5925 λυπῆται
2400 5839 2463 5921 Β,
2498 5852 2812 5909 λυπεῖταιο
2836 5853 2894 5908 Ρ.
2982 5853 3026 5884 ²⁹
3055 5852 3131 5916 ὡς
3151 5839 3211 5907 αἱ
3247 5853 3312 5908 Δ.
3403 5851 3446 5884 ³⁸
3481 5839 3672 5906 ὅσαις.
3707 5848 3768 5907 Ρ.

591 5952 605 5971 Iv
621 5952 679 5989 I‘V
711 5952 821 5975 υΙΙΙα
856 5952 916 5977 u.
