4138 6512
390 516 532 577 H13

1618 519 1708 576 DE
1748 517 2040 578 NATURA
2081 520 2387 579 IIOMINIS.

3566 516 3707 580 HM

386 634 481 690 καὶ
508 635 614 705 τῆς
645 634 827 707 ψυχῆς
857 635 1144 708 γινόμεναι
1167 654 1179 667 ·
1212 638 1287 700 ὡς
1320 636 1376 690 αί
1401 638 1444 675 ³*
1474 637 1604 710 περὶ
1644 639 1747 703 τὰς
1779 638 1991 711 τροφὰς

2106 654 2162 693 3x
2227 639 2427 693 anima:
2461 648 2514 693 et
2565 638 2813 709 corporis
2837 637 3344 695 communicatione
3391 638 3550 705 fiunt,
3578 639 3703 704 has,

386 729 484 783 καὶ
516 730 618 793 τὰς
646 730 941 794 συνουσίας
967 748 980 762 ·
1020 730 1187 802 μόνου
1218 730 1276 785 δὲ
1325 729 1422 785 τοῦ
1480 729 1739 802 σώματος
1791 733 1893 785 οὐκ
1927 732 1995 787 ἂν

385 820 539 893 εὕροι
565 840 650 887 τις
694 823 914 891 ἡδονάς.
951 825 1075 878 Ἔτι
1106 823 1219 877 τῶν
1245 822 1478 895 ἡδονῶν,
1509 826 1567 880 αἱ
1598 825 1700 896 μέν
1725 826 1835 879 εἱσι
1862 825 1997 896 ψευ-

384 912 497 978 δεῖς
518 914 582 980 ³³,
627 917 686 968 αἱ
714 915 773 968 δὲ
810 914 1059 986 ἀληθεῖς,
1088 915 1235 970 κατά
1257 916 1546 971 Πλάτωνα.
1596 917 1835 981 Ψευδεῖς
1867 917 1994 987 μὲν,

387 1008 513 1061 ὅσαι
561 1007 701 1078 μετά
746 1008 1057 1078 αἰσθήσεως
1092 1008 1340 1079 γίνονται
1371 1010 1468 1063 καὶ
1507 1008 1670 1081 δόξης
1724 1010 1826 1064 οὐκ
1858 1010 1990 1080 ἀλη-

388 1097 516 1163 θοῢς
545 1115 560 1130 ’
626 1100 727 1153 καὶ
776 1098 957 1164 λύπας
1014 1100 1202 1172 ἔχουσι
1257 1101 1806 1174 συμπεπλεγμένας·
1857 1100 1995 1174 ἀλη-

388 1190 503 1255 θεῖς
530 1191 598 1256 ³³,
620 1192 749 1246 ὅσαι
786 1193 888 1265 τῆς
921 1193 1104 1266 ψυχῆς
1130 1196 1239 1249 εἰσι
1272 1194 1470 1267 μόνης,
1527 1195 1648 1268 μετ’
1675 1197 1996 1268 ἐπιστήμης

388 1286 486 1339 καὶ
520 1284 615 1339 νοῦ
645 1285 690 1319 ³⁸
725 1286 823 1339 καὶ
844 1289 1184 1359 φρονήσεως,
1220 1287 1469 1360 καθαραὶ·
1495 1289 1591 1344 καὶ
1625 1289 1994 1362 ἀνεπίμικτοι

387 1378 608 1451 λύπης’
642 1379 753 1434 τῶν
810 1380 868 1434 δὲ
919 1380 1256 1452 σωματικῶν
1308 1381 1541 1453 ἡδονῶν,
1592 1384 1650 1435 αί
1713 1382 1816 1453 μέν
1852 1384 1995 1437 εἰσιν

385 1474 691 1543 ἀναγκαῖαι
749 1472 868 1544 ἅμα
900 1473 999 1528 καὶ
1034 1474 1288 1544 φυσικαὶ,
1333 1468 1413 1529 ὧν
1444 1474 1621 1546 χωρὶς
1659 1474 1760 1547 ζῇν
1795 1474 1997 1530 ἀδύνα-

384 1583 479 1620 ⁴ιτον
499 1566 577 1598 ³⁶ο
606 1566 684 1630 ὡς
714 1566 772 1619 αἱ
801 1567 1005 1639 τροφαὶ
1036 1568 1222 1623 καὶτὰ
1246 1568 1528 1639 ἐνδύματα
1548 1584 1564 1600 ο
1596 1569 1654 1621 αἱ
1682 1567 1740 1621 δὲ
1764 1569 1996 1639 φυσικαὶ

389 1660 516 1731 μὲν,
543 1660 647 1714 οὐκ
676 1661 979 1729 ἀναγκαῖαι
1004 1660 1085 1723 δὲ,
1104 1661 1183 1725 ὡς
1211 1661 1269 1714 αἱ
1294 1662 1339 1694 ³⁷
1362 1662 1507 1717 κατά
1538 1660 1704 1731 φύσιν
1735 1662 1996 1718 καὶκατὰ

383 1752 553 1824 νόμον
592 1752 807 1823 μίξεις·
850 1752 1082 1808 δυνατὸν
1131 1752 1244 1824 γὰρ
1283 1753 1382 1808 καὶ
1425 1753 1599 1825 χωρὶς
1632 1754 1815 1808 αὐτῶν
1857 1754 1991 1827 ζῇν·

382 1847 441 1900 αἱ
471 1846 528 1901 δὲ
559 1846 691 1900 οὔτε
716 1847 970 1917 φυσικαὶ,
1006 1845 1133 1901 οὔτε
1160 1848 1483 1917 ἀναγκαῖαι,
1508 1846 1647 1902 ἀλλά
1677 1848 1775 1902 καὶ
1805 1864 1998 1919 περιτ-

382 1936 475 1991 ταί
496 1954 509 1969 ο
543 1936 623 2002 ὡς
655 1939 687 2009 ἡ
728 1937 893 2009 μέθη,
922 1937 1021 1993 καὶ
1059 1940 1093 2010 η
1121 1938 1373 2007 λαγνεία,
1402 1940 1500 1994 καὶ
1533 1941 1567 2012 ἡ
1607 1942 1991 2014 φιλαργυρίαο

2105 746 2227 803 ηοω
2294 732 2439 788 circa
2494 731 2753 787 alimenta
2792 747 2857 788 ac
2888 747 3121 787 venerea
3181 738 3312 787 sunt
3366 746 3488 786 esse
3552 731 3709 787 dixe-

2106 825 2185 881 ris
2229 844 2242 880 :
2286 826 2468 880 nullas
2536 825 2683 880 enim
2747 824 2998 895 corporis
3052 825 3364 895 voluptates
3453 838 3706 878 seorsum

2104 918 2288 974 dicere
2353 933 2544 990 queas.
2610 919 2676 974 Et
2731 918 2990 989 quidem,
3052 924 3114 971 ut
3166 917 3324 972 Plato
3400 924 3704 980 asseverat,

2104 1008 2227 1064 aliae
2270 1008 2613 1080 voluptatum
2666 1024 2829 1077 verae,
2877 1009 2998 1064 aliae
3050 1007 3204 1065 falsa!
3240 1009 3531 1063 habentur.
3572 1005 3709 1074 Quae

2103 1104 2252 1161 enim
2298 1119 2424 1161 cum
2484 1119 2675 1170 sensu,
2716 1117 2820 1158 nec
2868 1117 2980 1157 non
3032 1101 3214 1156 fallaci
3264 1100 3526 1172 opinione
3581 1114 3710 1170 pro-

2103 1199 2353 1264 veniunt,
2383 1198 2730 1269 tristitiaeque
2782 1197 3125 1267 complicata:
3180 1204 3331 1260 sunt,
3364 1193 3516 1249 falsae
3565 1210 3709 1247 nun-

2103 1290 2559 1361 cupantur.Ver:e
2576 1300 2781 1360 autem,
2802 1305 2921 1362 qua:
2947 1291 3146 1345 animae
3172 1297 3382 1344 tantum
3404 1294 3553 1350 sunt,
3584 1301 3708 1355 quae

2104 1402 2258 1459 pune
2303 1385 2596 1456 omnisque
2626 1385 2864 1441 tristitia:
2899 1391 3152 1453 expertes
3188 1388 3347 1447 sunt;
3405 1378 3459 1433 in
3521 1377 3704 1432 scien-

2105 1478 2182 1533 tia
2211 1486 2522 1549 menteque,
2579 1492 2645 1532 ac
2703 1474 2997 1545 prudentia
3028 1480 3345 1528 versantur.
3386 1467 3705 1539 Voluptates

2104 1586 2258 1641 vero,
2282 1571 2532 1642 quaedam
2584 1569 2857 1640 corporis,
2892 1567 3223 1624 necessariae
3254 1564 3421 1621 simul
3455 1573 3510 1619 et
3539 1571 3706 1618 natu-

2103 1667 2248 1722 rales
2276 1675 2440 1729 sunt,
2474 1675 2527 1721 ut
2563 1680 2685 1735 quae
2714 1662 2781 1719 ad
2836 1663 3044 1718 victum
3100 1661 3529 1727 indumentaque
3579 1671 3706 1727 pcr-

2108 1759 2313 1826 tinent;
2344 1757 2464 1813 sine
2496 1758 2700 1828 quibus
2731 1755 3091 1826 supercssein
3116 1754 3225 1809 vita
3272 1752 3706 1821 haudquaquam

2104 1851 2290 1907 datur.
2312 1849 2575 1918 Quzedam
2597 1866 2727 1905 vero
2754 1848 3072 1916 naturales;
3099 1863 3206 1902 non
3233 1854 3417 1901 autem
3449 1856 3708 1899 necessa-

2105 1945 2235 2011 rias,
2264 1945 2549 2008 utcoitus,
2584 1944 2679 2014 qui
2726 1942 2952 2014 legitimi
2984 1949 3306 2010 natura'que
3359 1937 3470 2007 26
3514 1933 3708 1990 ordine

383 2021 677 2104 αὗταιγὰρ
718 2032 817 2086 καὶ
865 2031 1346 2105 προσὸλὰπτουσι,
1378 2034 1475 2087 καὶ
1514 2033 1606 2089 διὰ
1635 2035 1801 2091 τοῦτο
1830 2038 1926 2091 καὶ
1948 2037 1993 2070 ³⁸

2106 2037 2401 2094 habentur.
2432 2035 2568 2092 Nam
2592 2045 2648 2092 et
2676 2037 2796 2092 sine
2815 2035 2921 2099 his,
2951 2034 3061 2090 vita
3093 2032 3210 2103 ipsa
3239 2031 3473 2102 produci,
3503 2037 3703 2099 potest.

386 2124 666 2197 περιτταί.

2098 2130 2364 2197 ρυαιὼιῐη
2390 2145 2544 2197 vero,
2578 2144 2757 2200 neque
2806 2127 3112 2190 naturales,
3143 2140 3322 2195 neque
3353 2121 3704 2185 necessariae,

384 2215 478 2273 sed
541 2232 894 2288 supervacuae
946 2227 1098 2287 sunt,
1170 2225 1231 2274 ut
1284 2218 1548 2292 ebrietas,
1605 2220 1859 2290 lascivia,
1928 2234 1983 2279 et
2022 2224 2423 2292 avaritia;has
2443 2223 2617 2292 enim,
2663 2238 2791 2278 cum
2852 2221 3184 2278 detrimenta
3227 2218 3476 2283 afferant,
3510 2231 3708 2286 supcr—

382 2325 589 2365 vacuas
622 2310 857 2366 dixeris.

470 2399 664 2472 Ἦδονή
681 2402 725 2434 ⁸⁸
764 2402 884 2455 ἐστι
914 2400 1014 2455 καὶ
1048 2402 1082 2474 ή
1114 2402 1399 2475 κακοήθης
1432 2402 1678 2468 διάθεσις
1724 2403 1994 2477 πολυτρο-

385 2496 615 2568 πωτάτη
645 2495 871 2551 πάντων
928 2491 1066 2550 οὖσα
1119 2496 1230 2550 τῶν
1259 2497 1472 2551 παθῶν.
1524 2496 1688 2552 Κατά
1745 2497 1847 2569 μὲν
1888 2498 1995 2568 ψυ-

385 2587 490 2659 χὴν
512 2588 585 2654 “,
620 2586 937 2653 ἀλαζονεία,
958 2587 1323 2659 φιλαργυρία,
1370 2588 1671 2657 φιλοδοξία,
1705 2589 1994 2661 φιλαρχία,

387 2677 717 2746 φιλονεικία,
754 2678 850 2732 καὶ
883 2678 1155 2748 βασκανία
1179 2695 1196 2710 ο
1226 2678 1370 2733 κατὰ
1403 2680 1460 2733 δὲ
1492 2679 1655 2751 σῶμα
1672 2680 1713 2713 ’δ’
1745 2722 1760 2746 ,
1791 2698 1993 2734 παντο-

388 2771 587 2840 φαγία,
629 2771 943 2843 λαιμαργία
963 2771 1032 2838 δ’,
1094 2772 1441 2844 μονοφαγία·
1506 2774 1605 2827 καὶ
1632 2772 1830 2846 ὥσπερ
1886 2774 1996 2829 τῶν

388 2862 783 2929 γενικωτάτων
833 2862 1074 2934 ἀρετῶν,
1125 2863 1445 2935 φρονήσεως
1492 2865 1588 2918 καὶ
1616 2865 1992 2938 δικαιοσύνης,

388 2954 645 3027 ἀνδρείας
676 2954 772 3008 καὶ
798 2955 1185 3028 σωφροσύνης,
1221 2957 1420 3012 πολλαί
1454 2959 1595 3014 εἰσιν
1615 2960 1673 3013 αἱ
1703 2960 1995 3031 παραφυά-

388 3047 501 3115 δες,
533 3049 592 3103 αἱ
624 3049 1023 3123 ἐπαινούμεναι
1047 3050 1092 3084 ⁸³
1114 3068 1127 3081 ·
1159 3051 1194 3122 ἥ
1231 3066 1293 3104 τε
1337 3053 1448 3125 γὰρ
1485 3052 1742 3107 εὐσέϐεια
1772 3054 1870 3107 καὶ
1903 3053 1993 3106 εύ-

389 3140 582 3195 6ουλία
598 3140 667 3205 “,
697 3141 794 3195 καὶ
823 3142 1116 3214 καρτερία,
1157 3143 1516 3216 μακροθυμία
1546 3161 1605 3199 τε
1639 3145 1735 3199 xal.
1771 3162 1994 3218 μετριο-

389 3235 638 3308 φροσύνη
666 3237 736 3300 ³⁵,
772 3237 1023 3309 πραότης
1061 3240 1158 3291 καὶ
1180 3239 1502 3313 εὐεργεσία,
1536 3239 1853 3308 φιλοκαλία,
1897 3240 1992 3292 εύα

386 3329 571 3396 ταξία,
604 3329 932 3401 κοσμιότης,
959 3332 1263 3403 ἐγκράτεια
1292 3334 1389 3385 καὶ
1412 3333 1458 3365 ⁸⁵
1492 3331 1681 3399 αίδὼς,
1720 3336 1815 3386 καὶ
1833 3331 1995 3387 ἄλλαι

394 3423 591 3495 μυρίαι
622 3423 758 3495 πρὸς
786 3424 1022 3489 ταύταις
1045 3442 1059 3456 ⁸
1089 3424 1266 3488 οὕτως
1294 3426 1390 3479 καὶ
1418 3425 1527 3479 τῶν
1546 3427 1591 3458 *⁷
1612 3425 1994 3497 περιεκτικῶν

391 3515 605 3581 παθῶν,
641 3510 838 3587 ἡδονῆς
870 3534 934 3569 τε
969 3517 1065 3570 καὶ
1105 3517 1295 3583 πόνου,
1328 3518 1364 3588 ἦ
1395 3533 1456 3571 τε
1481 3516 1622 3589 ὀργὴ
1648 3517 1743 3571 καὶ
1775 3518 1803 3569 6
1831 3517 1996 3589 θόρυ-

392 3605 508 3668 ϐος,
550 3606 702 3677 καὶὴ
752 3606 942 3678 μῆνις,
997 3606 1096 3661 καὶ
1129 3610 1162 3678 ἡ
1210 3607 1518 3678 ἀφροσύνη,
1569 3610 1603 3680 ἠ
1638 3607 1930 3675 ἀκολασία,
1961 3611 1996 3682 ή

390 3695 647 3762 ἀόουλία,
699 3700 735 3764 ἡ
774 3699 1214 3770 ὑπερηφανίαιθ,
1264 3698 1581 3765 ἀλαζονεία,
1632 3698 1772 3773 ἔρις,
1815 3703 1994 3771 μῖσος,

395 3787 584 3862 ζῆλος,
613 3791 785 3863 λύπη,
819 3792 1065 3864 λοιδορία
1098 3793 1198 3847 καὶ
1229 3792 1573 3864 μικροψυχία
1608 3809 1623 3825 ·
1649 3792 1710 3859 ἐξ
1735 3786 1810 3848 ὧν
1841 3793 2002 3848 ἄλλαι

394 3882 647 3948 πλείονες
678 3880 1145 3956 ὲπικλονούμεναι
1195 3885 1291 3939 καὶ
1312 3887 1358 3919 ⁸ο
1395 3883 1847 3958 ἐπισχιζόμεναι,
1882 3889 2001 3940 στῖ-

316 4048 319 4051 _
396 3993 494 4047 φος
536 3977 730 4032 παθῶν
781 3978 1113 4032 συνιστῶσιν
1142 3992 1157 4009 ο
1192 3972 1270 4034 ὧν
1316 3979 1562 4052 ἑκάστην
1585 3981 1632 4014 ⁸ο
1678 3981 2009 4052 περικαθαί-

400 4086 510 4142 ρων
539 4071 567 4124 6
599 4070 971 4142 παγγέωργος
1021 4071 1289 4144 λογισμὸς
1336 4072 1435 4129 καὶ
1467 4072 1862 4143 ἀποκνίζωνυ,
1910 4078 2006 4128 καὶ

396 4163 751 4235 περιπλέκων
788 4165 884 4219 καὶ
912 4165 1195 4238 ἐπάρδων,
1234 4165 1333 4220 καὶ
1397 4165 1584 4220 πάντα
1624 4166 1829 4238 τρόπον
1868 4185 2003 4239 μετ-

395 4256 693 4329 οχετεύων,
715 4257 981 4331 ἐξημεροῖ
1007 4259 1109 4323 τὰς
1128 4260 1239 4314 τῶν
1263 4258 1415 4330 ῆθῶν
1436 4258 1533 4314 καὶ
1559 4259 1752 4315 παθῶν
1775 4260 1820 4293 ⁸²
1842 4259 1998 4325 ύλας.

2182 2402 2447 2478 Voluptas
2523 2416 2706 2462 autem
2759 2412 2863 2473 est,
2935 2418 3059 2476 qua:
3117 2408 3174 2457 et
3238 2399 3513 2454 malorum
3580 2412 3706 2453 mo-

2102 2515 2226 2555 rum
2283 2499 2598 2569 dispositio,
2659 2498 3019 2566 omniumque
3083 2494 3404 2564 passionum
3467 2488 3707 2544 maxime

2102 2594 2428 2649 multimoda
2458 2601 2562 2649 est.
2602 2592 2666 2647 Et
2696 2590 2918 2663 quidem
2961 2589 3160 2644 animai
3211 2586 3500 2657 passiones
3552 2590 3706 2646 sunt,

2103 2689 2440 2759 arrogantia,
2510 2688 2760 2751 avaritia,
2819 2685 2905 2740 sui
2951 2681 3311 2743 existimatio,
3344 2678 3705 2748 principatus,

2100 2790 2156 2836 et
2204 2781 2523 2836 ambitionis
2590 2779 2887 2845 aﬂ'ectatio,
2935 2774 3258 2846 pertinacia,
3307 2770 3530 2825 invidia.
3576 2767 3712 2823 Cor-

2099 2874 2252 2945 poris
2292 2888 2443 2938 vero,
2502 2873 2826 2935 heluositas,
2888 2869 3180 2941 ingluvies,
3241 2861 3595 2935 singularitas
3654 2860 3709 2913 in

2104 2966 2337 3033 edendo,
2371 2982 2535 3037 quam
2571 2964 2743 3021 Grzeci
2803 2961 3140 3036 μονοφαγίαν
3171 2959 3383 3015 dicunt.
3424 2955 3491 3010 Et
3519 2968 3713 3026 quem-

2106 3057 2403 3114 admodum
2476 3057 2812 3129 generalium
2870 3057 3180 3117 virtutum,
3234 3049 3535 3122 prudentia:
3567 3087 3583 3113 ,
3625 3046 3716 3115 ju-

2106 3150 2288 3214 stitiae,
2341 3146 2683 3204 fortitudinis
2734 3147 3216 3219 temperantiteque
3274 3143 3459 3215 plures
3504 3148 3716 3212 agnata:

2106 3250 2257 3306 sunt,
2282 3256 2406 3311 quae
2440 3256 2562 3296 eum
2592 3239 2754 3294 laude
2786 3239 3155 3309 appellantur,
3189 3244 3247 3291 ut
3281 3235 3478 3305 pietas,
3500 3244 3711 3287 rectum

2106 3336 2446 3398 consilium,
2506 3333 2828 3400 tolerantia,
2898 3333 3093 3386 lenitas
3170 3328 3364 3391 animi,
3417 3325 3712 3383 sobrietas.

2104 3427 2307 3482 mentis
2353 3425 2739 3490 mansuetudo,
2805 3423 3186 3486 beneficentia,
3244 3418 3464 3474 honesti
3533 3431 3711 3479 amor,

2106 3519 2400 3583 modestia,
2484 3526 2748 3573 venustas
2815 3517 3029 3580 animi,
3100 3512 3467 3579 continentia,
3535 3508 3718 3581 pudor

2105 3610 2412 3680 ingenuus;
2468 3609 2543 3663 ita
2584 3616 2639 3664 et
2694 3606 3048 3663 aﬂ'ectionum
3104 3621 3244 3676 quas
3281 3603 3521 3659 maxime
3556 3616 3713 3657 com-

2105 3702 2466 3774 prehensivas
2533 3702 2795 3769 diximus,
2844 3700 3165 3771 voluptatis,
3228 3699 3477 3770 inquam,
3548 3705 3716 3767 atque

2107 3795 2365 3851 dolentiae
2389 3806 2554 3863 sunt;
2592 3795 2882 3850 iracundia
2908 3794 3184 3859 videlicet,
3212 3790 3593 3855 tumultuatio,
3629 3788 3713 3843 ira

2108 3903 2462 3961 permanens,
2505 3889 2846 3960 insipientia,
2904 3887 3254 3960 protervitas,
3317 3882 3712 3955 imprudentia,

2113 3981 2430 4049 insolentia,
2473 3983 2811 4055 arrogantia,
2856 3982 3160 4046 contentio,
3193 3979 3402 4041 odium,
3440 3979 3716 4032 obtrecta-

2110 4076 2211 4145 tio,
2253 4076 2500 4143 tristitia,
2528 4077 2860 4149 objurgatio,
2889 4073 3363 4148 pusillanimitas:
3399 4087 3466 4127 ex
3507 4070 3711 4142 quibus

2108 4184 2236 4225 cum
2272 4178 2329 4226 et
2384 4171 2505 4227 aliae
2556 4178 2927 4243 propagantes
2986 4169 3288 4235 nudantur,
3355 4165 3715 4222 affectionem

2107 4271 2387 4318 catervam
2414 4266 2784 4329 constituunt,
2816 4265 2871 4318 in
2895 4264 3099 4335 quibus
3118 4260 3377 4329 singulis,
3397 4258 3719 4315 considera.

396 4351 631 4423 tio,ipsa
653 4352 844 4424 optimi
862 4353 1118 4423 agricolae
1170 4354 1291 4408 vice
1312 4351 1532 4416 functa,
1580 4353 1820 4423 plurima
1862 4354 2272 4425 perpurgando,
2307 4353 2772 4426 detergendoque,
2808 4370 2874 4410 ac
2943 4351 3347 4424 complicando,
3391 4358 3444 4406 et
3477 4348 3717 4419 irrigan-

397 4446 491 4513 do,
527 4460 628 4502 nec
652 4460 759 4500 non
791 4445 927 4517 ipsis
958 4461 1059 4502 ceu
1092 4460 1191 4517 per
1222 4445 1584 4517 aqua‘ductus
1635 4461 1760 4503 sese
1813 4445 2171 4505 omnifariam
2245 4447 2630 4517 diﬂ‘undendo,
2684 4463 2903 4505 morum
2959 4447 3398 4520 passionumque
3443 4444 3710 4499 materias

380 4527 617 4600 cicures
675 4539 877 4595 reddit.

489 4634 551 4688 '0
586 4633 697 4706 γὰρ
720 4633 1011 4706 λογισμὸς,
1042 4632 1231 4699 καθὼς
1259 4633 1501 4708 εἴρηται,
1533 4633 1643 4688 τῶν
1673 4635 1774 4706 μὲν
1802 4634 2019 4709 ἀρετῶν

2175 4634 2313 4692 Nam
2358 4635 2753 4704 consideratio,
2793 4643 2854 4692 ut
2902 4652 3072 4708 supra
3134 4631 3720 4696 commemoravimus,

403 4732 556 4786 ἔστιν
599 4729 852 4801 ἡγεμὼν,
883 4729 993 4783 τῶν
1045 4729 1102 4783 δὲ
1143 4729 1336 4784 παθῶν
1367 4729 1737 4803 αὐτοκράτωρ
1761 4745 1776 4762 ο
1834 4731 1998 4804 λήθης

2122 4731 2423 4787 virtutibus
2472 4746 2575 4802 pro
2611 4732 2770 4797 duce,
2803 4724 3188 4786 affectionibus
3245 4743 3343 4798 pro
3393 4727 3724 4797 imperatore

399 4826 460 4883 δὲ
489 4826 585 4880 καὶ
611 4825 842 4895 ἀγνοίας
863 4823 1020 4879 οὔπω
1048 4824 1328 4890 δεσπόζει.
1358 4824 1432 4880 Ού
1482 4826 1593 4897 γὰρ
1624 4825 1736 4879 τῶν
1754 4825 1939 4880 αὐτῶν
1966 4828 2012 4860 ’⁵³

369 4886 595 4975 Ιπαθῶν
629 4886 953 4991 ὁνλογισμδς
984 4886 1322 4991 ἐπικρατεῖ,
1362 4886 1505 4973 ἀλλά
1534 4886 1643 4973 τῶν
1673 4919 1772 4991 τῆς
1806 4919 2015 4974 δικαιο-

403 5014 596 5088 σύνης,
626 5013 722 5069 καὶ
751 5013 1109 5086 σωφροσύνης
1135 5012 1204 5076 ⁵⁵,
1230 5013 1325 5067 καὶ
1363 5012 1624 5085 ἀνδρείας
1649 5013 1717 5079 ⁸³,
1759 5013 1856 5067 καὶ
1879 5031 2014 5083 (ppo-

401 5109 615 5182 νήσεως
642 5105 908 5162 ἐναντίων
932 5121 946 5135 ⁸
975 5106 1077 5178 ούχ
1099 5104 1243 5160 ὥστε
1272 5096 1413 5161 αύτά
1429 5105 1477 5138 ³⁸
1528 5105 1773 5161 κωλῦσαι
1798 5106 1892 5161 τοῦ
1932 5105 2009 5179 μὴ

401 5202 683 5272 γενέσθαι,
722 5199 840 5256 ἀλλ’
894 5199 1038 5254 ὥστε
1068 5200 1256 5264 αὐτοῖς
1291 5199 1367 5271 μὴ
1425 5199 1794 5271 ὑποταγῆναι.
1851 5200 2009 5272 Λήθη

401 5294 460 5350 δὲ
494 5297 592 5351 καὶ
632 5296 851 5364 ἄγνοια,
902 5294 998 5349 τοῦ
1047 5290 1316 5365 λογισμοῦ
1366 5293 1476 5347 εἰσι
1508 5292 1659 5366 πάθη
1692 5310 1708 5326 ο
1762 5292 1866 5365 τῆς
1900 5293 2010 5365 γὰρ

404 5389 550 5444 κατά
599 5389 807 5459 γνῶσιν
858 5389 1147 5461 ἐνεργείας
1193 5390 1624 5461 ἀναιρουμένης,
1682 5388 2012 5443 συνίσταται

486 5608 532 5643 ³¹
557 5609 617 5662 αἱ
660 5623 771 5664 om.
815 5608 875 5674 Β,
908 5609 1031 5663 ὅσαι
1071 5609 1113 5664 C
1162 5607 1226 5663 Ρ.
1305 5608 1350 5641 ³³
1481 5609 1622 5662 εἰσὶν
1671 5608 1732 5664 Β.
1796 5607 1842 5639 ³³
1889 5606 1978 5660 ἀλ.
2028 5605 2087 5660 δὲ
2123 5605 2163 5660 Β
2212 5603 2271 5661 Ρ.
2350 5606 2395 5638 ³⁸
2444 5605 2565 5672 νοὸς
2610 5604 2675 5661 C.

510 5681 567 5734 αἱ
621 5696 733 5734 om.
787 5680 851 5734 Β.
966 5681 1013 5713 ³⁸
1045 5681 1142 5734 καὶ
1175 5695 1291 5734 om.
1349 5678 1392 5733 B
1429 5681 1486 5734 P.
1599 5680 1645 5714 ⁸ο
1679 5680 1766 5734 ἠδ.
1829 5677 1891 5732 δὲ
1931 5677 1970 5731 Β
2011 5679 2075 5734 C.
2181 5677 2228 5709 ³⁰
2267 5676 2453 5734 tim/'71:
2511 5677 2586 5734 Β.
2627 5693 2675 5729 κ‹

1679 5682 1766 5751 ήδ.
1829 5682 1891 5732 δὲ
1931 5682 1970 5731 Β
2011 5682 2075 5734 C.
2181 5682 2228 5709 "°
2267 5682 2453 5749 ψυχῆς
2511 5682 2586 5742 Β,
2627 5682 2724 5729 καὶ
2760 5682 2827 5729 τά
2872 5682 2973 5746 μὲν
3016 5682 3117 5744 τῆς

1719 5750 1773 5834 ’ξ’
1799 5749 2109 5834 λαιμαργία
2139 5764 2249 5803 om.
2280 5748 2345 5816 C,
2368 5746 3129 5834 γαστριμαργίαὶιάδηξραγία

1907 5819 1952 5852 ⁸⁵
1985 5819 2471 5892 ταπεινοφροσύνη
2511 5819 2551 5873 Β
2579 5820 2619 5873 G
2651 5819 2679 5873 Ι)

1907 5891 1952 5947 J.
2045 5892 2090 5926 ⁸³
2120 5892 2304 5945 ἐπικλ.
2336 5893 2434 5945 καὶ
2472 5908 2581 5945 om.
2615 5889 2679 5947 C.

404 5689 455 5740 ἓν
510 5681 567 5735 αἱ
621 5663 733 5735 om.
787 5663 875 5735 Β.’
966 5681 1013 5713 ³⁸
1045 5663 1142 5735 καὶ
1175 5695 1291 5734 om.
1349 5663 1486 5737 ΒῬ.

409 5753 454 5787 ⁴¹
491 5752 554 5808 τὸ
589 5749 753 5822 σῶμα
783 5750 847 5819 Β,
889 5751 961 5804 τά
990 5751 1048 5806 δὲ
1069 5751 1164 5805 τοῦ
1196 5749 1457 5822 σώματος
1490 5750 1531 5805 C
1569 5751 1630 5806 Ρ.

406 5823 586 5896 ναι-Ο.
664 5821 713 5855 ⁸⁸
738 5825 771 5896 ἡ
799 5822 1013 5896 εύὸηϐ,
1050 5831 1104 5878 et
1137 5822 1221 5879 sic
1248 5821 1537 5896 articulum
1558 5824 1620 5896 in
1656 5821 1815 5896 reli_q.

408 5896 457 5931 ⁸⁸
485 5891 872 6022 ύπερἏφάνεια
922 5894 982 5962 Β,
1015 5897 1173 5949 abest
1226 5892 1444 5949 articul.
1481 5894 1683 5964 ubique
1728 5892 1865 5947 Cod.
1890 5891 1952 5948 C.

413 5968 627 6022 έωογος
685 5968 915 6022 ογισαὸς
939 5964 1204 6022 περικαθ.
1230 5965 1328 6020 καὶ
1347 5965 1665 6022 ἁποκνίζων
1689 5963 1749 6022 Β.
1777 5978 1945 6022 περικ

2117 4825 2370 4889 habetur,
2400 4823 2666 4880 oblivioni
2710 4838 2845 4879 vero
2906 4822 3245 4894 inscitiaaqne
3293 4820 3721 4890 haudquaquam

2117 4918 2460 4975 dominatur.
2492 4913 2682 4987 Neque
2713 4917 2861 4972 enim
2887 4915 3258 4972 consideratio
3286 4915 3370 4970 sui
3393 4913 3566 4984 ipsius
3597 4927 3725 4982 pas-

2126 5011 2415 5080 sionibus,
2451 5010 2546 5067 sed
2584 5011 2671 5066 his
2723 5026 2848 5081 qua:
2874 5008 3128 5081 iustitiae,
3182 5006 3577 5076 temperantiae,
3614 5002 3726 5059 for-

2116 5105 2339 5162 titudini
2384 5120 2449 5160 ac
2508 5104 2817 5176 prudentiae
2882 5104 3127 5181 adversae
3157 5109 3309 5166 sunt,
3347 5099 3664 5155 dominatur
3707 5115 3722 5153 :

2115 5215 2224 5254 non
2255 5207 2437 5254 autem
2468 5197 2605 5269 ipsis
2632 5198 2765 5269 quin
2789 5184 2923 5252 fiant
2955 5191 3596 5261 facultatemintercipit,
3627 5191 3725 5245 sed

2116 5308 2185 5348 ne
2220 5292 2325 5347 illae
2355 5291 2618 5363 subjecta:
2664 5290 2798 5362 ipsis
2840 5290 3141 5346 reddantur
3172 5287 3362 5343 efﬁcit.
3404 5285 3725 5349 Enimvero,

2114 5385 2341 5452 oblivio,
2371 5400 2473 5442 nec
2506 5401 2616 5441 non
2642 5383 2884 5453 inscitia,
2920 5370 3384 5441 considerationis
3436 5376 3730 5450 passiones

2782 5604 2829 5637 ³⁸
2859 5597 2937 5660 ὧν
2974 5604 3107 5659 ἄνευ
3153 5602 3422 5657 ἀδύνατον
3455 5599 3557 5672 ζῇν
3592 5598 3634 5656 C

3380 5670 3734 5796 .332:

3232 5764 3359 5800 auu.
3456 5764 3503 5776 ἐ’
3527 5764 3730 5813 επομε-

3307 5816 3354 5849 "
3382 5816 3492 5869 τῶν
3524 5832 3634 5870 mu.
3671 5813 3730 5869 Β.

3443 5888 3486 5919 ⁵⁸
3523 5888 3552 5939 6
3588 5902 3732 5939 παν-ι

2181 5677 2228 5709 ”
2267 5676 2453 5749 ψυχῆς
2511 5677 2586 5742 Β,
2627 5675 2827 5749 καὶ-τά
2858 5674 2973 5749 μὲν
3016 5675 3117 5749 τῆς

2806 5817 2853 5848 ⁸⁸
2882 5815 2978 5870 καὶ
3020 5831 3131 5871 οιιι.
3155 5815 3216 5870 Β.

2773 5889 2820 5921 ⁵ο
2850 5888 3091 5942 ἕκαστον
3133 5887 3174 5940 Β
3204 5888 3246 5943 C
3283 5886 3346 5943 P.

2579 5818 2713 5873 GP.

413 5956 627 6072 ξριργος
650 5956 915 6072 λογισμξξς
939 5956 1676 6072 πίριέιαξ.ικαὶ1ἀποκὲίζξυῖ
1689 5963 1965 6072 Βῇπερικ.
1995 5964 2092 6020 καὶ
2117 5961 2347 6049 περιπλἶ
2376 5963 2436 6020 (.2.
2517 5963 2563 5995 ⁵³
2590 5961 2726 6017 παθ.
2754 5960 2850 6017 καὶ
2876 5959 3027 6032 ἠθῶν
3057 5959 3096 6014 Β
3118 5957 3159 6014 C
3182 5958 3242 6014 P.
3321 5957 3370 5993 ⁸³
3394 5957 3564 6014 αὐτοῦ
3592 5956 3633 6012 C
3667 5957 3729 6012 P.

414 6039 464 6073 “
497 6035 676 6113 δωφρ.
709 6035 828 6097 ent.
854 6039 915 6096 ϐ.
993 6035 1041 6072 ⁵⁸
1070 6037 1298 6111 ἀνδρίας
1330 6037 1388 6094 Β.
1468 6037 1514 6071 ⁵⁸
1541 6036 1707 6092 αὑτὸν
1735 6035 1795 6090 C.

971 6144 978 6152 ι
