4138 6526
426 491 561 548 HIS

1740 490 2021 547 MELETII
2063 490 2372 546 MONACIII

3565 490 3707 547 1116

424 617 588 673 sunt;
651 623 777 663 nam
842 608 948 674 hm,
993 620 1119 664 cum
1184 605 1509 677 cognitionis
1561 605 1807 663 aufertur
1840 608 2004 676 actio,

2133 608 2323 664 παῦταο
2360 610 2883 681 ἐπαναλαμϐάνεται
2916 612 2974 664 δὲ
3007 610 3175 665 πάλιν
3215 610 3306 665 διὰ
3349 611 3569 681 μνήμης
3608 612 3708 665 καὶ

425 699 689 770 subsequi
738 698 933 756 solent.

498 793 667 863 Atqui
697 793 960 848 memoria
990 808 1087 863 per
1127 792 1588 873 reminiscentiam
1640 792 1821 849 denuo
1859 808 2017 849 resu-

428 887 599 939 mitur
631 904 644 939 :
673 886 938 955 siquidem
967 884 1233 939 memoria
1278 886 1362 954 (ut
1385 883 1708 941 Aristoteles
1751 887 1857 957 27
1899 887 2017 957 Opi-

431 985 615 1040 uatur,
635 976 948 1048 imaginatio
970 985 1073 1039 est,
1100 991 1223 1046 quae
1247 976 1317 1031 ab
1338 974 1422 1029 his
1448 990 1570 1046 quae
1594 991 1792 1032 sensus
1824 977 2019 1047 depro-

433 1065 694 1120 henderat
712 1073 971 1120 remanet.
990 1063 1236 1119 Platonis
1248 1072 1426 1118 autem
1444 1065 1734 1129 sententia,
1751 1066 2018 1122 memoria

431 1168 516 1211 est
535 1172 729 1212 sensus
753 1166 809 1212 et
846 1157 1154 1212 intellectus
1183 1155 1568 1220 incolumitas;
1617 1157 1801 1210 anima
1844 1157 2015 1226 enim,

432 1265 554 1318 qua:
570 1250 673 1304 sub
695 1264 914 1305 sensum
941 1249 1168 1317 cadunt,
1185 1265 1449 1307 sensuum
1473 1249 1648 1305 ofﬁcio
1672 1250 2016 1321 adipiscitur,

434 1340 576 1394 unde
603 1339 880 1409 opinionis
930 1340 1084 1411 origo
1119 1348 1203 1396 est
1232 1358 1246 1394 :
1279 1340 1375 1396 sed
1414 1356 1510 1411 per
1560 1350 1795 1395 mentem
1838 1340 2016 1411 ipsam

433 1432 815 1488 intellectualia
865 1432 1250 1488 animadvertit
1294 1441 1348 1489 et
1395 1434 1748 1506 intelligentia
1772 1435 1852 1489 fit.
1878 1434 2016 1489 Cum

433 1524 600 1594 igitur
652 1526 770 1595 ipsa
818 1525 1003 1580 anima
1068 1524 1337 1581 formulas
1386 1541 1578 1580 eorum
1632 1540 1755 1596 quae
1800 1526 2018 1597 opinata

431 1615 614 1672 fuerat
674 1617 1167 1687 intellexeratque,
1240 1618 1582 1681 servaverit,
1645 1617 1907 1671 memoria
1963 1616 2019 1671 id

432 1718 619 1765 tenere
670 1709 890 1764 dicitur.
937 1706 1007 1762 At
1055 1707 1336 1761 memoriae
1388 1707 1607 1761 amissae
1651 1707 2015 1772 instauratio,

433 1801 848 1857 reminiscentia
905 1808 1029 1865 est;
1093 1800 1296 1855 oblivio
1349 1800 1496 1855 enim
1556 1800 1732 1871 ipsam
1795 1799 2022 1856 reddere

433 1894 630 1947 exilem
670 1893 827 1948 solet.
861 1891 1075 1947 Oblivio
1106 1900 1289 1946 autem
1326 1892 1611 1946 memoriae
1639 1891 1867 1947 amissio
1896 1901 2018 1960 est;

435 2001 671 2065 quarum
715 1984 884 2039 altera
925 1992 1207 2054 perpetua,
1243 1984 1414 2038 altera
1459 1998 1589 2039 vero
1669 1991 2020 2054 temporanea
2055 2003 2098 2058 Β

436 2088 543 2142 εει,
594 2080 650 2132 ἱη
704 2091 811 2148 qua
858 2076 1079 2146 quidem
1132 2075 1539 2131 reminiscentia
1597 2076 1727 2146 agit.

507 2167 766 2225 Omnium
792 2169 937 2224 enim
956 2167 1303 2222 affectionum
1323 2184 1462 2238 quas
1485 2182 1516 2221 a
1541 2168 1817 2238 voluptate
1835 2169 2024 2223 dolen~

440 2264 650 2331 tiaque,
680 2269 735 2316 et
756 2260 1052 2315 virtutibus
1080 2276 1202 2329 quae
1224 2258 1309 2314 his
1339 2260 1581 2315 adversa:
1606 2269 1733 2315 sunt
1759 2260 2025 2330 proficisci

437 2353 809 2418 asseruimus,
850 2352 919 2405 ab
966 2350 1163 2421 triplici
1212 2349 1408 2405 animae
1445 2350 1520 2417 vi,
1556 2365 1621 2405 ac
1663 2351 1856 2416 libera,
1904 2367 2027 2422 quae

436 2444 492 2500 in
539 2443 698 2499 nobis
735 2452 819 2499 est
873 2441 1153 2497 Voluntate
1184 2449 1341 2497 ortus
1386 2441 1447 2496 ﬁt
1480 2461 1492 2497 :
1543 2442 1598 2496 in
1631 2442 1717 2498 his
1754 2443 1899 2497 enim
1930 2458 2024 2515 ge-

436 2537 710 2594 neralium
764 2536 1028 2591 virtutum
1081 2534 1280 2591 divisio
1317 2532 1628 2605 inspicitur.
1700 2534 1908 2605 Atqui,
1970 2535 2023 2591 in

439 2630 641 2685 animae
671 2629 722 2683 vi
750 2627 1027 2695 rationali,
1080 2627 1384 2698 prudentiae
1430 2628 1581 2683 locus
1621 2636 1738 2693 est;
1772 2627 1826 2682 iu
1857 2643 2027 2700 appe-

437 2723 578 2781 tibili
628 2722 990 2793 temperantia
1067 2722 1430 2790 continetur,
1492 2721 1548 2776 in
1602 2721 1864 2777 irascibili
1925 2737 2026 2777 au—

438 2826 549 2875 tem
592 2816 856 2871 fortitudo
889 2814 1165 2870 consistit.
1216 2812 1437 2869 Justitia
1476 2823 1684 2878 autem,
1718 2829 1814 2883 per
1842 2815 2029 2869 liberae

439 2923 566 2980 qua:
615 2907 670 2963 in
718 2907 880 2962 nobis
931 2915 1017 2962 est
1068 2906 1369 2962 voluntatis
1417 2907 1722 2970 actionem,
1781 2907 1849 2962 ad
1911 2917 2023 2963 tres

440 3000 816 3065 distribuitur;
866 2999 969 3053 nisi
1025 2999 1171 3053 enim
1209 2999 1483 3068 quispiam
1526 2998 1755 3069 justitire
1839 3000 2023 3055 locum

442 3106 666 3148 servare
696 3089 1063 3161 proposuerit,
1095 3104 1202 3143 non
1236 3098 1381 3145 recte
1411 3089 1464 3143 in
1488 3089 1867 3146 affectionibus
1899 3101 2029 3147 tem-

441 3184 705 3257 perantiae
734 3223 748 3248 ,
798 3180 1138 3237 fortitudinis
1182 3197 1249 3237 ac
1301 3182 1574 3252 appetitus
1614 3183 1877 3238 rationem
1927 3184 2028 3239 ha-

442 3276 633 3334 buisse
665 3274 1124 3346 deprehendetur.
1154 3272 1316 3339 Nam,
1370 3291 1468 3345 pro
1499 3275 1846 3331 aﬂ'ectionum
1881 3277 2030 3332 arbi-

2119 704 2219 756 ἀνα
2228 703 2334 772 μνή
2342 719 2499 764 σεως.

2191 795 2349 848 Ἐστι
2386 794 2443 848 δὲ
2468 796 2694 865 μνήμη,
2725 795 2801 859 dt;
2837 799 2937 868 μὲν
2983 795 3390 868 Ἀριστοτέλης,
3428 798 3707 866 φαντασία

2117 888 2668 960 ἐγκαταλελειμμένη
2725 891 2837 943 ἀπό
2873 908 3024 955 τινος
3071 890 3382 962 αίσθήσεως
3421 891 3521 961 τῆς
3579 891 3709 944 κατ’

2117 980 2400 1052 ἐνεργείας
2414 983 2751 1053 φαινομένης
2771 984 2818 1016 ⁸⁷
2838 1000 2853 1014 ·
2874 982 2950 1047 ὡς
2972 983 3031 1037 δὲ
3053 983 3281 1037 Πλάτων
3298 984 3363 1049 ⁵⁸,
3386 983 3636 1054 σωτηρία
3660 984 3708 1016 ⁸⁸

2119 1072 2427 1143 αἰσθήσεώς
2461 1088 2522 1131 τε
2553 1075 2650 1128 καὶ
2681 1076 2949 1147 νοήσεως.
2989 1076 3056 1129 Ἠ
3089 1077 3200 1145 γὰρ
3232 1076 3408 1146 ψυχὴ,
3443 1076 3555 1129 τῶν
3606 1074 3710 1144 μὲν

2119 1166 2396 1235 αἰσθητῶν
2447 1166 2536 1221 διὰ
2593 1168 2705 1220 τῶν
2755 1167 3134 1239 αἰσθητηρίων
3189 1166 3657 1239 ἀντιλαμϐάνεται
3690 1207 3705 1231 ,

2121 1261 2218 1314 καὶ
2252 1259 2465 1328 γίνεται
2503 1257 2633 1325 δόξα
2656 1277 2669 1291 °
2696 1261 2807 1314 τῶν
2835 1262 2894 1315 δὲ
2924 1260 3135 1332 νοητῶν
3182 1260 3273 1315 διὰ
3317 1260 3416 1314 τοῦ
3451 1260 3566 1323 νοῦ,
3609 1259 3709 1313 καὶ

2118 1353 2334 1421 γίνεται
2368 1352 2585 1423 νόησις⁸
2616 1353 2750 1407 ὅταν
2786 1348 2883 1407 οῦν
2925 1354 3054 1415 τοὺς
3087 1352 3294 1417 τύπους
3316 1393 3331 1416 ,
3380 1346 3455 1406 ῶν
3486 1368 3546 1405 τε
3590 1352 3706 1406 ἐδό-

2122 1444 2303 1510 ξασεν,
2328 1438 2403 1500 ὧν
2426 1462 2487 1499 τε
2516 1446 2706 1517 ἐνόησε
2733 1445 2997 1511 διασώζει
3023 1448 3071 1479 ⁸⁸
3095 1447 3189 1501 καὶ
3212 1448 3374 1518 τηρεῖ
3397 1448 3467 1511 ⁸⁸,
3490 1462 3707 1516 μνημο-

2121 1539 2297 1594 νεύειν
2317 1538 2562 1608 λέγεται.
2602 1540 2939 1612 Ἀνάμνησις
2963 1540 3020 1593 δέ
3050 1542 3168 1593 ἐστι
3197 1540 3390 1611 φήμης
3453 1536 3708 1608 ἐξιτήλου

2121 1632 2424 1704 γενομένης
2455 1633 2762 1704 ἀνάκτησις
2792 1635 2837 1666 ⁶¹
2861 1651 2876 1666 ·
2901 1634 3115 1703 γίνεται
3139 1633 3197 1687 δὲ
3225 1632 3473 1703 ἐξίτηλος
3499 1632 3568 1699 ⁵³,
3600 1630 3711 1684 ὑπὸ

2121 1726 2223 1797 τῆς
2251 1727 2443 1799 λήθης.
2476 1727 2633 1798 Λήθη
2678 1727 2737 1781 δέ
2770 1728 2889 1781 ἐστι
2920 1728 3149 1798 μνήμης
3184 1725 3430 1795 ἀποϐολή
3465 1742 3480 1756 ο
3518 1724 3638 1778 ἀλλ’
3669 1725 3706 1793 ή

2127 1818 2227 1889 μὲν
2258 1818 2592 1891 διηνεκὴς,ή
2625 1818 2684 1873 δὲ
2707 1819 2803 1873 ἐπὶ
2826 1818 2993 1873 ποσόν
3015 1835 3028 1851 ·
3061 1814 3129 1891 ἦς
3167 1818 3372 1888 ἐστινή
3400 1815 3713 1887 ἀνάμνησις

2124 1911 2305 1984 ἔργον.

2202 2169 2428 2223 Πάντων
2456 2170 2512 2223 δὲ
2544 2169 2764 2238 γένεσις
2795 2170 2908 2223 τῶν
2932 2170 3352 2243 προειρημένων
3386 2169 3578 2226 παθῶν
3605 2170 3719 2224 τῶν

2130 2263 2193 2314 ἐκ
2218 2262 2320 2330 τῆς
2356 2262 2549 2333 ἡδονῆς
2581 2264 2676 2316 καὶ
2705 2262 2801 2317 τοῦ
2833 2263 3002 2316 πόνου
3026 2280 3041 2294 ο
3090 2264 3187 2316 καὶ
3232 2263 3419 2333 μέντοι
3472 2264 3568 2318 καὶ
3601 2261 3725 2315 τῶν

2128 2354 2315 2417 αὐτοῖς
2345 2354 2391 2385 ⁸⁸
2414 2355 2700 2419 ἐναντίων,
2735 2355 2985 2409 τουτέστι
3011 2355 3121 2409 τῶν
3143 2354 3357 2426 ἀρετῶν
3386 2358 3451 2409 ἐκ
3476 2355 3572 2408 τοῦ
3600 2372 3719 2427 τρι-

2132 2446 2334 2517 μεροῦς
2384 2447 2483 2518 τῆς
2534 2447 2715 2518 ψυχῆς
2749 2447 2845 2502 καὶ
2874 2448 2985 2501 τῶν
3032 2448 3077 2482 ⁸⁵
3116 2449 3204 2518 ἐφ’
3236 2449 3400 2519 ἡμῖν’
3444 2449 3574 2519 περὶ
3607 2447 3723 2517 γὰρ

2127 2539 2301 2592 ταῦτα
2352 2540 2446 2593 καὶ
2490 2541 2548 2592 ai
2580 2540 2797 2609 γενικαι
2823 2540 3021 2611 ἀρεταὶ⁹
3068 2541 3438 2611 διανέμονται.
3502 2539 3595 2593 Ἑν
3639 2538 3721 2610 τῷ

2128 2629 2425 2701 λογιστικῷ
2456 2632 2565 2703 γάρ
2598 2634 2748 2685 ἐστιν
2793 2633 2828 2703 ή
2859 2632 3130 2703 φρόνησις
3158 2648 3172 2663 ο
3205 2634 3264 2686 ἐν
3306 2630 3386 2703 τῷ
3437 2629 3719 2699 ἐπιθυμη-

2129 2724 2267 2794 τικῷ
2292 2764 2307 2784 ,
2344 2725 2376 2794 ή
2424 2724 2752 2796 σωφροσύνη
2775 2739 2788 2754 '
2822 2725 2881 2777 ὲν
2910 2724 2989 2795 τῷ
3020 2723 3239 2795 θυμικῷ
3268 2767 3283 2791 ,
3312 2726 3346 2796 ή
3385 2722 3613 2794 ἀνδρεία
3643 2722 3716 2779 ⁸⁸.

2139 2818 2208 2870 Ἡ
2235 2816 2293 2868 δὲ
2322 2816 2667 2888 δικαιοσύνη,
2703 2819 2760 2871 ἐν
2795 2821 2910 2882 τοῖς
2938 2819 3092 2890 τρισὶ
3117 2817 3462 2887 διανέμεται,
3495 2814 3592 2868 τοῦ
3625 2815 3717 2883 ἐφ’

2132 2910 2264 2978 ἡμῖν
2296 2907 2648 2977 ἐνεργοῦντος
2671 2925 2683 2939 ·
2719 2909 2768 2961 εί
2803 2909 2879 2979 μὴ
2908 2909 3019 2979 γὰρ
3051 2909 3143 2964 τὸν
3169 2908 3266 2962 τοῦ
3292 2908 3509 2961 δικαίου
3547 2906 3719 2960 τόπον

2134 3000 2370 3070 φυλάξαι
2420 3018 2505 3064 τις
2549 3003 2949 3073 προαιρήσεται
2996 3002 3075 3067 ⁸⁷,
3108 3002 3171 3057 ού
3224 3002 3528 3071 σωφρονεῖν
3557 3039 3573 3064 ,
3614 3000 3721 3055 οὐκ

2132 3092 2505 3163 ἀνδρίζεσθαι,
2540 3092 2685 3145 κατά
2721 3094 2834 3145 τῶν
2866 3092 3081 3157 παθῶν,
3115 3091 3178 3146 ού
3208 3090 3392 3154 καλῶς
3427 3089 3721 3160 ἐπιθυμεῖν

2134 3184 2376 3255 θελήσει.
2416 3184 2491 3237 Τὸ
2549 3184 2607 3238 δὲ
2645 3186 3038 3257 προαιρεῖσθαι
3086 3184 3119 3256 ἢ
3172 3182 3355 3237 θέλειν
3399 3182 3495 3236 τοῦ
3547 3183 3593 3214 ⁸⁸
3630 3181 3719 3251 ἐφ’

2132 3278 2267 3346 ἡμῖν
2300 3277 2485 3330 ἐστιν’
2534 3277 2619 3345 ἐφ’
2666 3278 2803 3347 ήμῖν
2832 3276 2942 3347 γάρ
2974 3278 3095 3330 ἐστι
3122 3277 3167 3310 ⁸⁸
3203 3276 3264 3331 τὸ
3297 3277 3549 3341 δικαίους
3577 3272 3721 3331 εἶναι

442 3370 551 3427 trio
605 3368 804 3440 eligere
853 3376 948 3422 aut
995 3367 1131 3422 velle
1173 3366 1470 3437 quidpiam,
1508 3368 1559 3422 id
1601 3377 1801 3424 nostra:
1833 3371 2029 3424 volun-

2133 3369 2163 3438 ἢ
2196 3369 2435 3434 ἀδίκους,
2469 3368 2851 3439 σπουδαίουςῆ
2886 3368 3142 3438 ἀμαθεῖς,
3182 3369 3501 3438 συνετοὺςῆ
3543 3368 3717 3439 ἀφρο-

442 3459 573 3515 tatis
609 3469 724 3523 est;
773 3458 827 3513 in
867 3457 1027 3513 nobis
1072 3457 1218 3512 enim
1251 3467 1372 3525 est,
1418 3469 1477 3515 ut
1508 3459 1644 3529 justi
1686 3461 1769 3516 vel
1802 3461 2027 3531 injusti,

442 3549 678 3606 studiosi
719 3547 804 3603 vel
847 3561 879 3600 a
918 3545 1113 3601 studiis
1174 3546 1361 3613 alieni,
1418 3548 1710 3617 prudentes
1754 3557 1848 3603 aut
1895 3548 2031 3603 insi-

442 3643 659 3712 pientes
694 3638 1008 3694 reddamur.
1054 3636 1336 3709 Siquidem
1384 3639 1628 3695 studium
1660 3641 1712 3694 in
1749 3656 1807 3696 re
1845 3641 2027 3713 aliqua

445 3728 728 3795 adhibere,
776 3745 839 3786 ac
881 3730 937 3785 in
984 3745 1050 3786 eo
1091 3730 1358 3798 exerceri,
1407 3732 1584 3788 nostri
1621 3732 1833 3787 arbitrii
1885 3749 2027 3796 esse,

446 3824 584 3880 nulli
633 3839 741 3879 non
793 3829 1141 3894 perspectum
1188 3824 1455 3893 habetur;
1508 3840 1619 3879 non
1663 3825 1809 3895 quod
1851 3825 2033 3881 studia

448 3926 570 3997 ipsa
603 3924 827 3980 habitus
856 3925 991 3990 sint,
1026 3924 1121 3980 sed
1150 3923 1295 3994 quod
1334 3923 1469 3993 ipsis
1492 3923 1880 3990 dominantur;
1907 3940 2032 3978 nam

450 4017 637 4074 studia
698 4016 978 4073 habilibus
1030 4016 1303 4071 dominari
1366 4013 1717 4072 manifestum
1782 4016 2032 4072 habetur.

449 4110 803 4166 Consuetudo
847 4124 979 4166 vero
1013 4107 1315 4165 adventitia
1366 4117 1560 4165 natura
1591 4117 1694 4165 est.
1750 4107 1807 4163 Si
1854 4118 2035 4165 autem

451 4204 693 4261 studium
748 4204 961 4261 babitui
1014 4203 1350 4269 dominatur,
1408 4202 1556 4274 quod
1602 4202 1777 4258 nostri
1821 4201 2037 4259 arbitrii

450 4307 555 4369 est,
602 4309 657 4355 et
708 4300 933 4356 habitus
990 4298 1168 4355 nostri
1227 4282 1438 4354 arbitrii
1508 4307 1660 4353 sunt.
1742 4294 2036 4353 Enimvero

451 4408 685 4463 quarum
713 4408 892 4447 rerum
920 4401 1111 4447 nostro
1130 4391 1183 4445 in
1210 4391 1439 4446 arbitrio
1462 4390 1680 4445 habitus
1697 4398 1801 4451 est,
1820 4403 2038 4443 earum-

450 4485 571 4539 dem
602 4494 654 4539 et
692 4486 934 4540 actiones
979 4500 1101 4556 qua:
1136 4483 1205 4537 ab
1250 4482 1438 4537 habitu
1484 4482 1813 4551 proveniunt
1847 4488 2039 4534 nostro

454 4576 508 4630 in
556 4576 783 4631 arbitrio
827 4586 956 4632 sunt
1002 4594 1014 4631 :
1074 4574 1347 4645 siquidem
1405 4574 1652 4628 actiones
1701 4572 1772 4627 ad
1819 4570 2039 4624 habitus

455 4676 601 4723 recte
662 4668 1169 4722 accommodantur.
1219 4665 1323 4730 Qui
1384 4664 1532 4719 enim
1569 4662 1797 4733 justiti-.1:
1848 4660 2036 4715 ltabitu

2137 3479 2256 3525 νας.
2299 3462 2373 3515 Τὸ
2421 3462 2532 3534 γὰρ
2583 3461 2876 3533 μελετᾷνῆ
2932 3461 3412 3533 ἐπιγυμνάξεσθαι
3470 3462 3517 3494 ⁷⁰
3574 3458 3711 3529 παρὰ

2140 3555 2307 3608 πᾶσιν
2341 3553 2695 3624 ὡμολόγηται
2728 3555 2809 3607 ὅτι
2842 3554 2928 3623 ἐφ’
2958 3556 3096 3625 ἡμῖν
3122 3571 3135 3585 ο
3168 3555 3268 3624 οὐχ
3297 3554 3374 3618 ὡς
3398 3552 3569 3619 ἕξεις,
3608 3551 3711 3606 ἀλλ’

2139 3647 2215 3710 ὼς
2269 3646 2463 3715 κύριαι
2492 3645 2602 3698 τῶν
2629 3646 2797 3712 ἐξεων
2819 3663 2833 3678 ο
2885 3647 2942 3699 αἱ
2975 3645 3075 3715 μὲν
3103 3645 3214 3716 γὰρ
3253 3644 3482 3715 μελέται
3534 3644 3721 3715 κύριαι

2139 3738 2248 3792 τῶν
2277 3740 2444 3805 ἕξεων
2472 3740 2538 3793 τί.
2570 3738 2644 3792 Τὸ
2669 3738 2728 3793 δὲ
2758 3738 2902 3803 ἔθος,
2935 3739 3104 3808 φύσις
3135 3738 3453 3809 ἐπίκτητος.
3501 3738 3568 3791 Ἦ
3591 3737 3649 3791 δέ
3678 3739 3725 3772 ’³³

2142 3830 2311 3900 κυρία
2343 3830 2444 3899 τῆς
2480 3828 2649 3895 ἐξεὼς
2677 3832 2826 3885 ἐστιν
2860 3832 2895 3902 ή
2946 3830 3149 3901 μελέτη
3181 3831 3225 3863 ⁷³
3253 3844 3266 3858 ’
3310 3831 3397 3898 ἐφ’
3442 3830 3575 3901 ἡμῖν
3607 3829 3662 3883 δὲ
3692 3832 3725 3900 ἠ

2146 3921 2372 3993 μελέτη,
2423 3922 2509 3992 ἐφ’
2540 3924 2674 3993 ἡμῖν
2722 3923 2767 3955 ⁷⁸
2799 3923 2895 3976 καὶ⁵
2923 3924 2957 3993 ή
2990 3923 3105 3989 ἕξις
3130 3938 3143 3953 ·
3181 3914 3257 3977 ὧν
3287 3923 3344 3977 δὲ
3377 3924 3463 3993 ἐφ’
3500 3924 3637 3994 ήμῖν
3667 3922 3726 3976 αῖ

2142 4013 2309 4080 ἕξεις,
2338 4014 2545 4069 τούτων
2577 4013 2664 4085 ἐφ’
2693 4016 2827 4087 ἡμῖν
2864 4016 2960 4073 καὶ
2990 4018 3049 4069 αί
3077 4015 3333 4086 πράξεις,
3360 4018 3417 4069 αἱ
3454 4016 3598 4070 κατά
3627 4015 3729 4078 τὰς

2142 4103 2287 4171 ἕξεις
2312 4121 2326 4136 ·
2358 4108 2485 4170 ταῖς·
2523 4107 2635 4178 γὰρ
2664 4106 2813 4170 ἕξεσι
2852 4108 2897 4138 τ’
2928 4108 2986 4161 αἱ
3027 4106 3259 4179 πράξεις
3306 4106 3630 4179 πρόσφοροι.
3667 4103 3730 4158 'U

2143 4195 2253 4266 ἄρα
2282 4195 2501 4252 δικαίαν
2547 4198 2661 4266 ἕξιν
2701 4198 2843 4269 ἔχων
2876 4200 2921 4231 ⁷⁸
2948 4199 3134 4253 δίκαια
3172 4198 3375 4270 πράξει
3395 4212 3410 4229 °
3442 4197 3647 4269 ὁμοίως
3679 4196 3727 4228 ⁷⁷

2145 4292 2241 4343 καὶ
2274 4288 2303 4342 ό
2332 4289 2521 4344 ἄδικον
2549 4292 2613 4344 τδ
2641 4292 2912 4346 ἀνάπαλιν
2938 4308 2951 4321 -
2993 4291 3106 4347 τῶν
3136 4292 3247 4362 γὰρ
3281 4291 3482 4362 ἐπίσης
3516 4289 3730 4360 ἐνδεχο-

2148 4385 2351 4453 μένων,
2378 4386 2541 4455 ήμεϊς
2567 4384 2749 4457 κύριοι
2780 4385 2859 4457 τῷ
2887 4387 2932 4417 ⁷⁸
2959 4386 3207 4458 ἐνεργεῖν
3236 4402 3251 4417 ο
3276 4385 3478 4452 ἐπίσης
3500 4382 3559 4436 δέ
3581 4385 3728 4436 ἐστιν

2146 4476 2500 4546 ἐνδεχόμενον
2546 4477 2576 4530 ὃ
2622 4478 2756 4532 αὐτό
2797 4495 2858 4531 τε
2906 4478 3187 4547 δυνάμεθα
3235 4479 3277 4511 ⁷⁸
3302 4479 3499 4541 ποιεῖν,
3545 4474 3636 4528 καὶ
3663 4473 3726 4525 τὸ

2147 4568 2531 4639 ἀντικείμενον
2570 4569 2720 4641 αύτῷ
2752 4570 2800 4602 ⁸ο
2823 4586 2836 4603 ⁸
2875 4573 3115 4624 ποιεῖται
3147 4569 3193 4601 ⁸⁸
3226 4569 3282 4622 δὲ
3312 4567 3523 4623 τούτων
3550 4568 3593 4599 ⁸³
3626 4565 3725 4637 τὴν

2148 4659 2364 4730 αἰρεσιν
2403 4660 2432 4714 ὁ
2466 4660 2591 4724 νοῦς
2625 4664 2654 4715 ὁ
2684 4662 2955 4734 ἡμέτερος
2982 4676 2995 4691 ·
3050 4657 3207 4725 οὗτος
3261 4661 3370 4732 γάρ
3399 4663 3550 4715 ἐστιν
3587 4658 3728 4730 ἀρχὴ
3791 4690 3797 4701 ι

455 4758 716 4829 praeditus
752 4761 863 4831 28
891 4768 997 4825 est,
1031 4759 1181 4829 justa
1206 4765 1498 4827 operatur;
1538 4732 1593 4810 et
1616 4754 1809 4808 eodem
1843 4752 2029 4817 modo,

2141 4752 2398 4824 πράξεων
2423 4772 2438 4786 σ
2473 4756 2568 4809 καὶ
2593 4758 2625 4826 ή
2660 4732 2825 4827 βουλὴ
2856 4732 2905 4788 έ³
2938 4756 3050 4811 τῶν
3080 4756 3168 4826 ἐφ’
3192 4757 3328 4826 ἡμῖν
3358 4756 3512 4808 ἐστιν
3545 4753 3733 4825 ὥσπερ

456 4851 549 4921 qui
585 4852 885 4922 injustitiaa,
926 4851 1143 4906 diversa
1195 4848 1307 4919 agit
1343 4865 1356 4901 :
1414 4845 1682 4915 siquidem
1727 4860 1849 4917 quae
1892 4845 2039 4916 justa

459 4943 668 4998 ratione
692 4944 1008 5016 contingere
1026 4949 1281 5013 possunt,
1308 4938 1566 5007 perficere
1584 4946 1782 4993 nostra:
1813 4936 2041 4993 faculta-

459 5034 528 5090 tis
545 5044 630 5091 est
652 5050 897 5099 :verum,
917 5034 1059 5104 quod
1077 5033 1226 5103 justa
1259 5030 1474 5085 ratione
1494 5029 1809 5100 contingere
1838 5038 2038 5101 potest,

429 5195 433 5199 ἢ
459 5128 591 5183 illud
611 5129 754 5198 quod
781 5145 880 5185 nos
901 5128 1119 5185 efficere
1135 5140 1430 5195 possumus
1449 5134 1551 5193 est;
1573 5140 1679 5179 non
1703 5137 1881 5180 autem
1896 5125 2043 5196 quod

2143 4848 2238 4900 καὶ
2287 4847 2320 4916 ή
2374 4846 2730 4918 προαίρεσιςο
2769 4847 3050 4919 ὁρίζονται
3109 4846 3219 4915 γὰρ
3250 4847 3350 4916 τὴν
3408 4845 3736 4917 προαίρεσιν

2141 4936 2324 5010 ὄρεξιν
2360 4939 2715 5012 βουλευτικὴν
2743 4940 2794 4972 ⁸⁵
2820 4940 2931 4994 τῶν
2957 4940 3044 5011 ἐφ’
3078 4942 3212 5011 ἡμῖν
3235 4955 3249 4970 ·
3299 4940 3395 4991 καὶ
3420 4937 3597 4993 ταῦτα
3634 4938 3737 5005 μὲν

2143 5032 2389 5102 περὶτοῦ
2420 5034 2721 5105 τριμεροῦς
2750 5034 2819 5101 ⁸⁸,
2853 5034 2979 5089 ὅσον
3013 5033 3209 5105 μαθεῖν
3242 5031 3303 5101 ἐξ
3329 5033 3517 5101 ὀλίγον
3555 5031 3726 5084 πόθεν

2151 5124 2186 5195 ή
2218 5125 2431 5180 τούτων
2466 5127 2636 5198 ὁρμή.

458 5220 586 5277 huic
613 5221 1046 5292 contrapositum
1077 5219 1341 5291 habetur:
1376 5225 1430 5272 et
1486 5216 1706 5287 quidem
1760 5234 1915 5274 mens
1967 5226 2154 5273 nostra
2228 5217 2511 5273 voluntate
2559 5219 2797 5287 primum
2826 5219 3035 5283 utitur;
3098 5232 3227 5273 nam
3278 5217 3392 5273 hcce
3450 5216 3730 5271 actionum

460 5316 787 5386 principium
841 5325 927 5371 est
964 5333 977 5370 :
1010 5323 1065 5368 et
1101 5311 1560 5384 quemadmodum
1603 5311 1854 5368 voluntas
1899 5312 2036 5382 ipsa,
2077 5311 2268 5368 eodem
2304 5320 2464 5382 pacto
2527 5321 2580 5366 et
2612 5312 2905 5367 consilium
2934 5310 3106 5368 nostri
3168 5309 3383 5365 arbitrii
3442 5310 3676 5364 habetur
3712 5325 3729 5373 ;

463 5425 588 5465 nam
626 5411 956 5465 voluntatem
993 5410 1191 5479 ipsam,
1224 5424 1404 5463 rerum
1467 5423 1589 5478 qua:
1622 5408 1790 5461 nostri
1847 5407 2060 5461 arbitrii
2122 5420 2250 5462 sunt
2310 5407 2629 5477 appetitum,
2679 5407 2773 5475 qui
2797 5422 2923 5462 eum
2961 5405 3194 5462 consilio
3220 5405 3297 5473 fit,
3329 5418 3454 5461 esse
3485 5400 3735 5458 nonnulli

535 5569 581 5643 ⁸7
614 5565 1318 5643 κατὰ-,μὲνᾲἊριστοτέλην
1360 5576 1633 5643 φαντασία
1681 5571 1803 5628 κατ’
1843 5570 2129 5643 ἐνέργειαν
2159 5569 2461 5640 φαινομένη
2640 5565 2699 5633 Ρ,
2726 5564 3233 5643 ἐγκατῄαλελειμέῖη

464 5642 730 5718 Πλάτ-ωνα
761 5639 855 5718 ll,“
888 5640 964 5718 ῶς
988 5639 1080 5718 4δέ
1138 5644 1235 5718 in.
1270 5639 1406 5718 φησι
1470 5647 1511 5702 C
1572 5647 1632 5702 Ρ,
1724 5645 1770 5678 θ’
1806 5641 2004 5718 nictet“
2042 5639 2242 5718 textus,

3435 5561 3483 5595 ⁵⁸
3513 5557 3655 5613 κατὰ
3678 5556 3739 5610 δὲ

2297 5627 2389 5710 περ.
2445 5627 2796 5712 Exspectat;
2841 5710 2850 5712 _
2894 5637 2943 5712 ἐξ
2990 5627 3234 5712 sucidam
3287 5632 3453 5712 .13-?-
3484 5630 3591 5712 ..ξ’
3641 5627 3746 5712 κει

462 5689 859 5788 τῆἶε-ῖῗοίηηξΒ
891 5689 962 5788 ἐν
1126 5689 1788 5788 "Eadem-apem;
2726 5689 2799 5788 1'"
2835 5689 3259 5788 ἐπιλελησμένῇ
3280 5705 3330 5788 (ξ.
3346 5701 3408 5758 Ρ.
3482 5698 3740 5788 “.Efv‘dg-

464 5782 579 5857 τοῖς
771 5782 815 5815 ⁸⁸
848 5783 954 5857 τοῦ*
977 5784 1018 5839 Β
1053 5788 1092 5839 fl
1125 5785 1186 5840 P.
1214 5782 1225 5788 ’
1310 5787 1356 5820 ⁵⁸
1387 5782 1584 5857 ἀνδρία
1620 5782 1680 5842 Β.

464 5856 512 5887 ὀ
541 5853 633 5926 ἐπί
668 5852 1131 5926 τιᾼγυμνάζεσθαι
1164 5858 1223 5912 C.
1275 5861 1319 5891 “

466 5926 514 5959 ⁷⁸
539 5925 683 5993 ἔξεις
718 5922 782 5980 Α.

1813 5781 1856 5818 ⁸⁷
1899 5781 2307 5853 προαιρήσηται
2336 5781 2399 5837 C.

1357 5858 1457 5929 μὲν
1485 5847 1595 5912 om.
1627 5861 1670 5913 A
1712 5859 1749 5911 Β
1777 5857 1840 5912 C.
1901 5847 1955 5887 ⁷²’
1982 5857 2029 5907 εί
2054 5847 2210 5906 δίεἸῖ.⁷
2274 5853 2321 5885 ⁷³
2359 5852 2545 5936 ήημελ.
2581 5851 2637 5904 δὲ
2665 5849 2833 5918 κυρία
2863 5849 2961 5972 τῇς
2991 5847 3162 5913 ἐξέϐ.

1439 5929 1482 5961 ⁷⁷
1515 5930 1719 5972 Ilua-tim:
1773 5942 1884 5972 mn-
1945 5927 1981 5972 Α
2023 5926 2060 5972 ιι
2091 5924 2153 5972 f2.
2262 5924 2308 5956 ⁷⁸
2342 5939 2437 5972 του
2486 5923 2525 5972 (ι
2580 5921 2637 5972 Ρ.
2748 5921 2792 5953 ⁷³
2818 5938 2886 5972 au
2931 5944 2950 5970 λ
2984 5918 3012 5972 ὃ
3047 5918 3162 5971 δυν.

899 5928 948 5959 ⁷⁶
985 5928 1124 5998 ἔχων
1150 5927 1264 5993 egw
1287 5925 1371 5985 Β(
1439 5929 1482 5961 ⁷⁷
1515 5930 1719 5998 ὁμοίως
1773 5942 1884 5982 oin.
1942 5927 1984 5980 Α
2023 5926 2060 5998 li
2223 5925 2437 5998 _"_'toi
2580 5925 2637 5998 ί).
2713 5925 2792 5998 “7’
2818 5925 2950 5998 αὐτὸ

2509 5767 2694 5833 ωι’τῶν
2731 5778 2793 5832 C.
2871 5780 2914 5811 ⁸³
2942 5779 3028 5846 ἐφ’
3049 5767 3185 5848 ήμῖν
3214 5767 3272 5829 δὲ
3301 5772 3492 5844 ἄρχειν
3526 5769 3647 5824 ἐστὶ
3671 5767 3738 5824 Β.

2509 5857 2516 5877 l
2583 5851 2635 5877 ω.
2665 5849 2829 5877 ....-ι..
2863 5849 2961 5877 -3-
2991 5847 3051 5877 at:
3099 5848 3139 5877 ι’
3239 5846 3285 5877 τι
3317 5846 3401 5877 ιη’
3432 5844 3569 5877 διητ..
3600 5839 3709 5877 asa

2986 5839 3162 5913 ξξίίὲ.
3239 5846 3285 5877 ⁷⁵
3315 5839 3408 5913 ἐφ’
3432 5844 3569 5913 ἡμῖν
3600 5839 3740 5894 ὃὲΔ.

2984 5918 3012 5972 ὃ
3047 5918 3163 5971 δυν.
3209 5917 3250 5971 C
3299 5914 3359 5971 Ρ.
3437 5915 3485 5949 ⁸⁸
3513 5909 3648 5971 αὐτὸ
3674 5907 3738 5964 Β.

2262 5924 2308 5956 ⁷⁸
2342 5919 2437 5975 τοῦ
2486 5923 2525 5975 C
2580 5921 2637 5976 Ρ.
2748 5921 2792 5953 ⁷³
2818 5919 2886 5972 αὐ

471 5999 514 6033 ⁸¹
553 5986 698 6053 ποιεῖ
722 5995 783 6053 Β.
862 6000 907 6034 ⁸²
941 5986 1135 6055 τούτου
1165 5986 1210 6055 (ξ
1240 6000 1299 6056 Ρ.
1376 6000 1422 6033 ⁸³
1452 5986 1617 6072 βουλὴ
1644 5986 1762 6055 δὲ’ίὶ
1789 5998 1849 6055 Ρ.
1934 5998 1979 6031 ⁸³
2009 5994 2190 6067 ὄρεξις
2218 5993 2536 6067 βουλευτική
2570 5992 2635 6047 Α.
2712 5991 2755 6025 ⁸³
2786 5989 2848 6044 τὸ
2883 5988 3143 6062 τριμερὲς
3175 5988 3220 6044 Λ
3246 5986 3288 6046 C
3322 5986 3383 6043 Ρ.
