4138 6466
359 391 500 450 ΗΠ

1582 390 1668 444 DE
1708 388 1998 447 NATURA
2041 389 2350 447 IlOMlNlS.

3517 405 3654 466 IIIS

350 517 684 564 statuerunt:
711 517 766 562 et
795 488 910 564 haec
941 508 1161 578 quidem
1208 504 1465 575 atrtplici
1523 504 1723 558 animae
1750 504 1798 558 vi
1852 503 2298 572 proficiscuntur,
2349 519 2473 573 qua:
2537 506 2813 564 undenam
2875 509 3222 584 proveniant,
3265 531 3370 571 non
3419 518 3656 576 multum

351 619 476 680 post
507 615 858 678 perspectum
894 605 1174 660 reddetur.

422 705 488 758 Λί
516 702 575 757 δὲ
608 700 841 772 φυσικαὶ
868 700 914 731 ³⁸
939 698 1204 769 δυνάμεις
1249 697 1345 751 καὶ
1386 694 1619 761 ζωτικαὶ
1656 693 1752 747 καὶ
1781 692 1930 763 ψυχι·

2126 690 2419 749 Naturales
2443 701 2648 760 autem,
2675 696 2869 754 vitales
2889 707 2943 755 et
2966 700 3233 759 animales
3259 703 3566 775 facultates,
3587 711 3657 766 ab

343 799 443 853 καὶ
472 797 520 829 ⁸⁷
565 799 631 849 ἐκ
676 793 887 848 τούτων
914 792 1025 847 τῶν
1056 792 1227 864 τριῶν
1267 791 1314 822 ⁸⁸
1344 789 1699 861 ἐφορμῶνται
1729 804 1743 818 ·
1781 789 1840 839 ἐν
1876 789 1943 857 τῇ

347 891 549 962 καρδίᾳ
586 891 694 959 γάρ
739 891 859 942 ἐστι
888 888 951 941 τὸ
981 887 1228 957 ἔμφυτον
1273 885 1512 956 θερμόν’
1553 886 1611 936 ἐν
1652 883 1732 954 τῷ
1770 884 1944 953 ἥπατι

347 985 404 1039 δὲ
435 967 770 1052 ⁸⁹’γεννᾶται
796 981 857 1036 τὸ
887 976 1027 1052 αἷμα
1053 997 1066 1012 ο
1099 980 1195 1034 καὶ
1237 979 1298 1044 ἐξ
1337 977 1645 1047 ἐγκεφάλου
1683 977 1715 1046 ἡ
1745 993 1945 1046 προαι-

349 1075 544 1148 ρετική
566 1075 786 1145 κίνησις
811 1077 857 1109 ⁸ο
881 1076 1198 1147 ἐνεργεῖται
1218 1089 1231 1102 ·
1255 1072 1379 1126 ὅθεν
1401 1073 1433 1142 ἡ
1464 1071 1562 1142 μὲν
1579 1069 1870 1123 διαθάλπει
1897 1069 1940 1100 ⁸⁸

343 1170 407 1222 τὸ
426 1171 534 1224 πᾶν
562 1172 632 1241 τῇ
664 1169 1000 1242 θερμότητι·
1025 1169 1057 1239 η
1088 1168 1147 1221 δέ
1166 1166 1228 1220 τδ
1256 1165 1554 1237 θερμαῖνον
1581 1164 1626 1196 ⁰²
1650 1165 1716 1234 τῇ
1753 1161 1942 1233 ἰκμάδι

347 1260 660 1324 ὑπονοτίζει
685 1277 700 1293 '
746 1261 823 1324 ὼς
851 1260 919 1314 ἂν
961 1262 1028 1332 τῇ
1081 1259 1370 1330 ίσοκρατίᾳ
1395 1258 1498 1326 τῆς
1531 1256 1642 1310 τῶν
1679 1254 1942 1309 ἐναντίων

344 1354 637 1425 ποιότητος
671 1353 766 1405 ἐπὶ
801 1353 897 1406 τοῦ
934 1353 1104 1424 μέσου
1153 1353 1199 1384 9³
1244 1351 1567 1423 συντηροῖτο
1594 1349 1641 1382 ⁸⁸
1671 1349 1732 1402 τὸ
1765 1348 1938 1413 ζῶον·

347 1449 489 1519 μήτε
518 1448 611 1501 τοῦ
665 1447 835 1517 ὑγροῦ
872 1445 1372 1517 καταφρυγομένου
1419 1446 1464 1476 ³⁵
1494 1443 1572 1513 τῷ
1612 1441 1942 1514 πλεονασμῷ

341 1541 442 1613 τῆς
476 1541 822 1611 θερμότητος
845 1581 860 1606 ,
906 1540 1045 1609 μήτε
1076 1537 1171 1594 τοῦ
1219 1538 1427 1609 θερμοῦ
1477 1537 1844 1608 σϐεννυμένου
1873 1539 1939 1608 τῇ

343 1634 712 1706 ἐπικρατήσει
749 1633 846 1687 τοῦ
879 1632 1366 1704 καθυγραίνοντος.
1414 1633 1476 1685 Ἠ
1509 1633 1563 1686 δέ
1590 1632 1752 1704 τρίτη
1777 1631 1940 1686 δύνα-

345 1745 441 1798 μις
476 1728 692 1799 συνέχει
723 1729 790 1782 δι’
825 1729 998 1799 αὐτῆς
1027 1731 1072 1761 ⁹⁶
1100 1728 1246 1782 κατά
1279 1746 1404 1783 τινα
1436 1729 1717 1800 συμϐολήν
1754 1747 1813 1783 τε
1844 1729 1940 1785 καὶ

341 1821 617 1891 ἁρμονίαν
646 1822 714 1875 τὰ
731 1821 1136 1894 διακεκριμένα
1171 1824 1216 1854 ⁸⁷
1241 1822 1350 1876 τῶν
1389 1821 1635 1894 ἄρθρων,
1663 1825 1779 1886 τοῖς
1804 1825 1937 1894 παρ’

341 1915 548 1984 ἐαυτῆς
587 1915 916 1984 συνδέσμοις
948 1915 993 1947 ’⁸
1031 1915 1351 1986 ἁρμόζουσα
1372 1933 1384 1946 ’
1418 1917 1510 1969 καὶ
1540 1918 1708 1970 πᾶσιν
1736 1919 1780 1949 99
1813 1919 1935 1970 ἐπι-

340 2005 638 2074 πέμπουσα
665 2007 765 2078 τὴν
800 2008 1161 2078 αὐτοκίνητον
1192 2010 1286 2064 καὶ
1326 2010 1728 2082 προαιρετικὴν
1771 2011 1936 2064 δύνα⁴

343 2116 438 2168 μιν
459 2115 471 2126 ·
501 2094 571 2171 ἧς
595 2101 997 2172 ἐπιλειπούσης
1032 2104 1045 2133 ⁸
1073 2104 1316 2173 πάρετον
1351 2103 1562 2170 γίνεται
1601 2105 1697 2157 καὶ
1726 2105 1940 2176 νεκρῶο

339 2192 428 2256 δες
457 2192 518 2245 τὸ
551 2194 742 2266 σῶμα,
774 2195 870 2249 τοῦ
909 2196 1302 2267 προαιρετικοῦ
1344 2198 1663 2267 πνεύματος
1697 2201 1938 2271 ἀμοιρῆ-

341 2301 463 2338 σαν.
509 2287 622 2339 Καὶ
654 2287 764 2358 γὰρ
799 2289 1150 2361 ἀναισθήτων
1185 2289 1360 2343 ὄντων
1393 2288 1556 2358 φύσει
1596 2291 1708 2345 τῶν
1737 2294 1936 2360 ὀστῶν,

337 2377 683 2450 αἰσθητικοίς
725 2382 869 2437 αὐτὰ
914 2384 1134 2453 νεύροις
1186 2385 1218 2454 ἡ
1266 2386 1432 2454 φύσις
1473 2388 1836 2459 προσήρμοσέ
1879 2405 1937 2440 τε

335 2472 431 2526 καὶ
459 2473 639 2543 ἥνωσε
666 2491 679 2504 ⁸
725 2476 928 2546 μᾶλλον
968 2476 1026 2530 δέ
1055 2479 1084 2530 ὁ
1128 2477 1402 2547 δεσπότης
1441 2479 1542 2549 τῆς
1590 2479 1810 2549 φύσεως
1844 2481 1937 2534 καὶ

335 2566 704 2637 Δημιουργός.
736 2569 849 2622 Καὶ
877 2568 968 2624 διὰ
989 2570 1088 2639 τῆς
1118 2570 1441 2642 προσφυοῦς
1471 2571 1722 2636 ἐνώσεὼς
1754 2592 1814 2627 τε
1842 2575 1936 2627 καὶ

335 2657 606 2729 ἁρμονίας
630 2660 730 2725 τὰς
765 2661 1046 2732 συμϐολάς
1077 2663 1262 2718 αὐτῶν
1292 2664 1627 2734 ἐπισφίγξας
1649 2668 1690 2730 ⁵,
1715 2667 1805 2721 διὰ
1825 2667 1934 2720 τῶν

337 2752 656 2823 συνδέσμων
684 2753 786 2826 τὴν
815 2755 1078 2827 δεκτικὴν
1115 2757 1226 2810 τῶν
1259 2757 1576 2830 αἰσθήσεων
1603 2759 1790 2822 αὐτοῖς
1831 2778 1932 2814 ’πε-α

334 2843 665 2913 ριεφύτευσε
698 2845 720 2878 ³
754 2848 938 2918 σάρκα
962 2865 975 2879 ·
1022 2848 1196 2920 ἄλλην
1229 2867 1290 2904 τε
1337 2850 1794 2919 δυσπαθεστέραν
1838 2855 1934 2907 καὶ

332 2937 710 3010 εὐτονωτέραν
745 2939 769 2972 ⁸
813 2940 940 3012 δίχα
999 2943 1021 2974 ⁸
1074 2943 1250 3014 μυῶν,
1303 2944 1474 3015 ἢσὺν
1525 2946 1712 3008 αὐτοῖς
1763 2947 1784 2977 ⁸
1827 2945 1934 3014 πρὸ

331 3030 433 3102 τῆς
467 3031 798 3103 ἐπιφανείας
838 3035 1120 3108 ἐνείλησεν
1151 3037 1202 3069 τ’
1250 3033 1373 3091 εἶτα
1431 3039 1554 3108 μετ’
1606 3039 1829 3110 ἐκείνην
1870 3038 1933 3092 τὺ

331 3123 535 3198 δέρμα.

400 3295 589 3370 Ταύτῃ
618 3297 802 3351 τοίνυν
834 3299 900 3368 τῇ
956 3297 1167 3368 στεῤῥᾷ
1197 3296 1304 3349 τῶν
1337 3297 1545 3350 ὀστέων
1592 3297 1780 3366 φύσει,
1815 3292 1929 3350 οἷον

330 3388 546 3454 στύλοις
586 3389 730 3443 τισὶν
776 3389 1113 3460 ἀχθοφόροις
1158 3388 1278 3441 ὅλον
1317 3387 1339 3418 ⁸
1372 3388 1467 3441 τοῦ
1514 3389 1772 3459 σώματος
1805 3391 1926 3442 ἐπι-

2057 784 2144 840 his
2181 786 2358 840 tribus
2402 789 2772 858 proveniunt;
2807 807 2932 847 nam
2967 795 3118 850 calor
3151 797 3351 855 insitus
3405 801 3459 856 in
3491 805 3658 860 corde

2053 879 2344 946 consistit;
2372 880 2660 950 sanguinis
2695 891 2878 938 autem
2912 884 2965 939 in
3023 885 3269 956 jecinore
3305 890 3363 944 tit
3389 895 3658 952 constitu-

2057 972 2151 1027 tio.
2196 971 2552 1028 Voluntarius
2603 990 2733 1030 vero
2785 986 2967 1032 motus
3007 994 3037 1033 a
3073 982 3299 1037 cerebro
3342 987 3484 1055 agit;
3519 1004 3655 1058 qua-

2053 1075 2296 1137 pr0pter,
2325 1082 2356 1122 a
2392 1067 2559 1123 corde
2606 1069 2726 1138 ipso
2769 1077 2942 1125 totum
2982 1087 3184 1144 corpus
3231 1086 3484 1132 nostrum
3517 1082 3654 1136 cali-

2052 1159 2182 1213 dum
2231 1159 2511 1228 redditur;
2551 1160 2620 1215 ab
2658 1161 2884 1217 humido
2914 1180 3048 1219 vero
3082 1167 3464 1235 cerebri,illud
3507 1173 3652 1242 quod

2052 1253 2288 1309 calorem
2307 1254 2508 1310 emittit
2535 1256 2916 1325 humectatur;
2952 1259 3077 1316 inde
3109 1262 3168 1315 fit
3209 1273 3289 1329 ut,
3325 1263 3380 1318 in
3405 1268 3651 1336 compari

2052 1347 2117 1402 ad
2145 1348 2376 1402 invicem
2399 1348 2743 1404 diversarum
2784 1351 3110 1421 qualitatum
3137 1364 3423 1424 potestate,
3444 1369 3654 1414 utrum-

2051 1455 2157 1509 que
2187 1440 2460 1496 incolume
2496 1452 2768 1508 servetur,
2794 1443 2924 1498 dum
2957 1461 3065 1500 non
3092 1461 3188 1515 per
3219 1449 3424 1504 caloris
3461 1466 3652 1507 exces-

2050 1547 2196 1598 sum,
2235 1533 2379 1604 quod
2439 1534 2730 1590 humidum
2784 1546 2869 1592 est
2921 1538 3156 1607 arescit;
3200 1543 3460 1613 quodque
3511 1546 3648 1600 cali-

2049 1626 2180 1679 dum
2221 1636 2342 1690 est,
2395 1627 2630 1684 humore
2686 1640 3053 1700 exsuperante
3098 1647 3208 1687 non
3253 1636 3645 1706 exsﬁnguitur.

2049 1717 2182 1786 Qua:
2215 1735 2345 1776 vero
2395 1722 2555 1776 tertia
2609 1723 2806 1777 harum
2853 1723 3177 1780 facultatum
3230 1736 3349 1792 est,
3391 1729 3648 1788 distincta

2049 1813 2294 1867 membra
2349 1829 2448 1869 sua
2490 1817 2753 1885 peculiari
2783 1818 2856 1882 vi,
2889 1833 3189 1890 congressu
3235 1823 3476 1890 quodam
3515 1825 3646 1880 har—

2049 1907 2343 1977 moniaque
2384 1909 2667 1976 continet;
2705 1927 2829 1964 cum
2868 1911 2987 1982 ipsa
3018 1915 3254 1984 propriis
3295 1913 3494 1973 officiis
3525 1932 3646 1986 usa,

2047 2001 2165 2057 suis
2193 2017 2257 2057 ea
2283 2002 2463 2057 modis
2484 2004 2730 2075 adaptat,
2770 2020 2872 2060 nec
2899 2021 3009 2061 non
3035 2009 3322 2076 spontanci
3356 2024 3421 2064 ac
3451 2010 3648 2064 volun-

1981 2083 2018 2138 Β
2048 2094 2172 2149 tarii
2205 2103 2392 2152 motus
2424 2095 2740 2152 facultatem
2763 2098 3379 2170 omnibusimpartitur,
3417 2117 3524 2171 qua
3552 2106 3648 2158 de-

2041 2185 2278 2255 ficiente,
2311 2203 2510 2258 corpus
2554 2191 2866 2246 voluntario
2926 2193 3122 2262 spiritu
3171 2194 3515 2261 destitutum,
3553 2210 3645 2251 rc-

2040 2280 2269 2336 missum
2321 2282 2488 2336 simul
2546 2282 3008 2353 mortiferumque
3061 2286 3319 2341 efficitur.
3387 2285 3642 2352 Etenim.

2039 2385 2165 2426 cum
2195 2387 2323 2426 ossa
2362 2388 2561 2429 sensus
2589 2375 2836 2444 expertia
2866 2384 3063 2430 natura
3096 2377 3426 2446 habeantur,
3449 2379 3641 2434 eadem

1972 2465 1982 2474 '
2037 2473 2232 2518 natura
2261 2465 2400 2534 ipsa,
2433 2464 2516 2520 vel
2572 2466 2754 2535 potius
2789 2469 2882 2537 qui
2947 2469 3051 2538 ipsi
3108 2469 3448 2538 dominatur,
3487 2489 3643 2529 eam.-

2037 2571 2147 2628 que
2208 2558 2439 2622 creat-it,
2499 2561 2852 2616 sensualibus
2909 2563 3093 2621 nervis
3147 2565 3422 2634 cooptavit
3473 2575 3641 2636 atque

2037 2652 2345 2722 conjunxit.
2389 2652 2456 2708 Et
2493 2669 2619 2709 cum
2660 2657 3070 2713 accommodata
3114 2657 3476 2726 eonnexione,
3505 2675 3641 2714 con-

2036 2744 2297 2812 cordique
2319 2744 2554 2798 invicem
2598 2745 2888 2800 harmonia
2923 2747 3400 2819 constringantur,
3457 2760 3514 2805 et
3545 2765 3641 2806 ce-

2036 2835 2317 2891 hzerentim
2349 2851 2540 2891 eorum
2580 2837 2893 2908 ligamentis
2942 2853 3204 2895 conncxae
3265 2840 3396 2909 sint,
3445 2857 3636 2909 carne,

2037 2943 2164 2997 quae
2207 2943 2433 2984 sensum
2474 2931 2760 3000 percipere
2821 2931 3016 2986 idonea
3060 2942 3166 2996 est,
3202 2933 3319 3003 ipsa
3397 2934 3641 2991 circum-

2035 3019 2224 3089 sepsit,
2251 3020 2527 3090 aliamque
2567 3021 2937 3077 robustiorem
2975 3031 3030 3077 et
3055 3021 3338 3079 fortiorem
3391 3041 3488 3096 per
3514 3043 3639 3084 mu-

2033 3111 2217 3166 sculos
2245 3120 2300 3166 et
2335 3112 2628 3183 ligamenta
2659 3114 2763 3168 sub
2791 3115 2906 3184 ipsa
2946 3096 3238 3184 sup’erlicie
3272 3117 3592 3188 complicuit
3613 3159 3632 3186 ,

2033 3212 2088 3257 et
2111 3203 2195 3257 his
2218 3214 2493 3273 postremo
2521 3216 2699 3261 cutem
2733 3207 3140 3276 superinduxit.

2103 3295 2241 3350 Cum
2276 3297 2441 3367 igitur
2466 3309 2676 3353 natura:
2698 3299 2874 3369 ipsius
2895 3301 3174 3371 princeps,
3210 3301 3298 3357 his
3325 3302 3517 3360 solidis
3550 3318 3636 3360 os-

2033 3385 2186 3441 sibus
2212 3387 2605 3444 celtcolumnis
2632 3390 2961 3458 quibusdam
2992 3391 3103 3464 29
3130 3393 3373 3463 pondera
3407 3403 3632 3465 gestan-

327 3483 445 3545 θεὶς
475 3485 496 3516 ⁸
527 3483 588 3534 τὸ
615 3456 932 3552 βάροςξοὺκ
971 3456 1284 3550 ἀδιαίρετον
1314 3481 1551 3548 ἐνέφυσε
1681 3483 1845 3534 παντὶ
1884 3483 1926 3513 ¹⁰

2032 3477 2178 3533 tibus
2202 3479 2372 3534 totius
2405 3480 2732 3535 acclinasset
2752 3484 3001 3552 corporis
3035 3485 3257 3553 molem,
3291 3501 3400 3540 non
3428 3486 3631 3543 indivi-

327 3576 388 3627 τὸ
416 3573 636 3626 ὀστέον·
669 3573 930 3642 ἀκίνητος
961 3571 1072 3642 γὰρ
1125 3571 1193 3625 ἂν
1224 3574 1320 3624 καὶ
1363 3573 1669 3644 άνέργητος
1706 3575 1748 3605 ¹¹
1781 3574 1926 3645 έμειο

327 3685 440 3734 νεν,
471 3669 518 3720 εί
556 3666 702 3720 οὕτω
731 3665 1084 3735 κατασκευῆς
1107 3666 1152 3698 ³³
1179 3665 1471 3736 ἄνθρωπος
1500 3662 1638 3737 εἷχε,
1669 3667 1925 3742 καθάπερ

325 3775 378 3812 τι
414 3758 634 3830 δένδρον
680 3759 765 3828 ἐφ’
797 3761 920 3822 ἐνὸς
950 3759 1121 3812 τόπου
1169 3759 1350 3829 μένων
1386 3758 1431 3790 ¹³
1453 3773 1468 3790 ⁶
1502 3762 1642 3831 μήτε
1673 3761 1770 3832 τῆς
1813 3761 1924 3815 τῶν

328 3849 542 3903 σκελῶν
574 3849 834 3920 διαδοχῆς
883 3850 930 3882 ⁸⁸
964 3849 1059 3902 ἐπὶ
1089 3849 1150 3903 τὸ
1187 3850 1231 3883 ³⁵
1265 3851 1456 3919 πρόσω
1494 3851 1851 3924 προαγούσης
1882 3853 1924 3885 ¹⁶

324 3941 424 4013 τὴν
454 3944 709 4012 κίνησινο
749 3944 892 4014 μήτε
922 3943 1022 4014 τῆς
1064 3943 1174 3997 τῶν
1204 3942 1409 4015 χειρῶν
1443 3943 1753 4016 ὑπουργίας
1787 3962 1923 4018 χρη-

327 4039 499 4109 σίμης
538 4037 710 4111 οὔσης
738 4039 781 4071 ίτ
820 4037 900 4109 τῷ
943 4037 1074 4110 βίῳ,
1109 4038 1228 4092 ἀλλ’
1266 4039 1349 4102 εἰς
1389 4040 1588 4111 μηρὸν,
1630 4038 1724 4093 καί
1747 4040 1877 4108 γόνυ
1903 4079 1919 4104 ,

323 4129 420 4184 καὶ
446 4130 801 4200 ἐπιγονατίδα
833 4131 899 4198 ’⁸,
932 4131 1028 4184 καὶ
1055 4129 1271 4193 σκέλος,
1297 4130 1392 4184 καὶ¹
1428 4129 1798 4202 ἀστράγαλον,
1827 4131 1922 4183 καὶ

321 4224 648 4292 δακτύλους,
675 4224 768 4279 τὸν
793 4224 933 4279 πόδα
965 4225 1352 4296 καταμερίσας
1381 4226 1447 4288 ιο,
1485 4225 1581 4279 καὶ
1611 4225 1702 4278 διὰ
1728 4225 1837 4278 τῶν
1861 4224 1922 4290 ἐξ

321 4317 499 4372 ὀστῶν
558 4319 878 4391 συνδέσμων
925 4319 1092 4373 πάλιν
1136 4320 1410 4390 τεχνικῶς
1478 4319 1760 4392 συνδήσας
1823 4321 1921 4374 καὶ

321 4411 661 4484 ἐναρμόσας,
697 4414 1068 4484 μεταϐατικὸν
1101 4409 1242 4468 εἶναι
1265 4414 1360 4467 καὶ
1393 4413 1705 4484 πρακτικὸν
1727 4413 1788 4466 τὸ
1822 4413 1916 4485 ὀρ-

321 4522 488 4573 γανον
515 4508 617 4577 τῆς
647 4505 832 4577 ψυχῆς
863 4507 953 4561 διὰ
973 4507 1076 4578 τῆς
1103 4507 1354 4570 ἐπινοίας
1385 4505 1593 4577 ταύτης
1625 4508 1919 4578 ἐμηχανή-

323 4615 479 4652 σατο.
503 4597 679 4653 Τοῦτο
698 4600 795 4653 καὶ
822 4599 1042 4654 ἐπὶτῶν
1088 4599 1316 4672 χειρῶν,
1356 4599 1450 4652 καὶ
1481 4596 1712 4669 αὐχένος
1741 4601 1787 4630 ¹⁰
1825 4599 1920 4652 καὶ

321 4690 571 4762 στέρνου,
612 4692 710 4747 καὶ
741 4692 994 4764 ῥάχεως,
1028 4695 1125 4747 καὶ
1160 4693 1254 4747 ἐπὶ
1279 4692 1504 4748 πάντων
1539 4691 1650 4745 τῶν
1671 4691 1768 4744 τοῦ
1809 4691 1915 4745 σώ-

2030 3567 2175 3625 sibili
2221 3585 2347 3626 osse
2389 3573 2631 3643 undique
2676 3573 2808 3629 illud
2858 3574 3139 3645 formavit,
3189 3593 3258 3633 ne
3297 3579 3400 3634 sibi
3446 3588 3632 3637 motus

2028 3663 2419 3734 actionumque
2455 3664 2689 3722 facultas
2727 3668 3167 3739 intcrciperetur,
3197 3680 3313 3737 aut,
3338 3675 3509 3729 veluti
3542 3691 3630 3729 ar-

2026 3757 2130 3812 bor
2152 3775 2259 3814 uno
2279 3759 2330 3812 in
2355 3760 2476 3816 loco
2499 3762 2792 3826 exsistens,
2816 3763 2995 3817 omnis
3024 3765 3261 3820 actionis
3293 3781 3488 3837 expers
3511 3767 3631 3822 effi—

2028 3863 2261 3919 ceretur,
2283 3863 2343 3908 ut
2364 3869 2539 3925 neque
2562 3855 2762 3924 pedum
2787 3855 3094 3912 ministerio
3125 3858 3190 3912 ad
3226 3859 3486 3915 ulteriora
3512 3876 3630 3915 nio-

2028 3951 2142 3998 tum
2175 3946 2550 4014 promovendo
2582 3947 2655 4001 uti
2698 3957 2883 4016 queat,
2910 3963 3084 4020 neque
3115 3965 3379 4004 manuum
3428 3952 3496 4006 ad
3564 3967 3628 4008 ea

2026 4053 2151 4109 quae
2171 4039 2294 4093 vita:
2323 4039 2637 4096 conducant
2666 4040 2909 4096 officium
2941 4051 3273 4114 suppeteret.
3309 4041 3413 4097 Sed
3435 4045 3625 4114 pedem

2026 4129 2202 4200 ipsum
2236 4129 2290 4183 in
2311 4127 2511 4195 femur,
2540 4146 2700 4201 genu,
2733 4132 3009 4202 patellam,
3034 4133 3218 4187 tibiam
3246 4133 3546 4206 talumque,
3572 4147 3628 4193 et

2025 4223 2226 4294 digitos
2260 4225 2494 4292 partitus
2519 4234 2638 4292 est;
2672 4225 2767 4296 qui
2809 4226 3002 4296 optimi
3029 4226 3254 4283 artificis
3278 4226 3462 4282 ofﬁcio
3500 4228 3625 4284 fun-

2025 4327 2167 4380 etus,
2196 4319 2404 4374 ossium
2440 4319 2622 4374 denuo
2645 4320 2956 4391 ligamentis
2990 4321 3330 4376 conserendo
3360 4322 3626 4393 adaptanv

2025 4410 2230 4482 doque,
2264 4411 2512 4466 mutandi
2546 4413 2678 4479 loci,
2728 4411 3106 4483 elliciendique
3145 4413 3329 4484 operis
3364 4414 3623 4470 idoneum

2025 4505 2222 4558 animae
2254 4505 2679 4560 instrumentum
2708 4513 2982 4560 structura
2999 4505 3102 4560 hac
3119 4505 3341 4562 molitus
3364 4516 3464 4564 est.
3493 4505 3626 4565 Tale

2024 4595 2188 4650 etiam
2219 4596 2272 4650 in
2300 4596 2556 4651 manibus
2576 4638 2590 4661 ,
2613 4597 2846 4662 cervice,
2876 4606 3118 4668 pectore,
3153 4598 3444 4671 spinaque,
3469 4609 3524 4655 et
3549 4601 3625 4658 si-

2025 4687 2139 4742 mul
2171 4689 2432 4744 omnibus
2470 4691 2721 4761 corporis
2756 4691 3004 4762 partibus
3035 4691 3168 4763 egit,
3210 4693 3378 4762 quod,
3419 4693 3489 4748 ob
3523 4710 3623 4751 na-

322 4799 496 4852 ματος
525 4782 731 4855 μορίων
764 4785 1098 4856 είργάσατο’
1131 4785 1209 4857 τῷ
1239 4783 1616 4858 προαιρετικῷ
1643 4783 1912 4856 πνεύματι

2032 4789 2161 4836 tura:
2190 4782 2432 4837 studium
2457 4785 2752 4855 quodpiam
2781 4783 3077 4840 voluntarii
3103 4786 3328 4856 spiritus
3351 4787 3530 4843 cilicio
3562 4788 3618 4843 in

318 4878 466 4932 κατά
492 4895 619 4934 τινα
650 4877 868 4949 φύσεως
912 4879 1234 4949 οἰκονομίαν
1276 4879 1337 4932 ἐν
1380 4880 1495 4942 τοῖς
1527 4877 1650 4930 καθ’
1682 4876 1917 4934 ἕκαστον

317 4971 425 5026 τῶν
453 4972 730 5044 ἁρμονιῶν
751 4971 1160 5043 ἐνεργουμένην
1180 4972 1249 5024 ¹¹.

389 5067 504 5122 Καὶ
542 5067 642 5122 θέα
687 5083 780 5138 μοι
819 5067 865 5098 ⁸⁸
907 5066 1108 5139 τέχνην
1155 5063 1410 5134 ἐντέχνου
1440 5064 1487 5096 ’³
1521 5062 1907 5135 Δημιουργοῦο

315 5156 383 5212 τὰ
416 5157 465 5191 ³⁸
495 5159 594 5230 μὲν
621 5158 732 5229 γὰρ
761 5157 868 5213 τῶν
910 5157 1088 5211 ὀστῶν
1115 5157 1366 5210 ἐκοίλανε
1389 5197 1404 5222 ,
1437 5157 1508 5210 τὰ
1535 5157 1580 5187 ²⁵
1609 5156 1666 5208 δέ
1691 5155 1752 5208 οὕ
1777 5170 1790 5184 ⁸
1818 5155 1912 5208 καὶ

314 5253 385 5307 τὰ
418 5255 519 5324 μὲν
554 5255 803 5326 μεγάλα,
843 5253 914 5307 τὰ
943 5253 1001 5308 δέ
1033 5251 1246 5324 σμικρὰ
1290 5253 1519 5324 ἐποίησε
1556 5252 1623 5306 ³⁸.
1657 5251 1767 5305 Καὶ
1797 5252 1911 5314 τοῖς

388 5414 438 5448 ⁸⁸
470 5413 566 5467 καὶ
593 5432 652 5468 ιο.
683 5413 738 5467 δέ
769 5414 827 5468 Β.
921 5413 966 5445 ⁸⁷
996 5414 1090 5466 καὶ
1113 5413 1244 5468 dum.
1290 5427 1398 5467 om.
1425 5412 1465 5467 A
1508 5412 1548 5463 Β
1578 5410 1638 5466 C.

318 5494 453 5541 text.
513 5485 558 5516 ’³

315 5557 363 5590 ⁸⁸
393 5557 463 5612 δι’
520 5555 723 5625 ἐαυτῆς
773 5555 816 5610 C
871 5553 930 5608 P.

921 5413 966 5445 ⁸⁷
996 5414 1090 5466 καὶ
1113 5413 1244 5482 ψυχ.

1030 5556 1074 5586 ⁸⁷
1101 5552 1562 5623 διακεκρυμμένα
1612 5552 1658 5606 Α
1685 5552 1749 5608 C.

315 5628 360 5661 ”
391 5629 577 5684 πᾶσαν
603 5620 690 5680 (λ’
746 5625 763 5655 ¹
793 5624 1160 5695 ἐπιλιπούσης
1176 5624 1239 5679 tl.
1305 5620 1337 5655 ’³
1357 5620 1653 5693 ἐπισφίξας
1676 5624 1736 5695 Β.
1799 5622 1818 5653 ³
1850 5620 2164 5695 περιέφυσεγ
2190 5622 2252 5680 C.
2311 5625 2331 5655 ⁸
2361 5620 2718 5695 εὐτονοτέραν
2742 5620 2816 5695 BZ
2854 5623 2888 5695 _'
2918 5623 3008 5695 διά
3034 5620 3144 5695 ΑΟ
3177 5621 3236 5695 Ρ.
3300 5622 3321 5652 ⁸

1330 5695 1358 5778 ξ
1373 5690 1514 5778 ὅλον
1538 5711 1648 5778 orn.
1685 5694 1757 5778 Β.ζ
1813 5690 2278 5778 ’.ἐπιθεῖσαβέλ
2337 5694 2522 5778 λθ.τοῦ
2557 5690 2758 5778 adyto;
2950 5764 2960 5778 ἱ
2995 5694 3042 5778 ¹Ιξ
3069 5690 3432 5778 ἀνενέργητος

311 5701 382 5773 ῆν
402 5698 509 5753 σύν
532 5697 656 5754 αὐτ.
685 5695 763 5773 C._
855 5691 1229 5773 évsikqtpevc.

639 5453 652 5467 .
683 5413 738 5467 δέ
769 5414 827 5468 Β.
921 5413 966 5445 ⁸⁷
996 5414 1090 5466 καὶ
1113 5413 1244 5482 ψυχ.
1290 5427 1398 5467 om.
1425 5412 1465 5467 A
1508 5412 1548 5463 Β
1578 5410 1638 5466 C.
1727 5409 1774 5442 ⁸⁸
1810 5409 1905 5462 καὶ
1930 5411 1999 5463 ἐκ
2029 5427 2081 5465 τ.
2121 5410 2230 5464 τῶν
2261 5410 2451 5464 αἰτίων
2478 5410 2538 5464 Β.
2642 5410 2687 5442 ⁸⁹
2713 5410 2770 5464 δὲ
2795 5425 2910 5464 .om.
2939 5410 2982 5462 B
3008 5409 3068 5464 Ρ.
3161 5410 3206 5442 ⁰⁰
3235 5409 3466 5479 δύναμις
3490 5409 3532 5464 C
3570 5409 3602 5462 l‘

633 5484 800 5565 άλιτει
831 5483 891 5538 C.
948 5483 993 5514 ⁹²
1031 5485 1092 5536 τὸ
1119 5484 1551 5553 θερμαινόμενον
1585 5482 1647 5538 C.
1727 5481 1774 5514 "
1802 5481 1898 5582 tu}
1927 5499 1978 5536 τ.
2003 5495 2126 5536 cum
2155 5482 2302 5573 hiatu
2335 5481 2424 5568 Ο..
2475 5481 2522 5513 ’δ
2561 5484 2822 5586 συντηρροῖ
2856 5481 3004 5604 Β.δ⁹⁵
3034 5479 3522 5606 ἴατοὲφλεέρμένὲυ

633 5572 723 5673 ff“
746 5552 1658 5673 ιἓπ5·ιποέζῗέαιῗῗκευέ¹ἒεῖέιζῗεαῗ
1677 5552 1749 5673 gf
1799 5622 1818 5653 ι
1850 5552 2165 5673 ἓτεοῖέωῗὲἕ
2190 5552 3008 5673 ciaitféioviiié‘ii‘nWas
3034 5621 3080 5673 Α
3103 5567 3150 5673 ἑ
3177 5589 3239 5673 Ιίῖ
3300 5622 3321 5652 ο
3343 5549 3512 5673 ’λ’και
3543 5591 3602 5673 si

1944 5570 1996 5606 τ.
2047 5569 2454 5624 παρχεαυτοις
2519 5569 2757 5624 οεσμοις
2795 5569 2991 5624 [συνο.
3041 5569 3079 5624 ι’
3115 5569 3239 5624 ξος.
3282 5569 3406 5624 ut],
3458 5569 3499 5624 ι.
3545 5569 3603 5624 ις.

2025 4876 2269 4950 qualibet
2305 4885 2461 4949 parte
2490 4877 2750 4936 concordi
2779 4894 2924 4935 nexu
2972 4878 3248 4950 c0pulata,
3279 4880 3614 4952 exsequitur.

2091 5066 2206 5137 Age
2227 5064 2341 5136 jam
2368 5065 2583 5135 insigne
2606 5066 2883 5123 Creatoris
2910 5067 3045 5123 artis
3071 5082 3209 5138 opus
3235 5065 3612 5137 inspiciamus.

2019 5155 2156 5212 Nam
2174 5157 2420 5227 quaedam
2437 5173 2561 5213 ossa
2575 5160 2945 5224 coneava,alia
2962 5173 3092 5214 vero
3109 5157 3333 5212 minimc
3346 5171 3610 5220 concava,

2018 5259 2072 5307 et
2120 5249 2371 5321 quadam
2410 5251 2660 5323 grandia,
2695 5249 2803 5306 alia
2832 5258 3015 5307 autem
3054 5265 3223 5322 parva
3278 5247 3607 5319 procreavit.

2642 5410 2687 5442 θ’
2713 5410 2770 5464 δὲ
2795 5425 2910 5464 .om.
2939 5410 2982 5462 B
3008 5409 3068 5464 Ρ.
3161 5410 3206 5442 ⁰⁰
3235 5407 3466 5479 δύναμις
3490 5407 3532 5464 C
3569 5407 3609 5462 Ρ

3420 5622 3512 5675 καὶ
3543 5622 3604 5684 Β,

3376 5663 3386 5693 Α

383 5767 858 5852 κατασκευασθεὶς
879 5782 1001 5852 pro:
1026 5761 1066 5818 ὀ
1089 5764 1289 5852 Ρ]
1329 5764 1501 5852 ἄνθρζ
1540 5761 1689 5852 εἶχεν
1842 5765 1886 5797 ³³
1913 5766 2077 5835 μένον
2123 5765 2162 5818 Β
2192 5764 2253 5852 Ρἐ
2337 5768 2380 5852 ξ’
2401 5765 2684 5852 διαγωχῆς
2707 5763 2806 5852 PA1
2833 5767 2880 5852 ’ξ
2904 5764 2975 5852 *ξἱὰ
3003 5762 3065 5819 Β.
3091 5765 3170 5852 ﬂ“
3196 5761 3601 5852 ἀγούσης-ϐόξ

313 5843 358 5875 ιτ
388 5839 841 5966 χρησιὶμευούσης
877 5837 916 5890 Β
960 5835 1021 5892 C.
1090 5835 1164 5870 ’ίδ
1193 5835 1540 5905 ἐπίγονοτίδα
1583 5835 1642 5890 Β.

313 5913 438 5966 any.
469 5911 512 5966 C
590 5951 604 5966 .
682 5912 724 5943 ¹¹
761 5908 1168 5966 ἐνεργουμένης
1201 5907 1242 5965 C
1271 5907 1333 5964 P.
1411 5910 1456 5940 “
1487 5908 1642 5966 eam

311 5911 438 5983 αύχ.
469 5911 512 5969 C

682 5839 841 5909 )ύσης
877 5837 916 5890 Β
960 5837 1021 5892 C.
1093 5837 1164 5870 ί¹⁸
1193 5837 1540 5905 ἐπιγονοτίδα
1583 5837 1642 5890 Β.
1723 5837 1766 5869 ²⁹
1793 5853 2002 5906 καταμ.
2053 5853 2105 5889 τ.
2152 5837 2274 5891 ποδ.
2337 5837 2491 5909 [τοὺς
2523 5837 2694 5900 πόδας
2731 5837 2806 5908 ,1³]
2841 5837 2883 5891 C
2912 5837 2975 5890 P.
3091 5838 3137 5868 “
3171 5837 3266 5888 καὶ
3308 5837 3597 5921 αύτοῦητοῦ

682 5912 724 5943 ¹¹
761 5908 1168 5982 ἐνεργουμένης
1201 5907 1242 5965 C
1271 5907 1333 5964 P.
1411 5910 1456 5940 ”
1487 5908 1708 5980 θέμενοι
1743 5907 1803 5962 Β.
1883 5908 1928 5940 ’³
1950 5907 2216 5977 ἐντέχνως
2251 5907 2312 5962 Β.
2356 5908 2402 5939 ’⁸
2428 5909 2542 5971 τοῖς
2581 5906 2642 5960 Β.
2720 5909 2765 5940 ’⁸
2796 5908 2908 5971 τοῖς
2936 5906 2999 5962 Β.
3078 5908 3126 5940 ⁸⁸
3153 5906 3424 5976 πεποίηκε
3460 5904 3503 5960 (Δ
3535 5903 3597 5959 P.

2053 5853 2105 5909 τ.
2152 5837 2282 5909 ἰεοδ1
2337 5833 2694 5909 [τοὺςπόῥας
2731 5833 2806 5908 Ρ]
3091 5838 3137 5909 ’ᾖ
3171 5837 3266 5888 καὶ
3308 5833 3603 5909 αὐτού-τοῦ
