4138 6472
506 401 646 460 1119

1812 380 2093 437 HELETII
2133 377 2442 437 MONACIII

3645 373 3784 429 “20

504 516 707 573 l'ltaliis
732 512 951 584 quidem
984 509 1278 566 medullam
1306 505 1547 569 inclusit,
1582 502 1688 557 alia
1718 508 1898 555 autem
1927 499 2081 552 durae
2111 565 2115 575 ‘

2219 496 2289 551 ,ὶν
2324 494 2523 566 μυελὸν
2556 495 2834 548 ἐνέκλεισε
2858 533 2873 558 ,
2916 494 3030 558 τοῖς
3056 492 3117 547 δὲ
3162 493 3407 567 σκληρὰν
3435 509 3495 546 τε
3530 492 3627 545 καὶ
3660 508 3787 545 στε-

505 608 801 676 solidseque
847 614 1079 668 naturae,
1109 602 1215 656 alia
1260 602 1398 655 laxae
1437 614 1501 653 ac
1545 594 1831 651 imbecillis
1878 591 2086 646 consti-

508 699 632 753 tuit.
682 694 958 750 Nonnulla
1009 709 1138 748 vero
1201 692 1398 746 adnata
1456 686 1774 757 appendice,
1819 684 1924 737 alia
1975 697 2088 737 cer-

507 792 624 846 vice
663 786 887 859 praedita
915 784 1240 856 procreavit,
1276 782 1596 851 etquaedam
1631 779 1805 841 unita,
1832 776 1936 829 alia
1963 789 2091 830 vero

508 879 861 949 composita:
910 886 965 931 et
1018 873 1281 929 nonnulla
1332 869 1787 932 coarticulantur,
1839 868 2087 937 quazdam

509 986 641 1025 vero
708 964 1181 1022 articulationibus
1245 961 1630 1031 copulantur:
1683 959 1790 1012 alia
1857 957 2091 1012 invicem

511 1068 783 1128 coaptata,
835 1057 940 1111 alia
998 1052 1304 1123 composita
1369 1059 1518 1116 sunt,
1564 1050 1814 1120 quaedam
1860 1047 2093 1112 suturis,

512 1151 752 1222 quaedam
772 1147 1057 1202 harmonia
1079 1146 1374 1201 coluerent.
1391 1143 1508 1197 Alia
1531 1153 1713 1197 autem
1731 1142 1797 1195 ad
1818 1141 1952 1197 clavi
1979 1154 2097 1194 mo-

511 1241 639 1296 dum
661 1241 822 1295 inﬁxa
851 1249 1000 1302 sunt,
1040 1238 1300 1294 nonnulla
1332 1253 1460 1293 vero
1496 1238 1725 1291 invicem
1759 1233 2100 1290 concludun-

514 1342 620 1389 tur.
649 1331 753 1386 Sed
785 1340 840 1386 et
860 1329 1183 1400 cartilagine
1197 1328 1466 1399 quaedam,
1485 1328 1591 1382 alia
1617 1327 1821 1393 nervis,
1842 1326 1946 1381 alia
1973 1340 2095 1380 car-

514 1425 760 1481 nulentia
805 1422 1135 1495 complicata
1188 1430 1337 1477 sunt.

587 1537 891 1607 Siquidem,
929 1546 1039 1592 tota
1071 1538 1283 1593 ossium
1312 1536 1639 1607 compositio
1664 1534 1935 1599 σκελετός,
1956 1533 2101 1604 quod

514 1632 730 1685 aridum
776 1631 1011 1694 diceres,
1062 1639 1430 1700 nuncupatur.
1475 1628 1612 1683 Nam
1658 1628 1912 1692 σκελετὸς
1948 1628 2103 1681 locus

515 1723 824 1776 siccescens
845 1720 1067 1783 dicitur,
1091 1721 1236 1789 quod
1266 1719 1408 1788 apud
1434 1717 1730 1773 Homerum
1758 1725 1863 1782 est,
1891 1717 1984 1787 qui
2006 1717 2103 1783 ait,

2191 590 2324 657 ρεὰν
2352 587 2516 657 φύσιν
2555 587 2726 658 ἔθηκε
2753 628 2768 650 ,
2800 589 2917 651 τοῖς
2951 587 3007 640 δὲ
3041 585 3248 656 χαύνην
3288 585 3385 639 καὶ
3414 584 3640 657 ἀσθενῆ.
3671 585 3787 638 Καὶ

2189 680 2259 733 τὰ
2292 679 2392 748 μὲν
2435 679 2727 748 ἐπιφύσεις
2757 681 2802 710 ²⁷
2838 678 2982 732 κατά
3009 678 3070 731 τὸ
3096 677 3275 745 πέρας
3315 676 3523 747 ἔχουσι,
3553 676 3624 731 τὰ
3651 677 3709 731 δὲ
3736 675 3786 708 ³⁸

2192 772 2432 842 αὐχένας
2456 789 2470 804 ο
2500 773 2599 824 καὶ
2619 772 2687 826 τά
2714 770 2815 841 μὲν
2847 772 3073 841 ἥνωται,
3094 770 3163 824 τὰ
3189 770 3247 823 δὲ
3282 771 3602 839 σύγκειται·
3633 769 3705 824 τὰ
3727 771 3789 825 δὲ

2196 864 2330 933 συνή
2343 862 2611 934 ρθρωται,
2640 863 2709 915 τὰ
2735 863 2791 917 δὲ
2825 863 3161 933 διήρθρωται
3191 863 3235 895 ⁸³
3261 879 3276 894 ·
3304 863 3375 915 τὰ
3409 861 3468 915 δὲ
3502 864 3791 932 συνήρμο-

2196 974 2342 1024 σται,
2373 956 2443 1009 τὰ
2481 956 2540 1009 δὲ
2606 955 2966 1010 συντέθειται.
2999 954 3106 1009 Καὶ
3148 953 3220 1007 τὰ
3260 954 3362 1025 μὲν
3403 954 3544 1008 κατά
3583 946 3787 1026 ῥαφὴν,

2195 1048 2267 1103 τὰ
2288 1051 2345 1103 δὲ
2380 1048 2525 1103 κατὰ
2555 1048 2844 1121 ἁρμονίαν,
2884 1048 2953 1101 τὰ
2985 1047 3043 1101 δὲ
3092 1046 3238 1101 κατά
3263 1047 3576 1117 γόμφωσιν,
3628 1048 3699 1100 τὰ
3732 1046 3791 1099 δί

2198 1143 2342 1196 κατά
2367 1142 2720 1212 γυγγλνσμόν
2752 1141 2817 1173 ³⁸·
2849 1143 2948 1194 καὶ
2969 1140 3037 1194 τὰ
3065 1139 3163 1211 μὲν
3180 1140 3325 1194 κατὰ
3356 1139 3788 1209 συγχόνδρωσιν,

2198 1234 2268 1288 τὰ
2293 1233 2352 1288 δὲ
2380 1233 2525 1289 κατὰ
2553 1234 2946 1305 συννεύρωσιν,
2979 1234 3049 1288 τὰ
3072 1233 3131 1287 δὲ
3147 1230 3289 1288 κατά
3321 1232 3704 1303 συσσάρκωσιν
3720 1231 3791 1289 ⁸⁸.

2286 1533 2353 1587 Ἦ
2395 1533 2497 1604 μὲν
2523 1529 2619 1587 οὖν
2650 1532 2749 1603 ὅλη
2784 1531 3037 1597 σύνταξις
3074 1531 3182 1585 τῶν
3229 1529 3429 1595 ὀστῶν,
3458 1530 3796 1601 ὀνομάζεται

2209 1628 2492 1692 σκελετός*
2528 1629 2825 1694 σκελετὸς
2851 1629 2908 1683 δὲ
2927 1627 3151 1697 λέγεται
3178 1629 3223 1659 ⁸³
3252 1628 3281 1681 ὀ
3312 1627 3730 1698 ἀπεξηραμένος
3751 1626 3797 1659 ⁸³

2206 1720 2375 1783 τόπος
2396 1737 2410 1750 ·
2436 1718 2621 1783 καθὼς
2662 1720 2912 1789 ’Όμηρος
2933 1718 3002 1784 ³⁸,
3059 1717 3252 1783 Ῥύπῳ
3283 1718 3350 1772 δὲ
3378 1720 3432 1771 οἱ
3460 1717 3719 1783 αὐαλέος
3751 1715 3797 1750 ⁸³

520 1813 677 1885 ῥύπῳ
702 1812 765 1866 δὲ
786 1813 834 1864 οί
867 1810 1095 1874 αὐαλέος
1116 1788 1271 1881 χρὼς
1302 1810 1581 1881 ἐσκλήκει.
1605 1808 1759 1876 Quod
1794 1818 1897 1874 est,
1934 1809 2108 1862 sordi-
2139 1788 2180 1843 Β
2208 1812 2367 1881 χρὼς
2392 1811 2702 1877 ἐσκλήκει.
2733 1788 2883 1863 Τίδὲ
2898 1810 3106 1865 τούτων
3122 1809 3356 1863 ἕκαστόν
3382 1810 3499 1862 ἐστι
3533 1808 3639 1861 τῶν
3668 1826 3800 1861 συν-

520 1905 614 1960 bus
650 1905 772 1958 Imic
791 1920 977 1969 corpus
1000 1905 1197 1956 siccum
1224 1902 1390 1956 aruit.
1424 1900 1529 1956 Sed
1554 1915 1803 1970 quamam
1831 1900 2101 1971 composi-

521 1998 688 2051 tionis
722 1994 1300 2061 dearticulationisque
1343 1993 1553 2047 ossium
1593 1993 1813 2047 nomina
1864 1992 2107 2046 habean-

521 2096 634 2154 tur,
677 2104 709 2143 a
746 2087 973 2143 medicis
1003 2087 1139 2156 ipsis
1175 2085 1531 2156 quaerendum
1576 2094 1679 2141 est.
1728 2085 2110 2140 Verumenim-

523 2195 676 2244 vero,
723 2194 792 2234 ne
844 2178 1148 2249 legentibus
1188 2177 1591 2247 quamplurima
1649 2176 1883 2233 obscure
1933 2176 2110 2247 posita

521 2274 800 2343 negotium
832 2271 1126 2338 lacessant,
1158 2271 1441 2325 sciendum
1472 2279 1556 2325 est
1577 2270 1723 2341 quod
1753 2286 1833 2337 os,
1867 2270 2009 2340 quod
2040 2270 2109 2325 ad

521 2361 661 2417 clavi
689 2361 909 2416 modum
944 2362 1057 2416 ossi
1090 2360 1318 2415 inﬁxum
1347 2367 1450 2425 est,
1473 2360 1616 2430 quod
1652 2361 2005 2431 ὲγγόμφωσις
2034 2360 2111 2415 di-

523 2455 688 2519 citur,
718 2454 770 2508 in
792 2453 1047 2508 dentibus
1071 2467 1296 2507 eernere
1319 2460 1420 2506 est.
1452 2450 1560 2521 30
1582 2448 1783 2506 Sutura
1811 2467 1962 2520 vero,
1988 2468 2111 2523 quae

526 2547 675 2617 ραφὴ
707 2553 1075 2615 nuncupatur,
1106 2544 1161 2598 in
1194 2543 1390 2614 capitis
1416 2543 1635 2599 ossibus
1656 2543 1871 2599 visitur.
1892 2544 2111 2612 Αιγυγ-

524 2638 787 2708 ¹κλωσμὸς,
817 2637 1143 2692 cohaerentia
1173 2645 1278 2700 est,
1310 2651 1419 2705 qua
1449 2650 1577 2691 ossa
1607 2634 1840 2690 invicem
1876 2651 2109 2706 congreo

524 2731 730 2787 dientia
754 2731 1186 2801 conjunguntur,
1216 2737 1277 2783 ut
1308 2730 1362 2783 in
1416 2728 1589 2799 spina:
1620 2729 1909 2791 vertebris,
1933 2744 1998 2783 ac
2019 2730 2114 2783 de-

524 2824 908 2878 articulatione
969 2838 1093 2892 quae
1138 2837 1169 2875 a
1221 2821 1408 2876 cubito
1462 2821 1530 2874 ad
1590 2820 1873 2875 brachium
1943 2821 2116 2875 tendit

526 2917 883 2986 conspicitur.
948 2914 1227 2969 Articulus
1285 2912 1506 2984 quidem
1567 2912 1777 2966 ossium
1849 2912 2116 2967 naturalis

2211 1904 2413 1959 θέσεων
2443 1905 2490 1937 ³⁸
2520 1905 2553 1975 ἢ
2585 1903 2999 1976 διαρθρώσεων,
3032 1903 3064 1974 ἢ
3100 1903 3143 1936 ⁸⁷
3170 1902 3472 1974 ὀνομάτων,
3500 1901 3652 1971 παρὰ
3689 1901 3802 1958 τῶν

2214 1997 2417 2069 ἰατρῶν
2443 1996 2659 2067 μάθοις·
2691 1995 2831 2068 πλὴν
2852 1996 2942 2049 ἵνα
2964 1996 3038 2068 μὴ
3059 1996 3243 2066 ἀσαφῆ
3264 2013 3346 2050 σοι
3365 1994 3704 2066 καταλειφθῇ
3729 1998 3806 2048 τὶ

2212 2093 2405 2157 πολλὰ,
2433 2092 2543 2145 ίσθι
2586 2092 2670 2145 ὃτι
2706 2095 2740 2161 ἡ
2782 2091 2882 2163 μὲν
2924 2091 3285 2162 ὲγγόμφωσις
3324 2091 3370 2124 ³⁸
3416 2091 3812 2163 συνάρθρωσίς

2211 2203 2297 2249 τις
2323 2186 2367 2219 ³³
2395 2186 2536 2238 κατά
2576 2184 2855 2255 σύμπηξιν
2877 2225 2892 2249 ,
2919 2185 3016 2237 καὶ
3039 2184 3085 2215 ⁸ο
3112 2186 3205 2238 ἐπὶ
3226 2183 3336 2237 τῶν
3374 2183 3621 2238 ὀδόντων.
3652 2184 3719 2236 Ἡ
3746 2183 3807 2236 δὲ

2218 2277 2368 2349 ραφὴ
2397 2278 2439 2309 ⁸¹
2477 2277 2731 2340 σύνθεσις
2752 2277 2829 2340 ὡς
2865 2277 2961 2331 ἐπὶ
2989 2276 3099 2330 τῶν
3123 2280 3225 2349 τῆς
3263 2275 3513 2347 κεφαλῆς
3537 2276 3713 2329 ὀστῶν
3740 2291 3755 2305 ·
3780 2276 3811 2328 ὀ

2216 2370 2275 2424 δὲ
2307 2370 2659 2440 γυγγλυσμὸς
2685 2369 2753 2437 ⁸³,
2785 2368 3035 2433 σύνθεσις
3075 2368 3150 2432 ὡς
3180 2369 3273 2422 ἐπὶ
3307 2367 3418 2421 τῶν
3457 2369 3558 2439 τῆς
3592 2366 3812 2437 ῥάχεως

2219 2463 2555 2530 σπονδύλων,
2581 2462 2678 2517 ποια)⁸
2698 2462 2797 2531 τῆς
2823 2461 2918 2514 τοῦ
2949 2462 3169 2531 πήχεως
3192 2460 3237 2492 ⁸⁸
3265 2464 3403 2532 πρὸς
3425 2459 3517 2513 τὸν
3547 2458 3812 2531 βραχίονα

2216 2553 2640 2625 διαρθρώσεως’
2704 2554 2802 2607 καὶ
2846 2552 2910 2605 τὸ
2959 2553 3059 2623 μὲν
3108 2551 3332 2624 ἄρθρον,
3384 2551 3639 2618 σύνταξις
3688 2552 3813 2605 ἐστι

2219 2648 2429 2716 φυσική
2458 2660 2471 2673 ·
2510 2646 2543 2717 ἡ
2569 2643 2627 2696 δὲ
2668 2642 2973 2712 σύμφυσις,
3005 2641 3208 2705 ἓνωσις
3235 2640 3410 2695 ὀστῶν
3460 2640 3713 2710 φυσικῶν
3738 2639 3809 2696 ⁸⁸.

2220 2736 2332 2790 Καὶ
2352 2738 2385 2806 ἡ
2423 2736 2522 2805 μὲν
2548 2737 2828 2804 ὲπίφυσις,
2854 2733 3050 2796 ἓνωσίς
3079 2734 3231 2787 ἔστιν
3256 2735 3445 2806 ἑτέρου
3474 2732 3636 2786 ὀστοῦ
3666 2731 3817 2787 κατά

2220 2825 2413 2897 ἕτερον
2439 2842 2453 2856 ο
2483 2826 2518 2896 ἠ
2542 2824 2598 2878 δὲ
2629 2825 2906 2894 ἁπόφυσις
2926 2864 2941 2890 ,
2979 2822 3075 2877 τοῦ
3100 2823 3416 2895 σύμπαντος
3447 2822 3608 2877 ὀστοῦ
3642 2822 3819 2893 μέρος

2222 2915 2485 2985 ὑπάρχει.

528 3011 860 3081 compositio
887 3020 987 3074 est,
1052 3024 1179 3063 nam
1220 3008 1310 3062 hic
1372 3006 1576 3079 ἄρθρον
1636 3006 1854 3061 dicitur.
1898 3007 1969 3061 At
2028 3008 2304 3079 σύμφυσις
2356 3019 2461 3076 est,
2501 3024 2624 3065 cum
2683 3009 2954 3065 naturalia
3002 3024 3130 3065 ossa
3196 3010 3360 3064 simul
3431 3010 3716 3074 uniuntur,
3762 3017 3819 3064 et

524 3104 639 3159 hoc
691 3103 1008 3158 coalescere
1061 3102 1308 3168 diceres;
1371 3100 1629 3169 ὲπίφυσις
1670 3115 1822 3166 vero,
1901 3100 2115 3157 alterius

2219 3104 2348 3159 assis
2382 3105 2447 3159 ad
2477 3104 2705 3159 alterum
2755 3104 3034 3175 adjunctio
3066 3114 3172 3161 est.
3198 3104 3267 3159 At
3315 3105 3608 3175 ἀπόφυσις,
3666 3102 3815 3175 quod

529 3198 894 3264 eminentiam,
941 3196 1055 3252 sive
1110 3210 1410 3265 processum
1465 3192 1703 3260 dixeris,
1741 3193 1797 3247 in
1842 3194 2086 3264 quolibet
2115 3210 2239 3252 osse
2269 3199 2532 3251 cernitur.

602 3311 678 3368 Os
731 3320 913 3366 autem
962 3324 1165 3380 corpus
1200 3308 1459 3372 dicimus,
1487 3307 1631 3377 quod
1662 3307 1957 3377 plurimum
1985 3308 2039 3361 in
2069 3323 2127 3363 se
2153 3320 2196 3378 (ς

533 3415 762 3460 terrena:
784 3402 1053 3474 portionis
1073 3400 1335 3463 continet,
1358 3399 1503 3470 quod
1521 3409 1572 3454 et
1596 3414 1761 3455 sensu
1783 3408 1951 3465 caret,
1973 3400 2117 3453 relu-

533 3506 775 3567 ctatque,
824 3511 887 3551 ac
917 3495 1114 3549 durum
1157 3502 1261 3560 est,
1299 3492 1635 3565 reliquisque
1674 3492 1921 3561 corporis
1955 3493 2122 3563 parti-

532 3591 637 3646 bus
671 3605 769 3645 ceu
797 3589 1197 3644 ﬁrmamentum
1230 3587 1480 3644 habetur.
1512 3584 1823 3650 Enimvero,
1856 3587 1972 3641 Iure
1997 3587 2121 3640 uni-

535 3698 692 3739 versa
735 3696 763 3735 a
797 3681 1060 3736 musculis
1090 3679 1382 3747 nervisque
1411 3684 1719 3742 moventur,
1755 3677 1956 3746 quibus
1993 3677 2120 3732 item

536 3777 822 3834 cerebrum
852 3774 1111 3828 motivam
1145 3771 1454 3842 impcrtitur
1482 3769 1818 3825 facultatem.
1861 3767 1996 3824 Nam
2031 3785 2125 3825 ve-

538 3869 685 3924 nulis
712 3868 888 3922 obsita
917 3865 1235 3920 membrana
1260 3878 1379 3934 qua:
1405 3861 1689 3917 cerebrum
1712 3861 1903 3927 ambit,
1928 3862 2124 3918 borum

540 3970 723 4016 motus
762 3959 913 4013 radix
939 3954 1375 4027 principiumque
1408 3954 1656 4008 habetur.
1690 3951 2001 4007 Membrana
2025 3969 2127 4008 au-

544 4064 672 4115 tem.
704 4069 826 4124 qua:
865 4050 1050 4108 Graece
1092 4048 1258 4121 ὑμὴν,
1287 4049 1417 4118 quia
1459 4048 1807 4104 subtilissimi
1848 4047 2126 4118 panniculi

542 4149 714 4203 vicem
746 4162 856 4217 prae
881 4161 939 4200 se
970 4144 1126 4208 lerat,
1155 4157 1353 4197 nomen
1377 4141 1569 4213 adepta
1598 4150 1701 4198 est.
1739 4140 1865 4197 Haec
1890 4157 2128 4210 namque

544 4254 668 4294 cum
715 4244 860 4291 recte
889 4233 1165 4299 consistit,
1196 4232 1363 4288 totius
1394 4232 1645 4303 corporis
1668 4240 1850 4288 motus
1877 4231 1995 4287 suis
2027 4246 2131 4285 nu-

547 4331 713 4388 meris
752 4327 1194 4385 absolutissimus
1233 4326 1499 4381 redditur.
1536 4323 1772 4389 Etenim,
1800 4324 1845 4379 si
1864 4323 2017 4394 pedis
2047 4322 2131 4379 di-

547 4426 644 4495 giti
677 4422 999 4495 particulam
1031 4419 1239 4476 moveri
1262 4418 1570 4491 contigerit,
1605 4419 1675 4473 ab
1694 4434 1757 4474 ea
1781 4427 1987 4472 motam
2008 4431 2133 4472 esse

547 4517 736 4589 procul
762 4515 928 4571 dubio
959 4514 1120 4570 scias.
1158 4512 1217 4567 Si
1242 4528 1370 4567 vero
1392 4512 1766 4567 membranam
1789 4510 1935 4564 illam
1961 4524 2134 4579 quan-

550 4608 729 4675 doque
750 4604 1026 4675 quati,vel
1056 4603 1231 4658 scindi
1254 4604 1442 4673 aliquo
1476 4601 1691 4665 morbo,
1724 4599 1839 4654 sive
1867 4599 1976 4654 ictu
2010 4615 2135 4655 cau-

2305 3312 2465 3364 Ἐστι
2491 3311 2547 3364 δὲ
2578 3310 2772 3365 ὀστοῦν
2805 3312 2964 3381 σῶμα
3005 3312 3376 3382 γεωδέστερον
3400 3312 3496 3366 καὶ
3520 3313 3812 3371 ἀντίτυπον

2228 3403 2563 3475 ἀναίσθητόν
2613 3421 2671 3457 τε
2706 3405 2802 3458 καὶ
2838 3403 3113 3475 σκληρόνο
3146 3406 3243 3457 καὶ
3278 3398 3394 3458 οἷον
3437 3407 3807 3476 ὲπιστήριγμα

2226 3493 2338 3548 τῶν
2358 3494 2564 3551 λοιπῶν
2594 3494 2774 3565 μελῶν
2801 3494 2894 3548 τοῦ
2922 3495 3175 3565 σώματος
3195 3494 3260 3549 ⁸⁸.
3295 3496 3611 3550 Κινεῖταιδὲ
3638 3496 3804 3550 ταῦτα

2231 3587 2409 3643 πάντα
2429 3588 2473 3619 ’⁵⁸⁸
2501 3588 2606 3641 ὑπὸ
2629 3587 2782 3658 μυῶν
2800 3589 2895 3642 καὶ
2926 3587 3134 3658 νεύρων
3154 3602 3167 3614 ·
3187 3587 3248 3652 ἐξ
3278 3589 3586 3658 ἐγκεφάλου
3614 3589 3807 3661 ταύτην

2229 3679 2329 3752 τὴν
2353 3681 2639 3753 κινητικὴν
2667 3681 2895 3752 δύναμιν
2921 3681 3207 3735 καὶταῦτα
3230 3682 3523 3754 δεχόμενα·
3558 3683 3684 3755 ῥίζα
3708 3684 3817 3756 γὰρ

2232 3772 2331 3826 καὶ
2377 3772 2523 3843 ἀρχὴ
2570 3772 2675 3843 τῆς
2720 3773 2927 3826 τούτων
2977 3774 3247 3845 κινήσεως
3296 3777 3324 3828 ὁ
3372 3775 3464 3829 τὸν
3514 3776 3818 3846 ἐγκέφαλον

2233 3865 2509 3934 περιέχων
2533 3864 2685 3917 ἐστὶν
2709 3865 2855 3937 ὑμήν
2877 3865 2944 3919 ⁸⁷.
2970 3865 3202 3937 Εἴρηται
3218 3866 3274 3920 δὲ
3290 3867 3454 3937 ὑμὴν
3486 3868 3639 3940 παρά
3664 3870 3724 3921 τὸ
3744 3870 3822 3932 ὡς

2237 3954 2467 4026 ὕφασμα
2489 3950 2631 4009 εἶναι
2658 3955 2874 4010 λεπτόν.
2902 3951 3124 4020 Οῦτινος
3156 3957 3508 4029 διακειμένου
3529 3959 3711 4024 καλῶς
3750 3960 3822 4026 ⁸³,

2236 4047 2394 4099 πᾶσα
2434 4047 2468 4116 ἡ
2513 4044 2609 4099 τοῦ
2651 4045 2906 4116 σώματος
2941 4047 3159 4117 κίνησις
3192 4048 3607 4119 ἀνεμποδίστως
3637 4052 3825 4104 ἐπιτε-

2236 4136 2436 4202 λεῖται,
2464 4136 2563 4191 καὶ
2582 4135 2628 4168 ’⁵⁸
2659 4137 2803 4191 κατά
2828 4138 3012 4207 λόγον.
3036 4139 3148 4191 Καὶ
3166 4139 3276 4212 γὰρ
3299 4142 3348 4193 εἰ
3371 4141 3463 4194 καὶ
3488 4141 3744 4206 σκυταλὶς
3766 4142 3819 4173 ⁵⁸

2236 4228 2503 4285 δακτύλου
2539 4229 2583 4262 ⁵¹
2624 4230 2682 4283 ὲν
2710 4229 2832 4283 ποδὶ
2857 4233 3061 4284 κινοῖτο
3099 4230 3168 4296 ⁸³,
3201 4235 3354 4304 παρά
3374 4232 3422 4264 ⁸³
3449 4232 3640 4287 τούτου
3671 4233 3833 4286 κεκίυ

2238 4337 2419 4392 νηται.
2452 4321 2515 4375 El
2538 4321 2596 4375 δὲ
2624 4320 2829 4394 τρῶσιν
2855 4321 2951 4392 “ﬂ
2983 4320 3139 4393 ῥῆξιν
3163 4321 3327 4377 πάθοι
3357 4322 3404 4355 ⁵⁸
3426 4324 3492 4377 ὲκ
3513 4323 3827 4395 νοσήματός

2239 4431 2386 4478 τινος
2418 4413 2585 4485 τυχὸν
2608 4413 2653 4446 ⁸⁸
2695 4413 2730 4485 ἢ
2774 4414 2871 4468 καὶ
2899 4413 3149 4485 πλήξεως
3168 4455 3182 4480 ,
3211 4415 3377 4479 εὐθὺς
3410 4415 3827 4488 ἐπηκολούθησε

2240 4505 2320 4578 τῷ
2360 4505 2526 4561 πάθει
2563 4510 2591 4560 ὀ
2621 4506 2883 4569 θάνατος·
2921 4506 3044 4560 οὐδὲ
3092 4508 3232 4579 πρὸς
3263 4508 3439 4579 βραχὺ
3479 4510 3578 4581 τῆς
3608 4509 3829 4579 φύσεως

2242 4599 2642 4669 ἀντισχούσης·
2676 4598 2792 4652 ἀλλ’
2827 4598 3019 4671 ῶσπερ
3057 4598 3316 4670 θεμελίου
3369 4601 3521 4665 τινὸς
3573 4602 3830 4655 ὐποσπα-

553 4708 709 4752 sante
737 4696 1017 4762 acciderit,
1038 4696 1292 4751 interitus
1323 4693 1527 4747 affatim
1548 4691 1617 4746 ab
1641 4692 1759 4761 ipsa
1778 4692 2047 4761 passione,
2070 4708 2115 4747 nt

2244 4690 2487 4753 σθέντος,
2518 4689 2641 4743 ὅλον
2658 4689 2718 4742 τὸ
2751 4689 3094 4761 οἰκοδόμημα
3126 4692 3593 4764 συγκατεσπᾶσθη
3620 4691 3696 4763 τῷ
3726 4692 3830 4764 μὲ-

553 4788 824 4844 tantillum
879 4796 1076 4843 natura
1111 4790 1472 4859 repugnante,
1504 4780 1878 4852 subsequitur,
1909 4796 2017 4836 non
2049 4796 2135 4837 sc-

554 4899 651 4937 rus
680 4898 745 4937 ac
766 4883 834 4949 si,
887 4880 1248 4937 fundamento
1270 4875 1455 4944 aliquo
1490 4873 1773 4941 convulso,
1806 4881 1974 4929 totam
1999 4874 2133 4929 aedi-

555 4974 825 5029 ﬁcationis
878 4972 1078 5027 molem
1122 4982 1251 5025 cum
1303 4975 1458 5036 parte
1495 4980 1751 5023 corruere
1811 4966 2133 5038 contingat;

2246 4797 2357 4853 ρει,
2391 4780 2566 4845 οὕτως
2589 4779 2699 4834 τῶν
2727 4781 2860 4852 περὶ
2888 4779 2999 4834 τῶν
3025 4782 3072 4815 ⁵⁷
3101 4781 3343 4854 κρανίων
3374 4784 3661 4855 μηνίγγων
3687 4801 3835 4854 τρω-

2242 4871 2469 4937 θέντων,
2511 4873 2569 4925 ὲν
2611 4866 2695 4935 οἷς
2733 4872 2761 4925 ὀ
2811 4873 3102 4944 εἰρημένος
3138 4874 3286 4944 ὑμὴν
3323 4874 3655 4946 ύφήπλωται
3686 4874 3754 4944 ⁵⁸,
3794 4877 3828 4946 ὴ

2241 4964 2393 5039 ψυχὴ
2414 4963 2511 5018 τοῦ
2541 4964 2796 5034 σώματος
2817 4966 3202 5024 ἀπανίσταται.

556 5059 859 5135 ita,etquae
880 5064 983 5118 sub
1000 5061 1155 5117 calva
1175 5056 1513 5114 membranis
1531 5059 1879 5115 continentur
1920 5060 2162 5127 oblaesis,
2202 5059 2405 5131 quibus
2431 5059 2497 5117 de
2523 5074 2632 5131 qua
2671 5061 3013 5118 asseruimus
3059 5062 3378 5119 membrana
3447 5063 3827 5134 praetenditur,

557 5160 809 5231 corporis
842 5157 990 5211 illius
1023 5155 1205 5210 anima
1234 5153 1440 5211 deﬁcit.

629 5318 675 5350 ’τ
703 5314 799 5366 καὶ
821 5314 944 5386 ταῖς
980 5311 1077 5383 μὲν
1104 5312 1158 5386 αἱ
1184 5310 1373 5386 φύσεις
1404 5309 1478 5386 B._
1522 5312 1568 5345 ”
1600 5314 1720 5386 ταῖς
1749 5311 1917 5386 δὲ-Β.Δ
1957 5311 2012 5386 ff
2045 5311 2116 5386 cdt
2143 5308 2200 5362 δὲ
2223 5309 2532 5386 διήρθοιῃ..
2563 5310 2603 5363 Δ
2779 5311 2823 5386 3f
2847 5310 3166 5386 γυγλυσμδν
3186 5313 3248 5368 C.
3286 5313 3353 5386 Α³¹
3389 5314 3745 5386 συνάρμωσιν
3765 5313 3831 5386 Β.

561 5386 605 5418 ⁸³
642 5387 781 5451 ὅπερ

560 5455 696 5519 λέως
724 5455 783 5508 Β.
827 5453 873 5484 ³⁸
892 5453 1160 5505 συνθέτων
1183 5453 1246 5505 C.
1324 5453 1365 5484 ³⁷

1393 5453 1428 5522 ἢ
1458 5453 1568 5507 om.
1599 5453 1658 5506 Β.

562 5526 610 5558 ⁸³
660 5522 974 5593 γυγλυσμδς
1001 5523 1062 5578 C.

1734 5452 1778 5484 ³³
1808 5452 2098 5522 γόμφφσις

1157 5522 1227 5594 *δέ
1246 5523 1449 5594 πήχεος
1480 5524 1539 5578 Β.

566 5595 740 5666 ρὼδης
782 5593 929 5648 ἐστὶν
957 5595 1103 5667 ὑμήν
1132 5593 1173 5648 Β
1202 5593 1243 5650 C
1289 5593 1332 5649 ν
1351 5593 1453 5664 qui
1492 5594 1789 5667 ὲστίνᾼριη.

565 5661 677 5735 post
698 5661 823 5720 inec
858 5661 1007 5719 deest
1043 5661 1206 5719 unum
1243 5676 1335 5719 ant
1366 5661 1594 5735 alterum
1641 5662 1822 5735 fol._in
1862 5661 1997 5735 Qad.
2026 5663 2082 5717 Β.

563 5731 768 5808 τρῶσιν
792 5736 832 5790 C
1069 5739 1097 5808 ὀ
1121 5735 1449 5808 περὶ-αὐτὸν
1489 5734 1633 5807 ὑμὴν
1681 5731 1847 5792 πάθοι
1874 5732 1916 5791 C
1946 5733 2005 5791 Ρ.

564 5805 811 5881 ﬁrmo-rat
837 5806 903 5874 C,
933 5805 1243 5877 ἐξήπλωται
1267 5805 1326 5860 Ρ.

840 5380 1058 5455 “vi,”
1107 5380 1164 5438 Β.
1193 5453 1218 5455 Α
1257 5382 1302 5415 ιι
1330 5381 1774 5455 Λᾲτὲοξηραμένοςᾼ
1797 5381 1870 5455 Β,
1895 5381 1925 5433 ὀ
1953 5381 2294 5455 ἐξηράμενος
2481 5380 2525 5455 ’ᾗ
2554 5380 2697 5455 καθ.
2737 5382 2999 5455 καὶ-Ὄμ.

2194 5452 2250 5507 (Ξ.
2315 5451 2359 5522 θ’
2383 5450 2644 5522 συνάρθρ.
2682 5453 2800 5522 ἐστι
2830 5453 2890 5505 Β.

1647 5522 1694 5554 ⁸⁸⁵
1725 5520 1933 5592 φυσικὴ
1985 5520 2025 5592 lj
2077 5522 2118 5576 C
2158 5520 2220 5576 Ρ.

1888 5586 1933 5625 δέ
1961 5586 2024 5645 οῦ
2055 5593 2180 5646 καλ.
2233 5593 2383 5646 διακ.
2418 5591 2459 5646 C
2484 5586 2555 5645 Ἰ).

2190 5665 2234 5698 ἰ
2263 5660 2528 5726 δάκτυλος
2550 5663 2610 5718 C.

2106 5735 2153 5768 “
2182 5732 2344 5806 τυχὸν
2371 5747 2480 5788 om.
2508 5734 2572 5801 C,
2602 5734 2782 5791 interl.
2817 5736 2870 5791 in
2895 5735 2957 5792 P.

3281 5384 3325 5417 ⁸⁸
3355 5384 3583 5447 αίολέως
3635 5385 3703 5447 Δ,
3736 5385 3837 5437 αύ-

2886 5450 3307 5557 ιΡιιῖῗέἒὶἕθ
3322 5454 3426 5557 Pi.
3449 5455 3498 5557 I3
3535 5454 3833 5557 τρῗτφἨ·

2660 5539 2693 5573 υ
2722 5523 2783 5577 Β.
2886 5523 2932 5557 ⁸⁸
2968 5523 3147 5577 πάντα
3168 5541 3278 5580 om.
3314 5527 3360 5579 A
3386 5523 3511 5581 BC.
3549 5523 3588 5526 “’
3614 5523 3669 5556 ⁸⁷
3707 5523 3839 5576 νευ-

2660 5591 2827 5667 "acati
2868 5609 2976 5649 om.
3006 5594 3070 5649 Β.
3108 5666 3111 5667 ν
3172 5595 3218 5627 ⁸³
3254 5596 3437 5667 μέρος,
3469 5611 3525 5667 τι
3551 5594 3733 5667 ὀλίγον
3766 5593 3837 5667 Β..

2716 5665 2761 5695 ⁵⁸
2795 5667 2999 5718 κινεῑτο
3028 5666 3073 5720 Α
3105 5666 3164 5721 Ρ.
3257 5663 3304 5699 ⁸³
3324 5663 3454 5721 περὶ
3487 5665 3552 5721 C.
3629 5664 3676 5698 “
3707 5663 3842 5719 τινὰ

3051 5684 3073 5719 ι
3105 5684 3164 5721 l’.
3257 5684 3304 5699 "
3324 5684 3454 5736 περι
3487 5684 3552 5721 (Α.
3629 5684 3676 5698 ’⁷
3707 5684 3842 5719 τινα

3051 5737 3098 5772 ⁸⁷
3131 5736 3239 5793 τῶν
3268 5752 3378 5795 om.
3407 5738 3449 5794 Ω
3481 5736 3541 5794 Ρ.
3655 5734 3705 5771 ⁵⁸
3739 5735 3843 5806 ἑφ-

2320 5520 2365 5552 ⁴⁸
2397 5520 2542 5591 σώμ.
2570 5520 2693 5576 ὅλου
2722 5521 2783 5577 Β.
