4138 6482
318 392 460 451 1121

1552 394 1639 451 DE
1681 394 1971 452 NATURA
2014 392 2321 452 IIOMIMS.

3487 403 3629 459 H22

392 508 639 573 Ταύταις
667 509 763 565 οῦν
798 512 922 576 ταῖς
948 510 1102 582 τρισὶ
1140 509 1441 580 δυνάμεσιν
1491 508 1696 573 ἔξωθεν
1733 511 1923 563 ἐπεισ-

2102 509 2302 566 Tribus
2334 509 2419 565 his
2438 509 2603 581 igitur
2630 524 2768 581 quas
2792 515 3222 572 memoravimus
3245 514 3624 588 facultatibus,

319 604 520 671 ἀγεται
539 603 600 656 τὺ
618 604 964 677 κατάλληλον
983 604 1082 675 τῆς
1109 602 1423 673 δυνάμεως.
1439 602 1538 656 Διά
1559 602 1660 673 μὲν
1684 604 1794 675 γὰρ
1824 603 1923 674 τῆς

317 694 556 765 τροφῆς,
604 697 663 749 αἱ
695 694 793 750 τοῦ
848 696 1085 766 αἵματος
1119 695 1300 765 πηγαὶ
1331 694 1391 762 ἐξ
1414 696 1629 767 ἥπατος
1663 696 1922 767 βρύουσιο

318 786 381 840 τὸ
414 787 474 841 δέ
514 788 813 861 ἐγκάρδιον
847 788 1072 858 πνεῦμα
1099 788 1189 843 διὰ
1216 787 1311 843 τοῦ
1349 789 1596 857 γείτονος
1627 790 1923 857 ἐπεισάγε-

318 895 412 933 ται
439 881 760 950 σπλάγχνου
784 897 798 911 ⁸
827 880 856 934 ὃ
885 882 930 915 ⁵³
956 881 1209 935 καλεῖται
1245 880 1345 952 μὲν
1395 879 1682 951 πνεύμων,
1714 880 1831 935 ἔστι
1867 881 1926 934 δὲ

317 970 415 1025 τοῦ
446 972 492 1005 ⁶⁰
525 973 692 1045 ἀέρος
723 973 936 1044 δοχεῖον
964 974 1054 1047 διὰ
1085 974 1187 1045 τῆς
1213 972 1549 1044 ἐγκειμένης
1575 972 1724 1045 αὐτῷ
1757 975 1927 1048 ἀρτη-

323 1063 469 1134 ρίας,
504 1066 607 1133 τῆς
653 1065 749 1118 ἐπὶ
775 1066 837 1118 τὺ
871 1065 1050 1135 στόμα
1080 1063 1347 1136 ἀγούσης,
1380 1063 1440 1116 τὸ
1470 1062 1673 1128 ἔξωθεν
1706 1064 1927 1135 πνεῦμα

315 1154 382 1207 τὸ
416 1155 476 1208 ἐν
510 1157 634 1217 ταῖς
665 1155 969 1218 ἀναπνοαῖς
1019 1153 1414 1226 ἐφελκόμενον.
1449 1153 1612 1207 Κατά
1641 1153 1702 1209 τὸ
1755 1155 1925 1226 μέσον
1972 1166 1975 1167 ⁷

317 1246 374 1300 δὲ
406 1245 590 1300 αὐτῶν
633 1247 679 1278 ⁶¹
718 1248 751 1316 ἠ
799 1246 1001 1318 καρδία
1038 1246 1438 1318 ἐνειλημμένη,
1492 1246 1639 1300 κατά
1692 1245 1927 1316 μίμησιν

317 1340 420 1411 τῆς
468 1338 566 1394 τοῦ
632 1340 950 1412 ἀεικινήτου
1002 1340 1178 1411 πυρὸς
1218 1340 1506 1411 ἐνεργείας
1559 1339 1928 1401 ἀδιαλείπτως

319 1434 415 1487 καὶ
445 1432 589 1504 αὑτὴ
619 1435 946 1505 κινουμένη,
981 1434 1135 1488 ἕλκει
1170 1434 1308 1507 πρὸς
1343 1433 1545 1503 ἑαυτὴν
1582 1435 1648 1486 ὲκ
1686 1431 1782 1487 τοῦ
1820 1450 1928 1485 πα-

321 1527 650 1598 ρακειμένου
695 1525 777 1598 τῷ
807 1527 1079 1599 πνεύμονι
1111 1528 1157 1560 ⁵³
1208 1527 1432 1598 πνεῦμα
1484 1524 1835 1597 πληροῦσθαι
1881 1523 1928 1556 ⁸⁸

316 1621 384 1690 τῇ
420 1619 680 1692 διαστολῇ
728 1619 829 1683 τὰς
863 1619 1226 1691 κοιλότητας·
1275 1621 1371 1673 καὶ
1418 1618 1480 1671 τὸ
1531 1617 1784 1685 πυρῶδες
1826 1616 1929 1670 αύ-

317 1712 418 1782 τῆς
472 1710 519 1742 “
590 1711 994 1782 ἐκριπίζουσα,
1072 1716 1197 1777 ταῖς
1275 1711 1568 1783 ἐχομέναις
1628 1710 1926 1781 ἀρτηρίαις

316 1807 540 1876 ἐμπνεῖ,
590 1808 686 1860 καὶ
736 1805 901 1860 τοῦτο
936 1806 1174 1860 ποιοῦσα
1226 1807 1287 1859 ού
1344 1804 1651 1858 διαλείπει⁸
1704 1803 1767 1855 τὸ
1823 1803 1924 1873 μὲν

2028 602 2175 671 quod
2208 602 2409 671 cuique
2449 614 2738 673 congruat,
2770 603 3119 660 extrinsecus
3146 606 3621 664 subministratur.

2030 695 2334 765 Siquidem,
2372 697 2614 752 alimenti
2649 699 2845 769 gratia,
2898 715 2998 754 ceu
3045 698 3293 754 fonticuli
3341 703 3626 772 sanguinis

2027 804 2057 843 a
2103 790 2348 857 jecinore
2375 799 2619 857 scatent;
2657 807 2753 846 cor
2800 803 2983 846 autem
3011 792 3078 847 ab
3116 805 3262 859 exto,
3297 795 3387 849 cui
3423 811 3627 851 nomen

2027 882 2235 950 pulmo,
2266 880 2337 935 ob
2372 881 2492 951 ejus
2529 882 2785 937 viciniam
2832 883 3087 952 spiritum
3129 895 3435 941 mutuatur.
3485 885 3625 942 Nam

2027 972 2238 1042 pulmo,
2297 973 2511 1027 arteri:e
2563 989 2685 1044 qua!
2742 974 2844 1028 sibi
2884 974 3187 1028 acclinalur
3230 975 3429 1045 olIieio,
3484 978 3630 1033 aeris

2041 1063 2447 1133 receptaculum
2506 1074 2615 1130 est,
2651 1064 2743 1134 qui
2810 1065 3085 1134 spiritum,
3119 1066 3210 1135 qui
3267 1069 3630 1137 respiratione

2031 1154 2097 1207 ab
2121 1154 2487 1210 exterioribus
2519 1156 2832 1219 attrahitur,
2864 1154 2932 1209 ad
2958 1172 3021 1211 os
3044 1156 3314 1225 perducit.
3347 1159 3451 1228 31
3485 1160 3626 1214 Cum

2031 1245 2083 1298 in
2121 1245 2302 1298 medio
2335 1244 2455 1313 ejus
2499 1260 2594 1298 eor
2629 1244 2897 1299 insertum
2948 1245 3238 1312 consistat,
3269 1249 3415 1317 quod
3452 1250 3626 1303 instar

2030 1346 2293 1405 perpetuo
2323 1336 2596 1390 moventis
2650 1336 2793 1405 ignis
2825 1352 3110 1405 nunquam
3152 1337 3437 1392 desinente
3472 1348 3625 1396 metu

2029 1432 2295 1505 agitatur,
2321 1435 2450 1489 dum
2477 1434 2599 1504 ejus
2628 1450 2760 1488 cava
2792 1450 2903 1505 pra:
2951 1437 3037 1489 sui
3079 1437 3399 1491 extensione
3428 1437 3626 1507 spiritu

2031 1528 2333 1598 replentur,
2370 1542 2533 1596 quem
2574 1526 2639 1580 ad
2673 1540 2733 1582 se
2771 1526 2843 1580 ab
2876 1525 2980 1581 sibi
3012 1526 3326 1582 adherente
3366 1529 3627 1597 pulmone

2028 1619 2273 1684 attrahit,
2325 1619 2478 1685 illud,
2512 1618 2737 1688 quodin
2789 1619 2908 1689 ipso
2968 1619 3186 1689 igneum
3235 1628 3320 1674 est
3368 1620 3624 1687 cﬂlando,

2029 1713 2250 1766 arteriis
2307 1726 2429 1781 quae
2482 1711 2557 1764 illi
2616 1711 2881 1781 proximae
2941 1720 3072 1766 sunt
3117 1712 3369 1782 inspirat,
3427 1721 3480 1768 et
3526 1714 3631 1770 hoc

2028 1805 2247 1874 quidem
2291 1819 2495 1858 mutnus
2554 1818 2837 1873 nunquam
2884 1803 3154 1859 destituit.
3204 1802 3484 1873 Siquidem
3534 1820 3632 1860 cor

316 1895 525 1959 ἔξωθεν
559 1896 650 1950 διὰ
679 1895 781 1967 τῆς
822 1896 1118 1965 διαστολῆς
1161 1898 1243 1959 είς
1272 1895 1374 1958 τὰς
1409 1895 1549 1958 ἰδίας
1595 1893 1921 1966 κοιλότητας

2033 1913 2189 1961 cava,
2226 1912 2349 1965 qua:
2394 1897 2449 1951 in
2491 1897 2612 1966 ipso
2647 1905 2796 1961 sunt,
2845 1898 2899 1950 in
2941 1897 3025 1952 sui
3069 1898 3394 1953 extensione
3429 1899 3628 1968 spiritu

316 1985 579 2051 ἕλκουσα,
609 1986 672 2040 τὸ
703 1986 761 2039 δὲ
793 1985 929 2054 παρ’
958 1985 1165 2057 ἑαυτῆς
1190 1984 1234 2019 ⁸⁸
1257 1982 1346 2037 διὰ
1380 1982 1480 2052 τῆς
1510 1981 1781 2051 συστολῆς
1803 1982 1924 2044 ταῖς

318 2077 617 2149 ἀρτηρίαις
682 2075 1014 2150 ἐκκρίνουσα
1054 2077 1134 2108 ⁸⁸⁸
1168 2076 1196 2129 ὅ
1230 2092 1321 2147 μοι
1363 2075 1515 2129 δοκεῖ
1562 2073 1658 2127 καὶ
1698 2073 1799 2143 τῆς
1834 2074 1928 2127 ab-

319 2173 560 2242 τομάτου
589 2170 766 2242 αὐτῆς
813 2170 860 2202 ⁸⁷
911 2168 1196 2239 ἀναπνοῆς
1244 2169 1420 2223 αἴτιον
1469 2167 1604 2239 ἡμῖν
1649 2166 1923 2236 γίνεσθαι.

320 2265 595 2328 Πολλάκις
625 2265 736 2336 γάρ
779 2265 808 2317 ὁ
844 2264 945 2336 μὲν
985 2263 1114 2328 νοῦς
1142 2262 1372 2334 ἄσχολός
1404 2263 1524 2314 ἐστι
1565 2261 1611 2293 ⁸⁸
1641 2261 1780 2333 πρὸς
1809 2258 1927 2313 ἐτέ-

321 2376 454 2432 ρους
498 2358 634 2430 ⁶⁹,ἢ
682 2357 780 2413 καὶ
833 2358 1189 2413 παντάπασιν
1232 2357 1435 2428 ἡρεμεί
1466 2354 1534 2419 ⁷⁵,
1580 2353 1840 2416 λυθέντος
1868 2352 1927 2405 ἐν

312 2450 398 2524 τῷ
437 2450 593 2523 ὕπνῳ
635 2450 733 2506 τοῦ
768 2451 815 2485 ⁷⁸
867 2449 1127 2522 σώματος
1150 2464 1165 2479 ⁸
1199 2450 1234 2521 ή
1269 2449 1326 2502 δέ
1359 2446 1609 2519 ἀναπνοὴ
1635 2445 1730 2500 τοῦ
1764 2447 1928 2518 ἀέρος

309 2547 382 2600 οὐ
409 2546 681 2601 διαλείπει
729 2544 853 2617 μηδ’
882 2543 1063 2599 ὁτιοῦν
1094 2544 1163 2606 ⁷³,
1212 2542 1589 2612 συνεργούσης
1640 2542 1721 2602 εἰς
1766 2539 1928 2593 τοῦτο

317 2638 422 2709 τῆς
450 2636 851 2708 προαιρέσεως.
893 2633 1113 2705 Ἀραιός
1145 2634 1190 2666 ⁷³
1220 2650 1309 2696 τις
1339 2631 1416 2686 ὢν
1462 2634 1491 2686 ὁ
1525 2631 1795 2702 πνεύμων
1828 2631 1927 2684 καλ⁵

321 2729 630 2801 πολύπορος
670 2732 738 2795 ⁷⁵,
790 2729 887 2782 καὶ
922 2727 1105 2791 πάσας
1144 2726 1246 2789 τὰς
1301 2728 1360 2780 ἐν
1407 2724 1560 2797 αύτῷ
1591 2723 1929 2795 κοιλότητας

321 2821 462 2894 πρὸς
490 2821 585 2875 τὸν
614 2819 869 2890 πυθμένα
898 2820 999 2891 τῆς
1022 2817 1290 2890 τραχείας
1321 2817 1598 2889 ἀρτηρίας
1623 2816 1931 2887 ἀνισταμέ-

321 2931 422 2977 νας
446 2914 493 2946 ⁷⁸
521 2913 670 2985 ἔχει·
701 2910 1098 2983 περιείληπται
1132 2911 1191 2964 δέ
1222 2911 1256 2982 ἡ
1287 2911 1487 2983 καρδία
1520 2908 1673 2980 αὑτῷ
1716 2908 1784 2973 ⁷⁸,
1833 2908 1930 2962 καὶ

321 3005 693 3077 προσπέφυκε
725 3003 871 3059 κατὰ
898 3002 1151 3057 ὀπίσθιον
1186 3003 1230 3035 ⁷⁷
1267 3002 1438 3074 μέρος
1469 3002 1665 3073 αὐτῆς.
1694 3002 1932 3054 Συστελ-

320 3100 557 3171 λόμενος
580 3101 627 3133 ⁷⁸
663 3102 765 3172 μὲν
792 3102 839 3134 ⁷⁹
865 3102 961 3155 καὶ
995 3101 1356 3173 συμπίπτων,
1389 3101 1453 3155 τὸ
1473 3101 1930 3174 ἐναποκρατηθὲν

319 3194 491 3249 αὑτοῦ
525 3195 573 3228 ⁸ο
608 3197 733 3258 ταῖς
785 3195 1068 3265 κοιλότησι
1102 3194 1326 3266 πνεῦμα
1355 3195 1633 3259 ἐκπιέζων
1659 3194 1703 3227 ⁸¹
1739 3195 1927 3267 προΐε-

319 3303 413 3342 ται
434 3302 450 3317 ⁸
480 3287 791 3358 ὑποχωρῶν
834 3286 894 3340 δὲ
926 3288 1020 3339 καὶ
1054 3287 1437 3358 ἀνοιγόμενος,
1474 3288 1786 3341 ἐπισπᾶται
1833 3286 1924 3341 διὰ

316 3378 420 3451 τῆς
444 3378 613 3451 ὁλκῆς
642 3380 737 3434 τὸν
756 3379 916 3450 ἀέρα·
942 3380 1039 3432 καὶ
1064 3378 1205 3446 αῦτη
1239 3381 1409 3444 ἐστὶν,
1437 3380 1511 3442 ὡς
1543 3378 1789 3449 εἴρηται,
1820 3379 1925 3448 τῆς

320 3471 696 3544 ἀπροαιρέτω
731 3471 1016 3541 ἀναπνοῆς
1040 3473 1075 3541 ἡ
1109 3472 1282 3526 αἰτία.
1315 3472 1408 3525 Διὸ
1440 3472 1536 3525 καὶ
1560 3471 1714 3541 παρὰ
1760 3469 1924 3539 φύσιν

321 3564 680 3627 ἐπιταθέντος
713 3563 848 3616 ποτέ
881 3564 929 3595 ⁸³
956 3562 1054 3615 τοῦ
1097 3563 1200 3633 τῆς
1231 3563 1464 3633 καρδίας
1516 3564 1807 3635 πυρώδους
1853 3561 1921 3630 ⁸³,

321 3660 392 3712 ἐκ
428 3655 744 3727 φλεγμονῆς
794 3653 987 3725 τυχὸν,
1017 3654 1052 3726 ἡ
1085 3671 1233 3717 τινος
1275 3655 1466 3719 πόνου,
1503 3654 1564 3708 τὸ
1596 3651 1786 3724 ἆσθμα
1812 3652 1924 3707 τῶν

321 3745 642 3816 ἀλγούντων
666 3744 1066 3815 συνεχέστερον
1088 3742 1324 3811 γίνεται,
1346 3743 1441 3797 καὶ
1460 3743 1553 3797 τοῦ
1586 3743 1729 3797 κατὰ
1758 3743 1921 3813 φύσιν

326 3838 662 3912 μᾚιρότερον
691 3836 791 3890 καὶ
820 3836 1158 3908 πυκνότερον
1188 3837 1234 3868 ⁸⁸
1253 3852 1268 3868 ⁸
1299 3837 1395 3891 καὶ
1430 3837 1763 3911 μικρότερον
1798 3837 1920 3908 μὲν,

324 3935 414 3988 ⁶ίνα
444 3932 520 4005 μὴ
554 3930 922 4003 σφοδρότερον
947 3930 1161 4003 πλήττῃ
1184 3948 1237 3984 τι
1269 3932 1366 3985 καὶ
1396 3932 1651 3987 ὀδυνᾶται
1670 3947 1683 3960 ⁸
1716 3933 1924 3986 πυκνό-

324 4040 487 4096 τερον
529 4023 610 4088 δὲ,
638 4022 728 4075 ἵνα
778 4021 839 4075 τὸ
873 4020 1063 4090 λεῖψαν
1092 4020 1236 4076 κατά
1289 4021 1526 4093 μέγεθος
1560 4025 1595 4094 ἡ
1645 4024 1927 4094 πυκνότης

325 4113 741 4186 ἀναπληρώσῃ·
780 4113 973 4185 ὥσπερ
1008 4114 1377 4186 ἐπειγομένης
1423 4115 1524 4187 τῆς
1557 4115 1788 4186 καρδίας
1830 4116 1925 4170 τὸν

327 4208 645 4280 ἐμπεσόντα
704 4208 845 4278 αὐτῇ
901 4206 1150 4277 φλογμὸν
1185 4205 1266 4277 τῷ
1302 4208 1633 4279 νεαρωτέρῳ
1670 4207 1767 4262 καὶ⁵
1811 4208 1917 4279 ψυ-

326 4304 574 4375 χροτέρῳ
595 4303 643 4336 ⁸⁵
667 4300 948 4372 πνεύματι
979 4300 1347 4356 κατασϐέσαι.

328 4402 440 4451 tur.
475 4393 879 4450 Concitationis
899 4406 1032 4448 vero
1061 4391 1177 4447 haec
1206 4407 1375 4449 causa
1405 4392 1659 4460 habetur,
1693 4402 1754 4448 ut
1783 4392 1927 4463 quod
1968 4392 2036 4448 de
2093 4394 2472 4466 magnitudine
2517 4393 2845 4459 detrahitur,

2031 1988 2222 2057 replet.
2255 1987 2427 2055 Idem,
2456 2003 2568 2058 prae
2600 1987 2685 2042 sui
2712 1988 3112 2053 contractione,
3136 1989 3190 2041 in
3215 1988 3446 2043 arterias
3467 2004 3629 2044 eum-

2027 2081 2149 2136 dem
2178 2078 2442 2143 excernit,
2475 2089 2529 2133 et
2561 2079 2677 2134 haec
2705 2088 3020 2149 Spontaneze
3052 2080 3280 2145 spiritus
3312 2082 3628 2150 reciproca-

2029 2172 2199 2227 tionis
2243 2186 2409 2225 causa
2466 2186 2590 2226 esse
2645 2171 2699 2224 in
2759 2171 2917 2226 nobis
2971 2169 3325 2227 manifestum
3373 2173 3625 2229 habetur.

2028 2264 2180 2320 Mens
2213 2275 2419 2330 autem,
2451 2265 2668 2319 tametsi
2719 2279 3099 2334 saepenumero
3145 2264 3295 2319 circa
3326 2265 3432 2319 alia
3479 2275 3626 2335 agat,

2027 2374 2151 2429 qua:
2199 2356 2426 2411 omnino
2476 2356 2785 2424 quiescunt,
2820 2365 3084 2417 attamen,
3120 2372 3243 2411 cum
3288 2371 3489 2426 corpus
3528 2372 3629 2412 no-

2029 2461 2205 2509 strum
2235 2451 2290 2505 in
2334 2466 2588 2505 somnum
2622 2449 2933 2516 resolvitur,
2995 2451 3142 2505 acris
3172 2450 3462 2520 respiratio
3515 2466 3627 2508 non

2027 2544 2281 2607 desistit,
2331 2542 2448 2613 ipsa
2482 2542 2765 2597 voluntate
2800 2558 2868 2597 ne
2894 2543 3166 2598 tantillum
3190 2543 3412 2613 quidem
3442 2544 3495 2598 in
3523 2544 3630 2600 hoc

2027 2648 2378 2709 cooperante.
2407 2636 2540 2691 Cum
2575 2645 2757 2692 autem
2790 2637 2977 2707 pulmo
3029 2652 3153 2691 rara
3186 2637 3422 2707 quadam
3449 2645 3629 2691 mate-

2029 2732 2109 2786 ria
2135 2738 2388 2795 constet,
2418 2740 2473 2783 et
2504 2729 2926 2800 quamplurimis
2948 2731 3219 2785 meatibus
3246 2729 3508 2800 praeditus
3532 2729 3626 2796 sit,

2030 2842 2233 2887 etcum
2268 2846 2500 2901 quaeque
2555 2830 2676 2900 ejus
2709 2846 2844 2885 cava
2885 2830 3093 2885 hiantia
3127 2831 3193 2884 ad
3250 2845 3459 2900 asperae
3488 2837 3631 2883 arte-

2030 2924 2128 2979 ria;
2154 2922 2386 2978 fundum
2412 2924 2710 2988 contineat,
2735 2939 2852 2990 cor,
2878 2924 3183 2994 posteriore
3198 2923 3282 2978 sui
3306 2934 3461 2992 parte
3483 2929 3629 2977 arte-

2031 3019 2128 3073 riae
2156 3017 2465 3083 adhaerens,
2497 3025 2551 3071 et
2581 3016 2830 3086 pulmoni
2878 3016 3269 3087 complicatum
3319 3014 3450 3069 dum
3488 3028 3628 3068 con-

2037 3110 2297 3176 trahitur,
2322 3125 2387 3165 ac
2413 3109 2676 3176 concidit,
2701 3125 2811 3177 pra:
2836 3110 2921 3164 sui
2953 3109 3327 3164 contractione
3351 3107 3632 3177 spiritum,

2033 3219 2195 3275 quem
2251 3203 2305 3257 in
2364 3204 2514 3259 cavis
2560 3204 2677 3259 suis
2735 3203 2989 3271 partibus
3046 3202 3428 3266 continuerat,
3477 3209 3633 3254 extra

2032 3295 2277 3350 emittit:
2326 3295 2454 3349 dum
2491 3310 2623 3349 vero
2671 3294 3039 3355 distenditur,
3082 3298 3476 3360 reseraturque
3521 3304 3634 3359 pra:

2033 3386 2118 3442 sui
2167 3394 2369 3449 tractu,
2421 3402 2601 3441 aerem
2639 3386 2842 3451 sumit;
2888 3393 2941 3439 et
2980 3385 3119 3450 haec,
3163 3393 3224 3438 ut
3264 3381 3629 3445 asseruimus,

2032 3489 2352 3549 spontanee:
2394 3480 2620 3549 spiritus
2676 3478 3131 3547 reciprocationis
3173 3491 3342 3532 causa
3377 3475 3630 3530 habetur.

2031 3570 2440 3640 Quamobrem,
2494 3572 2540 3627 si
2598 3570 2819 3642 quando
2877 3570 3061 3625 cordis
3137 3568 3375 3624 calorem
3438 3574 3635 3637 preter

2029 3662 2332 3735 legitimum
2364 3673 2577 3718 natura:
2606 3663 2878 3726 ordinem,
2916 3670 3133 3717 tumore
3189 3660 3272 3715 vel
3308 3660 3500 3715 dolore
3530 3659 3634 3715 ali-

2031 3771 2141 3826 quo
2168 3763 2435 3809 causante
2456 3752 2921 3807 vehementiorem
2957 3764 3080 3805 esse
3104 3749 3421 3820 contigerit,
3464 3748 3519 3803 in
3544 3748 3634 3803 bis

2031 3850 2122 3918 qui
2167 3857 2454 3920 aegrotant,
2492 3848 2666 3915 magis
2696 3845 2978 3911 assiduus,
3014 3844 3348 3912 breviorque
3399 3858 3464 3898 ac
3497 3858 3633 3899 eon-

2032 3939 2249 3993 citatior
2283 3955 2448 4008 quam
2484 3947 2699 3993 natura:
2730 3937 2916 4008 exigat
2953 3936 3115 4001 ordo,
3145 3936 3423 3993 anhelitus
3454 3934 3636 3990 cerni-

2035 4040 2142 4084 tur.
2176 4027 2243 4083 Et
2274 4030 2376 4084 hac
2402 4029 2624 4098 quidem
2652 4028 2720 4083 de
2754 4043 2942 4094 causa,
2985 4038 3183 4082 natura
3237 4026 3354 4096 ip‘sa
3398 4026 3453 4080 in
3497 4025 3633 4081 aﬂ'e-

2030 4119 2133 4174 ctis
2189 4118 2497 4175 breviorem
2546 4135 2611 4173 ac
2640 4118 3059 4174 concitatiorem
3115 4118 3418 4172 anhelitum
3447 4115 3631 4183 edicit,

2030 4227 2118 4274 ne,
2148 4212 2192 4267 si
2252 4212 2549 4267 vehemens
2608 4210 2898 4281 ingruerit,
2937 4210 3377 4265 vehementiores
3432 4207 3636 4263 inferat

2029 4300 2192 4366 ictus,
2213 4311 2266 4356 et
2292 4302 2468 4356 all'ecti
2489 4301 2834 4372 gravioribus
2854 4300 3139 4356 doloribus
3152 4300 3377 4355 obnoxii
3395 4300 3637 4355 reddan-

2922 4393 3222 4448 concitatio
3269 4393 3386 4463 ipsa
3443 4398 3679 4447 θοντο-⁷

326 4484 899 4558 get,quofestinantis
921 4482 1107 4540 cordis
1135 4483 1518 4555 inﬂammatio,
1552 4502 1676 4558 quae
1702 4488 1757 4541 in
1810 4487 1991 4558 ipsum
2030 4486 2262 4554 incidit,
2311 4487 2632 4544 recentioris
2681 4484 3092 4558 lrigidiorisque
3124 4484 3286 4541 ﬂatus
3338 4484 3391 4540 vi
3440 4483 3638 4541 redda-

328 4591 420 4639 tur
448 4583 741 4639 exstincta.

404 4745 565 4810 Τινὲς
597 4744 657 4800 δέ
688 4746 927 4818 φυσικὴν
958 4744 1122 4817 μόνον
1143 4743 1410 4815 ἐνόμισαν
1444 4742 1490 4775 ⁸⁸
1511 4743 1614 4814 τὴν
1649 4741 1930 4810 ἀναπνοὴν
1965 4755 2008 4809 ι)

331 4833 474 4893 εἶναι
497 4852 513 4868 ⁸
565 4837 667 4891 οὐκ
707 4835 826 4890 ἐστι
859 4836 951 4890 δέ’
985 4835 1125 4891 ἀλλὰ
1159 4837 1255 4890 καὶ
1291 4835 1502 4907 ψυχικὴ
1548 4834 1645 4888 καὶ
1680 4833 1888 4905 φυσική
1911 4849 1924 4861 ⁸

333 4930 655 5003 συνεπλάκη
684 4929 796 5003 γὰρ
817 4929 898 5002 τῷ
928 4929 1151 5001 ψυχικῷ
1178 4929 1240 4983 τὸ
1279 4928 1531 5000 φυσικόν.
1580 4928 1648 4981 Ἡ
1683 4927 1782 4998 μὲν
1824 4926 1933 4998 γὰρ

332 5023 565 5079 κινοῦσα
593 5023 666 5078 τά
698 5023 909 5095 ὄργανα
938 5024 1195 5095 δύναμις,
1240 5022 1484 5094 ψυχική·
1515 5023 1548 5092 ἡ
1580 5021 1638 5074 δὲ
1668 5020 1929 5093 ἀρτηρία,

331 5115 399 5169 δι’
432 5110 503 5190 ἦς
546 5117 582 5188 ἡ
615 5114 873 5187 ἐνέργεια
915 5114 1179 5182 τελεῖται,
1225 5114 1460 5184 ὄργανόν
1506 5113 1624 5167 ἐστι
1680 5112 1928 5182 φυσικὸν,

332 5209 429 5264 καὶ
468 5209 515 5243 ⁸⁷
550 5207 641 5263 ἀεὶ
672 5207 1026 5281 κινούμενον.
1059 5209 1249 5263 Πάντα
1285 5208 1343 5262 δὲ
1376 5206 1445 5262 τὰ
1471 5206 1744 5279 ὀργανικὰ
1770 5206 1927 5275 λεγό-

401 5431 450 5465 ³⁹
482 5431 512 5484 ὁ
537 5443 647 5484 om.
684 5429 748 5484 (Ξ.
825 5431 870 5462 ⁶⁰
901 5430 999 5485 τοῦ
1030 5446 1143 5485 om.
1171 5429 1213 5487 C
1242 5429 1301 5484 P.
1381 5429 1424 5461 “
1459 5427 1552 5484 Sic
1592 5427 1657 5493 C,
1686 5428 1852 5482 αὑτὸν
1883 5428 1948 5482 Α.

328 5505 430 5575 τῆς
456 5502 520 5557 C.
598 5498 642 5533 ⁸⁸
673 5502 808 5571 παρ’
833 5521 838 5552 ι

334 5576 427 5627 usi!
449 5572 516 5627 A.
611 5571 657 5604 '“
686 5571 765 5627 τῶ
790 5571 838 5627 Α

330 5716 378 5787 τε
416 5713 574 5787 αὐτῷ
593 5711 811 5787 QmLC.
889 5712 936 5787 τί
955 5712 1173 5787 κεφαλὴ
1205 5713 1266 5787 ab
1292 5712 1385 5768 όπ.
1511 5713 1567 5768 Ρ.

328 5785 378 5858 ’ξ’
408 5783 572 5839 ποτὸν
598 5783 660 5840 C.
687 5784 750 5858 ξ’
787 5785 1048 5858 πυρώδης
1079 5786 1140 5842 C.

330 5856 377 5891 "’
402 5858 495 5913 καὶ
528 5872 635 5913 om.
674 5855 738 5912 (ὲ.

949 5573 996 5605 ⁷³
1032 5569 1249 5626 ούτιοῦν
1276 5572 1346 5625 Α.

2027 5429 2071 5461 ⁶¹
2105 5443 2313 5496 παρακ.
2353 5423 2657 5496 πνεύμονος
2683 5423 2814 5496 ΕΑΒ,
2893 5421 3081 5496 “fa-tim

759 5502 818 5581 ρ’.
833 5501 1049 5581 ἑαυτοῖς
1189 5501 1261 5581 ’⁸⁸
1286 5499 1646 5581 εἰσκρίνουσα
1665 5499 1747 5581 ϐλ
1791 5500 1837 5581 "’-
1871 5498 2144 5581 ταύτηςρ
2377 5498 2530 5581 ἀσχοξ

1438 5570 1487 5603 ⁷³
1519 5569 1682 5640 ἁρεὺς
1707 5570 1771 5636 C,
1814 5571 2008 5641 ἀραιὸς
2035 5565 2153 5641 ’γὰρ
2181 5567 2241 5624 Ρ.
2319 5566 2369 5599 ⁷⁸⁵
2396 5565 2733 5629 πολύπειρος
2770 5565 2832 5619 C.

1658 5713 1704 5746 "
1738 5710 2146 5784 συστελλομένη

1227 5785 1275 5818 ⁸⁸
1312 5785 1536 5840 πυκνός.
1565 5802 1621 5841 κ.
1661 5786 1881 5858 μικρότ.
1923 5776 2023 5839 Α.’
2066 5784 2112 5816 ⁸⁵
2136 5776 2203 5836 ’τὸ
2228 5781 2571 5855 νεαρώτερον
2606 5797 2662 5834 κ.
2696 5776 3034 5852 ψυχρότερον
3061 5780 3128 5834 Α.
3202 5778 3248 5813 ⁸⁸
3272 5776 3538 5848 ἐννόησαν
3570 5778 3647 5844 At,

2114 4744 2364 4808 Interea,
2422 4742 2655 4813 spiritus
2694 4739 3186 4810 reciprocationem
3244 4738 3497 4795 nonnulli
3537 4753 3639 4796 na-

2041 4842 2175 4888 tum:
2222 4843 2432 4889 tantum
2486 4834 2663 4890 olIicio
2719 4832 3012 4905 provenire
3058 4846 3167 4887 non
3220 4842 3365 4886 recte
3414 4831 3635 4901 quidem

2037 4926 2138 4981 rati
2159 4937 2307 4991 sunt,
2339 4927 2545 4997 quippe
2565 4942 2687 4996 quae
2703 4935 2818 4980 tum
2837 4934 3068 4990 natura,
3087 4934 3199 4979 tum
3232 4924 3428 4977 animae
3455 4922 3636 4977 ollicio

2037 5017 2344 5087 provenit:
2410 5017 2518 5087 32
2568 5017 2852 5072 enimvero
2908 5014 3159 5070 naturale
3212 5030 3339 5070 cum
3407 5014 3635 5068 animali

2038 5118 2352 5165 consertum
2377 5109 2595 5166 exsistit
2652 5107 2744 5164 Vis
2788 5124 3024 5177 namque
3062 5122 3093 5160 a
3133 5122 3241 5177 qua
3268 5107 3634 5162 instrumenta

2039 5213 2332 5262 moventur
2375 5202 2573 5260 anima:
2615 5210 2738 5271 est;
2794 5201 2998 5257 arteria
3043 5214 3211 5265 vero,
3256 5213 3364 5269 qua
3424 5206 3638 5253 naturae

3089 5417 3354 5493 poﬁq9_C.
3396 5418 3488 5493 __“_
3505 5420 3637 5474 ἑαυ-

2309 5497 2355 5529 “
2377 5489 2694 5580 ἀσχολεῖται
2716 5493 2758 5549 C
2782 5494 2842 5548 P.
2921 5494 2965 5525 ⁶⁹
2996 5489 3162 5565 ἕτερα
3194 5490 3235 5545 C
3255 5490 3318 5545 P.
3396 5489 3441 5522 ⁷⁸
3468 5490 3640 5617 ὴρερ-

2319 5566 2369 5599 ⁷³
2396 5569 2733 5629 πολυπειοος
2770 5565 2832 5619 C.
2916 5565 2961 5597 "
2993 5561 3460 5635 ἀνεστομωμένας
3492 5563 3533 5617 (Α
3616 5601 3635 5618 .

2349 5710 2398 5743 ⁷³
2434 5709 2491 5762 δέ
2521 5708 2569 5762 Α
2594 5705 2635 5761 Β
2665 5706 2728 5763 C.
2795 5705 3020 5778 ⁸⁸ίαῦτῷ
3056 5704 3117 5762 C.
3188 5706 3234 5741 ⁸¹
3277 5650 3540 5778 ἐκπιέζυόζ
3570 5706 3640 5760 Α.
