4138 6476
569 372 712 427 1125

1890 360 2172 445 uenient
2219 362 2529 417 MONAClll

3719 370 3855 425 ll?!

563 489 710 546 actio
757 483 1078 560 perﬁcitur,
1127 491 1342 538 natura:
1402 487 1826 536 Instrumentum
1857 518 1871 545 ,
1931 488 1985 533 ct
2042 495 2152 549 per-

2270 498 2409 551 μενα
2440 482 2630 552 μόρια,
2670 482 2765 537 καὶ
2793 484 2892 538 ὅσα
2917 484 3007 538 διὰ
3037 489 3248 559 νεύρων
3276 484 3371 540 καὶ
3406 486 3560 557 μυῶν
3597 490 3861 552 κινεῖται,

566 581 711 652 petui
748 587 935 633 motus
989 583 1073 632 est
1109 594 1121 631 :
1152 575 1422 648 siquidem
1463 574 1732 630 univcrsm
1786 580 1989 643 partes,
2032 588 2152 642 qua:

2261 572 2471 644 ψυχικά
2500 576 2561 628 τέ
2613 576 2733 630 ἐστι
2778 577 2873 629 καὶ
2923 578 3069 631 κατά
3096 579 3425 650 προαίρεσιν
3471 578 3861 633 ἀποτελεῐται·

565 670 1015 730 instrumentales
1044 674 1509 740 nuneupantur,et
1530 681 1652 736 qua:
1674 679 1965 719 nervorum
2003 680 2157 720 mus-

2263 668 2405 738 πλὴν
2433 670 2535 739 τῆς
2587 670 2896 741 ἀναπνοῆς·
2930 670 3072 742 αὕτη
3106 673 3217 744 γὰρ
3258 674 3427 744 μικτή
3459 672 3520 726 τέ
3570 675 3745 738 ἐστιν,
3776 674 3865 737 ὡς

565 766 927 833 culorumque
960 761 1144 817 ofﬁcio
1185 768 1393 815 motum
1440 766 1729 828 peragunt,
1788 767 1844 813 et
1891 758 2152 812 animales

2261 760 2550 832 ἐδείξαμεν
2565 763 2634 829 ⁸⁸,
2664 766 2760 819 καὶ
2787 765 3175 837 ἀπροαιρέτως
3206 766 3556 822 ἀποτελεῖται
3578 767 3650 801 ⁸⁸·
3678 768 3866 838 ἀπρο-

562 866 717 921 sunt,
736 865 790 912 et
808 856 875 911 ad
903 854 1188 909 arbitrium
1216 860 1465 907 nostrum
1481 849 1858 920 perficiuntur.
1878 849 1993 905 sola
2016 850 2157 904 dun-

567 958 718 1004 taxat
750 948 975 1019 spiritus
1006 943 1438 1014 reciprocatione
1457 950 1705 1012 excepta,
1732 957 1876 1012 qum,
1910 949 1970 995 ut
2003 956 2155 996 asse-

2263 855 2500 925 αιρέτως
2523 856 2580 910 δὲ
2608 857 2704 912 καὶ
2732 862 2764 928 ἡ
2798 858 3071 929 αὐξητικὴ
3114 858 3210 912 καὶ
3239 860 3273 929 ἡ
3306 858 3577 931 θρεπτικὴ
3610 858 3709 913 τοῦ
3750 857 3859 913 σώ-

2268 961 2439 1015 ματος
2493 944 2725 1018 δύναμις
2769 948 2841 1012 ",
2888 949 3119 1017 φυσικαὶ
3173 945 3368 1004 οὖσαι·
3426 950 3564 1005 ἀλλὰ
3590 951 3635 984 ⁹¹
3676 950 3776 1005 καὶ
3824 953 3858 1022 ἡ

566 1042 799 1105 ruimus,
828 1054 951 1094 cum
987 1038 1276 1107 utriusque
1308 1035 1673 1106 partirepslit,
1708 1034 1878 1089 invito
1932 1035 2152 1089 animali

2266 1036 2579 1109 σφυγμικὴ,
2617 1038 2823 1111 ζωτικὴ
2869 1036 3026 1101 οὖσα.
3075 1041 3142 1095 Ἦ
3168 1040 3227 1096 δὲ
3253 1040 3382 1095 καθ’
3409 1042 3591 1114 ὁρμὴν
3635 1042 3860 1114 κίνησις

562 1133 863 1205 perﬁcitur.
904 1129 1010 1184 Sed
1044 1139 1098 1185 ct
1146 1130 1397 1199 corporis
1430 1127 1739 1193 facultates,
1770 1136 1884 1182 tum
1913 1127 2152 1190 auctiva,

2264 1128 2362 1181 καὶ
2383 1130 2415 1196 ἡ
2447 1129 2725 1200 αἴσθησις,
2758 1131 3011 1201 ψυχικαί.

564 1240 676 1283 tum
730 1224 1011 1296 vegetalis,
1055 1239 1180 1294 qua:
1238 1223 1519 1277 naturales
1577 1231 1729 1285 sunt,
1778 1230 1831 1276 ct
1885 1222 2155 1290 pulsatilis
2194 1221 2358 1277 etiam
2391 1237 2515 1294 quae
2568 1223 2774 1291 vitalis,
2837 1225 2988 1281 nullo
3052 1228 3226 1282 nostri
3279 1227 3494 1285 ardlttii
3543 1227 3857 1284 ministerio

554 1318 824 1389 indigent.
863 1316 1042 1372 Motus
1072 1331 1220 1382 vero,
1263 1314 1358 1386 qui
1396 1330 1521 1370 cum
1559 1315 1794 1384 impetus
1825 1313 1903 1377 ﬁt,
1936 1324 1993 1370 et
2019 1330 2215 1370 sensus
2244 1316 2361 1385 ipse
2405 1316 2474 1371 ad
2506 1317 2746 1372 animam
2775 1317 3030 1375 refertur.

629 1408 776 1479 Quot
836 1425 1075 1480 namque
1140 1409 1506 1464 instrumenta
1563 1408 1790 1476 spiritus
1842 1407 2150 1477 reciproca-

556 1503 693 1558 tioni
746 1501 1069 1564 inserviant,
1120 1507 1175 1554 et
1229 1507 1365 1570 quot
1410 1497 1532 1564 ejus
1565 1511 1747 1551 causa:
1800 1495 2149 1551 discrimina-

555 1609 666 1665 que
695 1594 1022 1653 babcantur,
1081 1590 1135 1645 in
1184 1589 1474 1660 praesentia
1517 1588 1684 1643 missa
1720 1586 2008 1642 faciemus.
2051 1587 2145 1643 Ve-

558 1703 706 1750 rum,
739 1701 865 1740 eum
902 1698 998 1738 cor
1049 1684 1228 1753 ipsum
1275 1682 1589 1752 pulmonem
1638 1689 1762 1750 post
1811 1695 1868 1735 se
1912 1680 2147 1749 positum

558 1778 777 1843 habeat,
827 1775 981 1831 illum
1026 1789 1094 1828 eo
1142 1780 1301 1843 pacto
1344 1788 1456 1842 quo
1487 1786 1658 1841 nuper
1704 1772 2043 1826 assernimns
2082 1771 2150 1826 ad

558 1877 771 1923 motum
815 1866 1021 1937 dirigit.
1054 1864 1190 1925 Cum
1242 1872 1425 1923 autem
1464 1864 1642 1933 ipsum
1692 1879 1758 1918 ex
1809 1863 2042 1919 adverso
2075 1863 2153 1919 si-

558 1975 665 2016 nus
712 1958 1018 2029 superioris
1072 1957 1283 2013 ventris
1331 1954 1639 2021 consistat,
1697 1954 1936 2010 calidum
1997 1954 2151 2010 illum

557 2062 725 2123 atque
750 2050 820 2106 ad
853 2064 1074 2121 propria
1102 2047 1288 2103 munia
1318 2047 1624 2117 peragenda
1648 2047 1902 2102 mobilem
1932 2046 2109 2104 reddit
2134 2066 2148 2102 :

558 2162 668 2202 non
701 2143 846 2214 quod
902 2144 1081 2213 ipsum
1131 2139 1599 2212 quemadmodum
1655 2148 1709 2195 et
1741 2139 2057 2211 pulmonem
2081 2139 2151 2197 ad

555 2238 807 2309 spiritum
827 2234 1234 2302 attrahendum,
1256 2233 1350 2291 sed
1377 2247 1487 2303 quo
1508 2248 1808 2304 congruum
1831 2231 2150 2289 alimentum

553 2330 871 2386 desumeret
903 2328 1132 2384 excitat.

631 2420 751 2477 Huc
786 2421 927 2477 adde
978 2421 1126 2491 quod
1164 2434 1292 2475 cum
1319 2433 1415 2475 cor
1441 2419 1621 2489 ipsum
1663 2417 1805 2474 inter
1835 2418 2149 2489 pulmonem

555 2523 915 2581 ventremque
963 2511 1208 2569 medium
1255 2512 1541 2577 consistat,
1591 2510 1748 2565 alteri
1804 2511 2031 2581 spiritus
2060 2526 2151 2567 re-

554 2608 971 2680 ciprocationis,
1028 2607 1209 2675 alteri,
1268 2621 1394 2677 qua:
1424 2605 1492 2661 ad
1531 2605 1850 2661 alimentum
1891 2605 2147 2670 attinent,

556 2701 846 2757 facultates
912 2702 1243 2773 impertitur.
1299 2698 1509 2755 Meatus
1549 2706 1730 2754 autem
1793 2706 2151 2769 utrorumque

554 2809 622 2849 ex
646 2795 765 2865 pari
792 2794 859 2849 ad
889 2808 952 2847 os
981 2794 1172 2849 directi
1201 2793 1475 2851 visuntur.
1512 2791 1677 2861 Atqui
1702 2790 1981 2861 pulmonis
2003 2806 2152 2847 mea-

557 2896 648 2942 tus
667 2901 772 2949 est.
788 2901 983 2956 aspera
1008 2886 1230 2952 arteria,
1254 2886 1397 2940 alter
1413 2898 1542 2939 vero
1558 2883 1765 2940 ventris
1789 2882 1915 2953 gula
1939 2897 2152 2943 nuncu-

557 2990 741 3049 patur.
771 2978 1047 3044 Quoniam
1102 2993 1235 3033 vero
1288 2985 1479 3039 venter
1527 2975 1902 3032 eoneoetionis
1953 2975 2154 3035 instru-

558 3081 804 3128 mentum
855 3082 938 3127 est
985 3072 1004 3144 (
1038 3072 1090 3126 in
1124 3072 1243 3143 ipso
1273 3071 1418 3127 enim
1474 3086 1595 3141 qua:
1632 3085 1763 3126 esus
1803 3068 2046 3127 absumit
2094 3069 2147 3124 in
2178 3107 2221 3167 ο

559 3177 787 3218 succum
806 3163 1140 3235 vertuntur),
1169 3162 1442 3233 exemplo,
1469 3177 1592 3232 quae
1615 3160 1669 3217 in
1692 3160 1810 3232 ipso
1827 3159 1945 3216 ﬁeri
1970 3159 2153 3217 solent

559 3257 882 3329 planissime
933 3255 1458 3313 demonstrabimus.
1498 3252 1971 3321 Quemadmodum
2002 3253 2149 3308 enim

556 3367 621 3406 ex
670 3352 853 3407 tritico
893 3366 1017 3406 cum
1051 3349 1210 3405 molae
1250 3348 1540 3404 adhibetur
1594 3345 1770 3402 farina
1825 3345 1907 3411 fit,
1952 3344 2151 3403 dehinc

558 3444 676 3513 ipsa
710 3459 867 3514 aqua;
905 3442 1237 3499 admistione
1264 3440 1321 3496 in
1367 3456 1609 3497 massam
1641 3437 1925 3509 redigitur,
1960 3437 2148 3509 quain

557 3535 781 3591 fornace
810 3535 1060 3599 decocta,
1109 3542 1165 3590 et
1196 3549 1298 3590 nos
1319 3533 1615 3598 vescimur,
1640 3540 1695 3587 et
1732 3531 1857 3587 aliis
1905 3529 2153 3599 imperti-

559 3643 716 3683 mnr:
746 3626 913 3697 hujus
951 3625 1171 3696 quidem
1229 3624 1476 3679 muneris
1504 3633 1696 3679 nostro
1727 3622 1780 3676 in
1807 3635 2041 3691 corpore
2072 3620 2149 3679 si-

559 3722 688 3777 mile
709 3720 984 3791 quodtlam
1008 3717 1276 3774 cernitur.
1310 3715 1595 3787 Siquidem
1616 3714 1801 3770 cibum
1822 3714 2001 3784 ipsum
2025 3713 2153 3769 den-

557 3814 694 3869 tium
713 3810 1037 3868 conﬁcimus
1051 3807 1252 3875 oﬂicio,
1275 3807 1370 3878 qui
1399 3817 1522 3879 potu
1560 3806 1798 3864 admisto
1823 3806 1877 3861 in
1905 3812 2150 3861 ventrem

557 3904 881 3960 demittitur.

626 3996 732 4052 Sed
763 3993 1026 4067 quoniam
1060 3992 1177 4063 ipse
1200 3986 1726 4063 33,utitadicam,
1760 3989 2006 4045 fornacis
2034 3988 2154 4045 vice

561 4091 616 4145 in
645 4089 1041 4160 concoquendo
1063 4102 1227 4158 pane,
1266 4085 1333 4140 ad
1361 4099 1549 4140 eorum
1582 4084 1993 4139 concoctionem
2028 4083 2152 4156 plu-

561 4184 703 4240 rimo
732 4183 918 4239 calore
950 4180 1178 4250 indiget,
1215 4194 1331 4245 cor,
1382 4178 1451 4233 ab
1480 4178 1624 4250 ipso,
1661 4192 1771 4248 quo
1806 4177 2154 4234 asseruimus

559 4275 744 4340 modo,
795 4287 1055 4344 superne,
1110 4287 1178 4328 ex
1228 4270 1463 4327 adverso
1527 4270 1692 4327 situm
1746 4269 2025 4336 obtinens,
2059 4284 2154 4325 ca-

560 4372 729 4425 lorem
793 4367 899 4424 sibi
949 4366 1160 4437 justum
1208 4363 1543 4435 suppeditat.
1606 4362 1770 4432 Atqui
1835 4370 1889 4417 et
1945 4363 2151 4432 jecur,

2329 1409 2540 1463 ῐῘόσα⁹¹
2568 1411 2625 1464 δὲ
2646 1410 2859 1481 ὄργανα
2878 1416 2981 1485 τῆς
2994 1414 3296 1483 ἀναπνοῆς,
3323 1414 3418 1468 καὶ
3436 1414 3581 1469 πόσα
3604 1414 3755 1470 αῐτια
3775 1417 3846 1480 ’³,

2258 1501 2352 1554 καὶ
2406 1503 2573 1556 πόσαι
2606 1503 2816 1575 ταύτης
2870 1506 3168 1579 διαφοραὶ,
3219 1509 3279 1561 οὐ
3331 1506 3429 1561 νῦν
3461 1508 3577 1563 ἐστι
3629 1510 3851 1579 λέγειν’

2258 1591 2401 1662 πλὴν
2436 1594 2615 1665 ἀλλ’ἢ
2651 1597 2851 1666 καρδία
2883 1599 3117 1652 κατόπιν
3156 1598 3251 1653 τὸν
3297 1600 3578 1671 πνεύμονα
3624 1602 3848 1672 ἔχουσα,

2257 1681 2434 1747 οὕτως
2463 1686 2551 1739 ἀεὶ
2584 1687 2854 1742 κινεῖσθαι
2904 1691 3343 1760 παρασκευάζει,
3374 1693 3453 1757 ὼς
3501 1694 3685 1765 μικρῷ
3715 1697 3854 1767 πρό⁶

2259 1774 2387 1828 σθεν
2427 1777 2668 1848 εἴρηται.
2708 1780 3064 1851 Ἕμπροσθεν
3085 1781 3141 1835 δὲ
3172 1781 3346 1851 αὐτῆς
3374 1782 3422 1816 ³⁸
3455 1783 3533 1853 τῷ
3561 1784 3853 1856 χωρίσμα-

2254 1883 2310 1920 τι
2344 1868 2392 1902 ⁸⁵
2421 1868 2525 1938 τῆς
2555 1869 2668 1922 ἄνω
2696 1871 2936 1943 γαστρὸς
2975 1873 3250 1943 ἐμφυεῐσα
3271 1874 3339 1939 ⁸⁸,
3366 1873 3631 1946 ἔνθερμον
3654 1876 3849 1946 αὐτὴν,

2256 1959 2351 2012 καὶ¹
2381 1959 2520 2030 πρὸς
2550 1961 2651 2025 τάς
2676 1960 2815 2027 ιδίας
2836 1964 3123 2035 ἐνεργείας
3152 1966 3491 2039 κινουμένην
3529 1970 3716 2021 ποιεῖ’
3745 1970 3853 2022 οὐκ

2255 2051 2338 2113 είς
2371 2050 2689 2123 πνεύματος
2728 2054 2897 2129 ὁλκὴν
2929 2057 3030 2127 τὴν
3056 2057 3302 2129 γαστέρα
3327 2057 3403 2123 ὡς
3432 2061 3529 2112 τὸν
3565 2061 3852 2131 πνεύμονα

2253 2140 2622 2215 διεγείροντα,
2696 2146 2812 2201 ἀλλ’
2872 2149 2957 2213 είς
3005 2149 3275 2222 ὑποδοχὴν
3353 2152 3453 2223 τῆς
3506 2154 3852 2225 καταλλήλου

2253 2248 2486 2305 τροφης.

2325 2411 2485 2484 Μέση
2514 2412 2625 2485 γὰρ
2649 2416 2682 2485 ἡ
2711 2414 2912 2487 καρδία
2936 2418 3031 2475 τοῦ
3054 2416 3472 2489 πνεύμονοςκαὶ
3491 2419 3592 2492 τῆς
3610 2422 3851 2494 γαστρὸς

2254 2505 2582 2578 ἐγκειμένη,
2616 2506 2697 2578 τῷ
2753 2507 2853 2579 μὲν
2903 2507 3041 2580 πρὸς
3074 2508 3175 2581 τὴν
3213 2510 3512 2583 ἀναπνοὴν,
3560 2514 3629 2585 τῇ
3691 2514 3737 2549 ’⁷
3790 2516 3851 2569 δὲ

2254 2598 2395 2670 πρὸς
2433 2598 2536 2671 τὴν
2568 2599 2779 2672 τροφὴν
2822 2599 2923 2664 τὰς
2955 2600 3216 2673 δυνάμεις
3248 2603 3294 2635 ’⁸
3325 2604 3593 2677 ἐντίθησι.
3639 2605 3762 2661 Τῶν
3788 2607 3851 2660 δὲ

2253 2692 2587 2763 ἀμφοτέρων
2626 2694 2677 2745 οἱ
2701 2694 2881 2764 πόροι,
2911 2693 3101 2767 ἐξίσης
3124 2697 3170 2729 ’⁸
3195 2699 3338 2751 κατὰ
3368 2698 3431 2751 τὸ
3460 2699 3637 2770 στόμα
3664 2701 3680 2733 ί
3716 2716 3851 2754 συν-

2251 2784 2678 2857 απαρτίζονται.
2701 2786 2996 2858 Καλοῦμεν
3017 2788 3074 2842 δὲ
3100 2787 3194 2844 τὸν
3217 2789 3318 2860 μὲν
3369 2790 3467 2844 τοῦ
3493 2792 3812 2863 πνεύματος
3829 2795 3854 2825 ³

2256 2876 2447 2947 πόρον,
2501 2879 2770 2948 τραχεῖαν
2817 2879 3129 2950 ἀρτηρίανο
3180 2881 3274 2935 τὸν
3321 2882 3379 2935 δέ
3426 2883 3529 2954 τῆς
3582 2886 3851 2957 γαστρὸς,

2253 2968 2556 3037 οἰσοφάγον
2576 2970 2617 3023 ³.
2655 2969 2878 3042 Ἐπειδὴ
2900 2974 2933 3044 ἡ
2964 2973 3183 3046 γαστὴρ
3204 2973 3441 3046 όργανόν
3454 2978 3577 3032 ἐστι
3596 2978 3851 3049 πέψεως·

2254 3058 2314 3112 ἐν
2344 3060 2483 3131 αὐτῇ
2515 3059 2628 3131 γὰρ
2677 3061 3051 3132 χυλοποιεῑται
3083 3066 3153 3118 τὰ
3187 3065 3479 3137 ἐσθιόμενα
3498 3083 3514 3099 ⁸
3559 3068 3763 3140 μᾶλλον
3791 3071 3853 3126 δὲ

2253 3150 2346 3205 διὰ
2401 3152 2859 3224 παραδείγματος
2886 3154 2948 3208 τὸ
2978 3155 3039 3210 ἐν
3071 3156 3212 3228 αὐτῇ
3242 3159 3530 3229 γινόμενον
3571 3162 3849 3232 εἴπωμεν.

2256 3243 2381 3297 Ὅτι
2418 3243 2612 3316 ὥσπερ
2641 3245 2734 3301 τὸν
2770 3249 2918 3301 σῖτον
2947 3246 3339 3320 ,λαμϐάνοντες
3388 3253 3448 3305 ἐν
3477 3254 3599 3318 ταῖς
3650 3254 3850 3326 μύλαις

2255 3335 2712 3410 καταλεαίνομεν,
2767 3340 3052 3406 ποιοῦντες
3086 3342 3355 3416 ἄλευρον·
3392 3342 3514 3400 sima
3555 3346 3848 3417 μιγνύντες

2254 3428 2410 3485 ὕδατι
2449 3431 2473 3464 ⁸
2502 3431 2805 3503 φυροῦμεν,
2849 3435 2945 3488 καλ⁸
2979 3438 3428 3510 παραπέμπομιν
3458 3443 3482 3474 ⁸
3516 3444 3581 3513 τῇ
3625 3439 3838 3511 καμίνῳ

2253 3525 2336 3589 είς
2388 3525 2656 3595 ὄπτησινο
2719 3527 2860 3597 μετᾶ
2907 3528 3097 3599 δὲτὴν
3149 3529 3386 3602 ὄπτησιν
3434 3532 3695 3605 χρώμεθα
3737 3535 3834 3588 καὶ

2255 3618 2442 3688 ἡμεῖς,
2473 3618 2571 3673 καὶ
2606 3618 2783 3689 ἑτέρῳ
2810 3620 2832 3652 ⁸
2865 3621 3225 3693 μεταδίδομεν
3259 3623 3300 3656 τ·
3345 3622 3520 3688 οὕτως
3553 3624 3647 3680 καὶ
3678 3626 3736 3679 ἐν
3759 3624 3839 3696 τῷ

2254 3711 2514 3783 ἡμετέρῳ
2556 3709 2772 3783 σώματι
2808 3711 2959 3767 ἐστιν
2996 3714 3147 3769 ἰδεῖν.
3180 3715 3295 3787 Τὴν
3318 3716 3429 3788 γάρ
3454 3718 3667 3789 τροφὴν
3699 3732 3843 3788 μασ-

2255 3803 2465 3873 σόμεθα
2496 3804 2519 3836 ⁸
2550 3804 2645 3859 καὶ
2687 3806 3117 3878 καταλεαίνομεν
3145 3807 3236 3861 διά
3281 3808 3393 3863 τῶν
3430 3809 3693 3863 ὀδόντωνο
3724 3805 3847 3864 εἶτα

2254 3897 2464 3969 πόματι
2490 3897 2776 3968 μίξαντες,
2809 3901 3260 3973 παραπέμπομεν
3285 3904 3308 3937 ⁹
3339 3905 3407 3975 τῇ
3434 3902 3653 3972 γαστρί.

2339 3990 2559 4063 Ἐπειδὴ
2592 3991 2635 4023 ¹⁶
2667 3992 2848 4047 δέεται
2892 3993 3031 4063 αὕτη
3074 3995 3116 4027 ¹¹
3150 3993 3458 4067 θερμασίας
3491 3995 3744 4060 πλείονος
3764 3997 3848 4061 είς

2258 4080 2319 4134 τὸ
2349 4082 2528 4137 ταῦτα
2553 4082 2780 4153 ἑψῆσαι,
2816 4083 3007 4157 ὥσπερ
3044 4086 3140 4140 τὸν
3169 4088 3335 4159 ἄρτον
3361 4090 3389 4142 ό
3418 4087 3701 4153 κλίϐανος,
3726 4090 3849 4159 ἔχει

2252 4172 2354 4245 τὴν
2388 4174 2487 4245 μὲν
2515 4176 2743 4246 καρδίαν
2770 4178 3179 4249 ὑπερκειμένην
3210 4180 3350 4251 αύτῇ
3390 4180 3513 4234 καθ’
3542 4181 3603 4234 ὃν
3629 4180 3849 4253 εἴρηται

2254 4265 2494 4337 τρόπον·
2546 4266 2691 4320 ὣστε
2743 4268 2980 4338 ἄφθονον
3014 4271 3154 4343 αὐτῇ
3196 4271 3299 4343 τὴν
3342 4271 3653 4344 θερμασίαν
3701 4289 3849 4343 παρ-

2254 4357 2477 4430 έχεσθαι
2512 4361 2579 4415 ".
2617 4362 2774 4433 Ἔχει
2805 4362 2864 4416 δὲ
2896 4362 2958 4417 τὺ
2985 4359 3141 4437 ἧπαρ
3164 4364 3483 4436 διάθερμον,
3511 4366 3589 4431 ὡς
3611 4366 3851 4437 αἵματος

557 4463 704 4532 quod
741 4462 924 4516 calore
972 4459 1264 4530 praeditum
1310 4466 1430 4522 est,
1462 4464 1519 4511 et
1555 4470 1586 4509 a
1613 4470 1724 4525 quo
1768 4469 1867 4510 ceu
1902 4453 2151 4511 fonticuli

2259 4453 2447 4524 πηγὰς
2486 4454 2796 4526 ἁναὸρύον⁹
2832 4454 2945 4527 ἔχει
2988 4456 3046 4511 δὲ
3077 4457 3292 4512 καὶτὸν
3335 4457 3571 4530 σπλῆνα,
3619 4459 3719 4530 οὐχ
3768 4457 3848 4522 ὡς

561 4553 848 4625 sanguinis
892 4559 1141 4616 scatent,
1179 4551 1338 4605 alvus
1390 4551 1443 4603 in
1507 4562 1568 4603 se
1610 4547 1876 4601 continet.
1936 4545 2041 4603 Sed
2096 4557 2152 4603 et

561 4647 666 4702 lien
689 4687 706 4714 ,
746 4661 854 4699 non
886 4643 1047 4713 quasi
1098 4642 1282 4696 calore
1325 4640 1398 4696 sit
1434 4640 1696 4710 praeditus
1726 4638 1916 4709 (hujus
1967 4650 2148 4696 autem

563 4738 671 4793 exti
722 4744 915 4791 natura
963 4734 1157 4806 frigida
1210 4730 1502 4802 habetur),
1557 4730 1661 4801 ipsi
1694 4730 1979 4798 proximus
2026 4749 2155 4789 con-

562 4830 726 4887 sistit.
783 4826 988 4884 Verum
1054 4826 1185 4897 quia
1248 4825 1355 4878 lien
1413 4823 1628 4879 venulis
1677 4823 2003 4895 arteriisque
2062 4841 2150 4882 re-

563 4921 735 4976 fertus
768 4928 890 4983 est,
945 4918 1014 4972 ab
1062 4914 1193 4987 ipso
1236 4923 1427 4969 venter
1469 4912 1638 4969 nihilo
1675 4914 2000 4972 deteriorem
2052 4933 2150 4974 ca-

562 5011 697 5068 loris
747 5011 1056 5081 portionem
1098 5022 1264 5078 quam
1316 5006 1383 5061 ab
1430 5005 1552 5061 aliis
1598 5009 1970 5079 consequitur.
2010 5009 2152 5066 Prm-

564 5115 756 5171 terea,
815 5111 1095 5158 omentum
1166 5101 1331 5156 etiam
1398 5098 1571 5156 Grteci
1635 5102 1892 5158 ἐπίπλων
1924 5144 1939 5168 ,
2002 5105 2149 5174 quod

566 5194 788 5269 pinguis
848 5193 1097 5248 tunicula
1152 5202 1271 5258 est,
1336 5193 1460 5249 alvo
1509 5194 1746 5266 undique
1802 5197 2149 5263 obvolvitur,

571 5302 640 5345 ne
684 5285 884 5340 insitus
931 5283 1083 5340 calor
1131 5285 1227 5356 qui
1277 5284 1330 5340 in
1391 5285 1563 5357 ipsam
1604 5287 1843 5343 demissa
1893 5286 2152 5342 alimenta

654 5485 1089 5558 “ﬁmr‘igiﬁapev
1120 5486 1186 5545 A.
1277 5487 1323 5520 '9
1349 5487 1509 5542 verba
1538 5489 1678 5556 πλὴν
1707 5504 1759 5539 τ.
1790 5487 1988 5541 ἀναπν.
2021 5501 2152 5558 usqu

2256 5488 2283 5558 ι]
2319 5487 2671 5544 ἀποτελεῖται
2693 5503 2803 5544 om.
2844 5488 2910 5545 C.
2987 5489 3032 5523 "
3059 5488 3213 5558 δύσις
3238 5486 3302 5545 C.

567 5557 751 5611 interi.
787 5560 839 5613 in
861 5557 923 5613 P.
994 5556 1046 5591 7"
1072 5563 1166 5613 καὶ
1209 5559 1354 5612 πόσα
1386 5558 1448 5612 C.
1544 5559 1589 5591 ³³
1625 5558 1793 5610 πόσαι
1821 5558 1994 5611 αἰτίαι
2023 5556 2068 5611 C
2090 5558 2152 5613 Ρ.

570 5629 725 5717 νητῷ
753 5628 815 5686 C.
921 5630 966 5663 ’⁸
999 5630 1178 5699 δύσεις
1212 5632 1273 5685 C.
1382 5628 1429 5661 ⁹⁹
1452 5628 1650 5698 ἐπίσης
1690 5629 1731 5683 C
1761 5626 1823 5685 P.
1938 5632 1953 5659 ι
1978 5627 2139 5728 σῶμα

571 5701 594 5728 ι
628 5700 779 5728 ..ἓ-Ἰ
812 5701 849 5728 D
929 5702 949 5728 l
980 5702 1346 5728 -‘An:!:..-l-hl
1514 5698 1534 5728 ⁸
1563 5700 1769 5728 Αλιρ
1867 5696 1907 5728 ρ
2097 5717 2152 5728 ll‘

2258 5557 2278 5589 ⁸
2305 5559 2487 5613 αὐτῶν
2509 5560 2572 5615 C.

2339 5629 2360 5658 ’
2392 5630 2570 5701 πνεύμ

2256 5698 2492 5728 μὲι-...ψ
2513 5703 2554 5728 ιο

570 5629 612 5661 ³⁷
636 5629 725 5699 τῷ
753 5628 815 5686 C.
921 5630 966 5663 ⁸⁸
999 5630 1178 5699 δύσεις
1212 5632 1273 5685 C.
1382 5628 1429 5699 9⁸
1452 5628 1650 5698 ἐπίσης
1690 5629 1731 5683 (Σ
1761 5626 1823 5699 Ps

2260 4544 2475 4617 θερμὸν
2523 4545 2755 4617 (ψυχρὸν
2789 4548 2900 4619 γὰρ
2955 4549 3117 4602 τοῦτο
3147 4550 3309 4619 φύσει
3356 4549 3416 4604 τὸ
3469 4549 3846 4621 σπλάγχνον),

2258 4638 2399 4692 ἀλλά
2428 4638 2518 4692 διὰ
2543 4640 2652 4693 τῶν
2682 4640 2740 4693 ἐν
2767 4640 2919 4712 αὐτῷ
2949 4641 3166 4711 φλεϐῶν
3196 4660 3256 4696 τε
3287 4642 3385 4696 καὶ
3417 4641 3720 4716 ἀρτηριῶν,
3752 4643 3847 4696 ού-

2257 4731 2345 4786 δέν
2396 4726 2561 4803 ἧττον
2591 4733 2701 4788 τῶν
2735 4732 2912 4789 ἄλλων
2945 4735 3040 4789 καὶ
3082 4734 3141 4800 ἐξ
3188 4735 3402 4789 ἐκείνου
3459 4733 3847 4807 παραπολαύει

2260 4822 2628 4894 θερμότητος.
2682 4823 2846 4878 Ἀλλά
2878 4826 2972 4880 καὶ
3014 4826 3075 4879 τὸ
3102 4823 3365 4879 ἐπίπλοον
3388 4825 3520 4896 ἔχει,
3551 4827 3690 4898 ὅπερ
3728 4825 3849 4878 ἐστὶ

2262 4915 2580 4987 πιμελώδης
2632 4917 2800 4988 χιτὼν
2851 4918 3195 4991 πανταχόθεν
3246 4922 3389 4997 αὐτῇ
3434 4919 3842 4991 περικείμενος,

2259 5011 2424 5081 χάριν
2454 5008 2552 5062 τοῦ
2586 5009 2662 5081 μὴ
2681 5009 3025 5065 διαπνεῖσθαι
3048 5012 3145 5064 καὶ
3162 5011 3557 5071 σκεδάννυσθαι
3585 5009 3649 5063 τὸ
3672 5009 3848 5080 ἔμφυ-

2262 5120 2357 5156 τον
2386 5103 2591 5175 θερμὸν
2628 5104 2696 5169 ⁸³,
2735 5104 2797 5158 τδ
2826 5104 3307 5176 κατεργαζόμενον
3333 5105 3393 5158 ἐν
3421 5104 3559 5177 αὐτῇ
3604 5101 3704 5166 τάς
3727 5118 3852 5173 τρο-

2259 5196 2368 5267 φάς
2395 5213 2409 5227 ·
2448 5195 2640 5251 τούτου
2686 5197 2849 5268 χάριν
2894 5197 2992 5251 καὶ
3034 5196 3098 5251 τὸ
3148 5197 3445 5270 λεγόμενον
3479 5196 3845 5268 περιτόναιον,

2258 5288 2400 5359 αὐτῇ
2426 5305 2486 5341 τε
2520 5288 2616 5343 καὶ
2646 5288 2691 5320 ³⁸
2720 5290 2836 5353 τοῖς
2868 5288 3111 5362 ἐντέροις
3141 5289 3517 5361 περιτέταται,
3553 5285 3850 5359 περισφίγ-

3406 5487 3449 5519 ⁹¹
3480 5484 3617 5541 ἀλλά
3639 5497 3753 5543 om.
3782 5472 3853 5551 (ξ,

2671 5560 2718 5593 ’⁸
2737 5561 3054 5633 ,χφρήμφτι
3082 5560 3143 5616 C-
3174 5557 3237 5633 Ρ·
3335 5558 3382 5633 '_'
3415 5557 3762 5633 προσφυεῖσα
3782 5556 3854 5633 Q-

2339 5629 2694 5716 τπνειειμεεγος
2716 5625 2871 5716 ut
2900 5625 2935 5716 ξ’
2985 5630 3300 5716 ’.ισοειηιγον
3339 5629 3417 5694 Α.
3458 5625 3758 5716 ﬁeres
3783 5625 3853 5716 εξ-

571 5701 594 5774 f
628 5696 786 5774 ὕδασι
806 5701 869 5759 Β.
929 5696 1480 5774 [παραδίδομτνβχ
1514 5696 1769 5774 [ἑτέροις
1803 5698 1844 5774 Β
2058 5696 2077 5728 ’⁷
2096 5696 2555 5774 μεταδιδόαμενῖῧ
2584 5703 2641 5758 Ρ.
2715 5704 2737 5734 ⁸
2771 5701 3080 5774 μασώμεθα
3109 5696 3155 5756 Ᾱ
3184 5696 3248 5769 (Ξ,
3268 5696 3762 5774 προσμασσῲμεθα
3784 5697 3854 5774 ξε

569 5771 592 5805 ¹⁹
625 5770 917 5843 πέμπομεν
947 5772 1006 5826 Β.
1064 5766 1075 5774 ’
1121 5773 1164 5805 ¹⁰
1196 5766 1331 5843 ἐπεὶ,
1355 5770 1413 5843 δέ
1442 5767 1486 5820 Β
1532 5766 1594 5822 Ρ.

1703 5771 1744 5800 ¹¹
1776 5769 1913 5840 αὑτὴ
1942 5767 2003 5824 Β.

571 5841 667 5897 καὶ
704 5839 768 5911 Β,
800 5839 894 5898 καὶ
922 5861 1034 5900 υιιι.
1058 5845 1125 5911 Α,
1160 5859 1279 5899 mox
1316 5839 1545 5909 ἑτέροις-

2120 5772 2163 5803 ¹²
2194 5772 2459 5841 παρέχειν
2490 5773 2549 5827 Ρ.

2648 5774 2692 5806 ³³
2720 5765 2786 5827 τδ
2814 5765 2954 5846 ἐμφξ
2976 5774 3028 5829 θ.
3072 5774 3168 5827 καὶ¹
3198 5765 3353 5828 aia-:6.
3387 5765 3447 5826 ιξ.
3550 5768 3595 5801 ¹⁸
3621 5765 3763 5838 αὐτῇ
3790 5765 3859 5823 δὲ
