4138 6474
503 445 648 505 ili?

1824 444 2104 501 MELETH
2146 442 2460 500 MONACHI

3637 451 3780 507 1128

509 565 752 635 quidem,
813 577 934 633 quae
980 561 1102 631 ejus
1142 563 1319 631 portio
1366 563 1534 617 levior
1579 571 1690 625 est.
1750 576 1813 617 ac
1865 577 2085 618 sursum

2194 560 2317 614 ὅσον
2347 559 2448 631 μὲν
2482 557 2687 629 κοῦφον
2710 561 2804 614 καὶ
2831 561 3112 634 ἀνωφερὲς
3143 563 3282 635 ὅπερ
3317 565 3412 618 καὶ
3470 565 3775 639 ξανθοχολι-

509 657 732 711 tendere
772 655 913 709 valet
960 653 1126 724 (quod
1171 652 1387 722 quidem
1421 652 1581 706 flavae
1627 652 1748 706 bilis
1769 667 2091 707 excremen-

511 760 626 803 tum
676 762 800 803 esse
849 756 1040 816 suapte
1073 754 1262 800 natura
1317 746 1566 800 idoneum
1594 746 1720 811 est),
1765 747 1927 812 banc,
1971 761 2092 816 qua:

485 842 689 896 fellcm
744 839 1024 904 continet,
1079 852 1310 908 quazque
1359 837 1591 907 jocinori
1650 837 1899 908 proxima
1960 853 2093 892 cou-

512 935 656 990 sistit
710 933 886 986 vesica
913 971 927 996 ,
969 930 1216 1000 suscipit.
1259 929 1414 996 Quod
1459 946 1590 985 vero
1634 931 1810 1001 magis
1853 939 2090 987 terreum

489 1037 630 1094 est,
681 1036 735 1081 et
787 1024 945 1096 quasi
997 1023 1278 1094 sanguinis
1336 1024 1462 1090 fex,
1501 1025 1606 1079 lien
1675 1040 1777 1080 suo
1827 1025 2091 1095 peculiari

483 1127 691 1172 .meatu
764 1114 1042 1186 proprium
1105 1115 1424 1169 alimentum
1481 1116 1744 1170 sumendo
1808 1116 1912 1171 sibi
1970 1118 2083 1170 vin-

486 1211 671 1265 dicat.
731 1207 940 1262 Etenim
976 1222 1208 1278 quaeque
1239 1222 1379 1278 pars
1415 1223 1714 1276 congruum
1773 1209 2090 1264 alimentum

487 1298 756 1368 suscipit.
802 1295 1027 1351 'Behinc
1107 1295 1238 1350 illud
1309 1297 1457 1350 brevi
1509 1298 1900 1368 concoquendo
1955 1299 2090 1352 alte-

506 1393 808 1462 randoque,
849 1405 914 1446 ac
957 1391 1012 1444 in
1055 1390 1140 1443 sui
1203 1399 1452 1444 naturam
1506 1393 1917 1458 commutando,
1966 1407 2091 1463 pro-

506 1482 637 1552 price
697 1480 1015 1538 substantia:
1056 1479 1291 1548 applicat
1327 1499 1338 1532 :
1380 1489 1433 1531 et
1466 1479 1710 1548 quaedam
1748 1493 1776 1532 a
1804 1480 2091 1550 sanguine,

507 1572 768 1627 nonnulla
803 1585 933 1626 vero
963 1573 1032 1625 ab
1083 1571 1446 1624 excrementis
1513 1570 1613 1623 boc
1661 1579 1822 1640 pacto
1848 1570 2088 1624 aluntur.

497 1665 696 1736 -lgitur,
729 1679 855 1719 cum
887 1663 995 1718 lien
1020 1678 1049 1715 a
1079 1661 1362 1732 sanguinis
1395 1660 1577 1716 fecoso
1603 1661 2093 1715 humorcenutria-

505 1770 618 1822 tur,
649 1757 827 1828 ipsum
859 1770 891 1810 a
920 1753 1164 1824 jecinore
1190 1753 1256 1806 ad
1300 1767 1357 1808 sc
1386 1753 1571 1808 trahit.
1609 1752 1688 1807 Ad
1714 1753 1817 1807 hoc
1857 1768 2092 1825 namque

505 1863 692 1905 serosa
747 1846 1032 1917 sanguinis
1086 1846 1264 1915 portio
1317 1845 1533 1901 residua
1582 1845 1662 1908 fit,
1697 1861 1862 1915 quam
1912 1861 2091 1909 renes,

2195 653 2292 707 κδν
2317 655 2362 686 ⁸³
2399 654 2723 725 περίττωμα
2756 655 3004 726 πέφυκεν
3042 650 3205 723 εἶναι,
3239 657 3510 728 λαμὸἀνει
3559 661 3692 714 αὐτὸ
3748 664 3784 734 Ἰι

2196 745 2488 816 χοληδόχος
2521 747 2715 811 κύστις
2741 747 2972 817 πλησίον
3011 748 3240 820 κειμένη
3292 750 3386 804 τοῦ
3438 751 3668 821 ἥπατος.
3708 754 3786 806 Τὸ

2193 836 2252 889 δὲ
2305 837 2509 905 γεῶδες
2548 838 2644 892 καὶ
2696 833 2808 892 οἷον
2858 840 2994 913 τρὺξ
3024 840 3069 872 ⁸⁸
3109 841 3204 894 τοῦ
3256 842 3514 912 αἵματος,
3563 844 3710 898 ἕλκει
3757 849 3788 898 ό

2198 926 2378 996 σπλὴν
2405 925 2494 980 διά
2537 926 2634 981 τοῦ
2667 928 2836 982 αὑτοῦ
2877 929 3048 999 πόρου
3104 930 3316 984 οἰκείαν
3370 931 3580 1003 τροφὴν
3625 933 3786 988 τοῦτο

2197 1017 2543 1089 ποιούμενος.
2600 1020 2957 1090 Κατάλληλον
2996 1020 3106 1092 γὰρ
3150 1020 3250 1092 τὴν
3294 1021 3504 1092 τροφὴν
3551 1023 3786 1077 ἕκαστον

2195 1111 2506 1181 ἐπιδέχεται
2537 1111 2646 1164 τῶν
2671 1113 2902 1184 μορίων.
2934 1109 3066 1167 Εἶτα
3088 1113 3131 1145 ⁸⁸
3175 1113 3319 1168 κατὰ
3369 1114 3548 1186 βραχὺ
3569 1115 3615 1147 ⁴⁶
3650 1116 3786 1169 πέτ-

2194 1219 2289 1257 τον
2324 1204 2420 1258 καὶ
2458 1203 2709 1258 ἀλλοιοῦν
2744 1205 2840 1258 καὶ
2869 1203 3175 1275 ἐξομοιοῦν,
3212 1206 3540 1280 προστίθησι
3573 1210 3641 1278 τῇ
3680 1210 3784 1262 αὺ-

2195 1294 2291 1348 τοῦ
2312 1296 2357 1331 "
2379 1295 2560 1367 οὺσίᾳο
2599 1296 2694 1350 καὶ
2727 1295 2870 1350 οὕτω
2902 1297 3218 1367 τρέφονται,
3251 1296 3322 1350 τά
3350 1297 3450 1367 μὲν
3506 1299 3570 1350 ἐκ
3607 1299 3781 1370 σπέρ-

2200 1404 2392 1457 ματος,
2424 1387 2493 1440 τὰ
2523 1387 2580 1440 δὲ
2611 1389 2670 1453 ἐξ
2693 1389 2924 1458 αἵματος
2954 1405 2968 1419 ο
3001 1389 3126 1441 ἐπεὶ
3161 1385 3255 1442 οὖν
3287 1388 3332 1421 ⁸³
3356 1390 3422 1442 ἐκ
3471 1390 3784 1461 τρυγὼδους

2197 1482 2434 1551 αἵματος
2456 1481 2485 1533 6
2517 1481 2692 1551 σπλὴν
2719 1482 3002 1552 τρέφεται,
3040 1482 3190 1535 ἕλκει
3225 1482 3286 1536 τὺ
3315 1482 3596 1552 τρυγῶδες
3644 1478 3784 1554 αἷμα

2197 1573 2306 1626 ἀπὸ
2334 1572 2430 1626 τοῦ
2451 1574 2686 1643 ἥπατος.
2715 1575 3128 1628 Καταλείπεται
3159 1575 3204 1607 ⁶⁹
3235 1570 3328 1629 οῦν
3365 1575 3427 1628 τὸ
3472 1576 3709 1647 ὀρρῶδες
3735 1577 3782 1607 ⁸⁸

2195 1665 2290 1720 τοῦ
2321 1666 2576 1737 αἵματος,
2613 1669 2707 1720 καὶ
2731 1666 2820 1720 διὰ
2853 1667 2949 1738 τῆς
2971 1666 3232 1737 ἑλκτικῆς
3260 1666 3546 1738 δυνάμεως
3574 1668 3779 1730 αὐτῶν,

2195 1760 2245 1812 οἱ
2275 1761 2464 1828 νεφροὶ
2495 1758 2656 1812 τοῦτο
2687 1758 3080 1829 λαμϐάνοντες,
3116 1759 3214 1832 τὴν
3243 1760 3472 1816 ἐνοῦσαν
3523 1763 3583 1815 ἐν
3632 1762 3785 1832 αὐτῷ

2201 1853 2405 1923 μικρὰν
2440 1853 2645 1922 ἰκμάδα
2672 1851 2768 1907 τοῦ
2801 1853 3036 1923 αἵματος
3077 1854 3158 1918 είς
3189 1854 3401 1925 τροφὴν
3430 1856 3780 1926 ἀνιμάμενοι,

492 1957 646 2011 ιριοιεν
679 1938 986 1995 attrabemli
1028 1937 1287 1992 facultate
1314 1953 1422 2008 qua
1469 1937 1679 2008 praediti
1720 1947 1870 2004 sunt,
1929 1937 2089 1992 desu-

2194 1917 2255 1996 τὸ
2287 1917 2555 2008 ύδατῶδες
2580 1945 2622 1976 "
2677 1917 2878 1998 διόλου
2909 1917 3238 2018 περίττωμα
3296 1917 3655 2002 εἰδοποιοῦσιν
3699 1952 3781 2014 είς

505 2043 739 2098 mentes,
773 2031 1060 2102 sanguinis
1083 2030 1392 2093 humorem,
1425 2031 1514 2100 qui
1546 2030 1776 2100 exiguus
1794 2030 2089 2085 admodum

506 2126 560 2178 in
579 2141 644 2180 co
661 2135 931 2196 superest,
948 2123 1341 2183 exhauriendo,
1359 2122 1503 2191 quod
1519 2121 1570 2176 in
1598 2131 1709 2178 toto
1726 2138 1933 2192 aquosu
1944 2140 1992 2177 m
2010 2133 2094 2179 est

503 2225 936 2281 excrementum,
960 2215 1026 2269 ad
1052 2216 1224 2269 urina:
1237 2214 1681 2269 constitutionem
1697 2214 1802 2286 35
1817 2217 2087 2284 redigunt.

573 2310 842 2376 Quidnam
873 2308 1038 2378 igitur
1075 2306 1230 2360 urina
1253 2308 1365 2375 ipsa
1401 2307 1492 2372 sit,
1512 2321 1575 2360 ac
1597 2322 1720 2377 qua:
1751 2307 1870 2377 ejus
1895 2309 2092 2362 discri-

504 2403 650 2457 mina
671 2402 997 2464 habeantur,
1017 2415 1137 2470 qua:
1150 2400 1395 2455 colorum
1420 2399 1541 2470 ejus
1560 2403 1892 2470 permutatio
1910 2401 2021 2467 fiat,
2039 2411 2092 2456 et

501 2495 682 2564 qualis
740 2492 1144 2563 aagrotantium,
1178 2506 1242 2546 ac
1291 2499 1438 2547 recte
1468 2492 1766 2547 valentium
1794 2507 2086 2562 corporum

503 2588 606 2652 sit;
642 2602 730 2642 res
765 2585 964 2640 diversi
1009 2584 1077 2638 ab
1115 2583 1220 2638 hoc
1249 2583 1432 2653 operis
1458 2584 1719 2652 habeturj,
1749 2585 1851 2640 hoc
1880 2586 2092 2641 scilicet

502 2687 752 2748 excepto,
782 2678 928 2748 quod
999 2677 1226 2731 facultas
1254 2693 1375 2748 qua:
1405 2677 1777 2748 distinguendi
1811 2680 1917 2732 vim
1949 2679 2091 2733 obti-

505 2777 616 2831 net,
644 2785 770 2824 cum
805 2768 858 2822 in
900 2767 1126 2821 renibus
1155 2769 1394 2832 urinam,
1431 2775 1490 2820 ut
1517 2767 1951 2822 demonstratum
1981 2775 2088 2832 est,

505 2860 724 2924 formet,
751 2875 863 2929 pra:
885 2874 946 2912 ea
978 2875 1100 2928 qua:
1130 2857 1461 2914 excernendi
1490 2856 1722 2912 facultas
1744 2857 1797 2912 in
1829 2859 1960 2928 ipsis
1984 2867 2087 2926 est,

503 2961 659 3006 extra
691 2951 984 3005 emittitur.

573 3041 778 3098 Natura
818 3054 997 3097 autem
1026 3042 1347 3097 lutulentam
1379 3039 1622 3096 alimenti
1650 3049 2088 3110 stercoreamque

490 3137 720 3205 mellitus
752 3134 923 3190 fec-em
947 3176 961 3200 ,
992 3133 1231 3204 patentia
1275 3135 1326 3188 iu
1362 3131 1618 3189 intestina
1650 3132 1897 3202 impellit,
1941 3147 2084 3201 qure,

487 3242 632 3282 cum
700 3226 1041 3280 multimodis
1103 3224 1330 3278 flexibus
1399 3222 1792 3288 involvantur,
1860 3221 2086 3276 alimen-

504 3328 622 3373 tum
669 3318 726 3374 in
779 3318 914 3387 ipsis
971 3316 1156 3386 aliqua
1201 3315 1463 3386 temporis
1521 3313 1926 3384 intercapedine
1972 3331 2089 3367 mo-

481 3421 690 3474 ‘ratur,
735 3426 805 3464 ne
845 3409 1051 3464 scilicet
1106 3409 1150 3464 si
1195 3409 1328 3463 recti
1373 3422 1566 3462 eorum
1617 3417 1828 3460 meatus
1860 3406 2086 3464 fierent.

506 3518 603 3572 per
634 3517 774 3572 quos
817 3502 1044 3556 stercori
1078 3501 1296 3570 pervius
1341 3515 1598 3571 egressus
1628 3508 1852 3570 pateret,
1887 3499 2088 3553 animal

503 3595 573 3649 ad
609 3594 730 3648 cibi
781 3593 1077 3664 appetitum
1117 3593 1369 3662 protinus
1416 3599 1770 3656 moveretur,
1821 3601 1875 3645 et
1924 3591 2092 3644 homo

507 3690 616 3754 (ut
677 3685 732 3739 iu
782 3694 977 3738 natura
1035 3683 1268 3738 rationis
1325 3682 1643 3752 expertibus
1689 3696 1916 3736 cernere
1965 3682 2090 3751 est)

507 3791 788 3844 nunquam
841 3790 872 3829 a
919 3775 1010 3829 tali
1057 3789 1221 3844 opere
1281 3781 1525 3828 cessaret
1565 3789 1580 3824 :
1632 3771 1900 3841 siquidem
1928 3812 1944 3838 ,
1991 3771 2091 3824 ali»

505 3868 676 3922 menti
729 3867 860 3921 sicci
907 3873 1316 3922 excrementum
1359 3871 1571 3917 stercus
1593 3873 1698 3925 est,
1730 3861 2090 3932 quemadmo-

486 3970 637 4024 ~dum
671 3967 988 4036 urina,quaa
1006 3966 1060 4019 in
1102 3963 1337 4018 vesicam
1365 3961 1690 4027 demittitur,
1710 3971 1871 4031 potus
1900 3976 2090 4015 excre-

493 4074 774 4130 mentum,
793 4079 978 4120 serosa
1001 4062 1251 4117 videlicet
1279 4061 1444 4115 totius
1464 4060 1702 4114 alimenti
1730 4059 1906 4129 portio
1927 4057 2092 4112 habe-

493 4169 616 4214 tur.
653 4158 965 4224 Enimvero,
989 4157 1133 4226 quod
1165 4170 1227 4210 ex
1263 4155 1506 4225 corporis
1532 4152 1789 4207 alimento
1817 4151 2088 4222 reliquum

506 4253 585 4316 fit,
627 4260 680 4306 ct
724 4251 883 4306 nobis
937 4249 1144 4304 nullius
1222 4246 1577 4303 emolumenti
1623 4254 1725 4311 est,
1790 4260 2091 4298 excremen-

510 4359 619 4398 tum
676 4350 1045 4412 nuncupatur.

581 4435 859 4491 Uuiversa:
912 4451 1148 4506 namque
1194 4444 1403 4488 naturae
1446 4432 1686 4487 actiones
1717 4474 1731 4497 ,
1780 4445 1910 4485 cum
1971 4429 2090 4483 ani-

505 4543 610 4582 ma:
654 4527 961 4582 actionibus
1013 4535 1278 4582 consertae
1329 4533 1477 4580 sunt.
1531 4522 1598 4576 Et
1639 4535 1905 4605 quonanr
1933 4528 2090 4589 pacto

2194 2035 2373 2107 οὔρων
2399 2037 2660 2092 σύστασιν
2693 2039 2759 2092 ⁸¹.

2263 2320 2329 2372 Τί
2353 2319 2408 2373 δέ
2439 2321 2591 2375 ἐστιν
2616 2315 2798 2394 οῦρον,
2823 2322 2919 2376 καὶ
2960 2323 3122 2377 πόσαι
3148 2327 3343 2378 τούτου
3371 2325 3650 2400 διαφοραὶ,
3683 2331 3780 2384 καὶ

2190 2412 2275 2478 τίς
2301 2413 2541 2486 ⁸³ήτῶν
2587 2415 2925 2488 ούρημάτων
2964 2415 3260 2489 ὲναλλαγὴ,
3312 2418 3411 2471 καὶ
3469 2421 3623 2472 ποῖον
3669 2419 3781 2472 τῶν

2191 2505 2548 2577 νοσούντωνῆ
2571 2507 2949 2576 ὑγιαινόντων,
2969 2507 3136 2579 ἀλλης
3155 2508 3274 2562 ἐστὶ
3290 2510 3674 2581 πραγματείας
3697 2511 3744 2542 ³⁵
3763 2529 3778 2545 ο

2192 2597 2334 2668 πλὴν
2357 2596 2534 2662 οὕτως
2567 2599 2668 2669 μὲν
2696 2600 2754 2652 ὲν
2781 2603 2896 2664 τοῖς
2928 2604 3150 2672 νεφροῖς
3195 2601 3258 2654 τὸ
3289 2597 3450 2672 οῦρον
3479 2605 3512 2674 ἡ
3563 2603 3780 2674 διακρι-

2189 2687 2317 2760 τικὴ
2340 2689 2573 2759 δύναμις
2600 2691 2971 2758 εἰδοποιοῦσα,
2996 2693 3086 2748 διά
3137 2691 3240 2762 τῆς
3271 2693 3645 2764 ἀποκριτικῆς
3668 2695 3777 2749 ἀπ-

2189 2782 2409 2836 ωθεῖται
2442 2783 2750 2856 δυνάμεως.

2261 3044 2374 3116 Τὴν
2403 3043 2461 3096 δέ
2497 3060 2560 3112 γε
2619 3043 2901 3106 παντελῶς
2960 3043 3157 3116 ἰλυώδη
3184 3045 3230 3078 ⁸⁵
3283 3044 3383 3100 καὶ
3437 3045 3776 3118 σκυδαλὼδη

2189 3139 2290 3208 τῆς
2344 3139 2554 3208 τροφῆς
2601 3137 2962 3206 ὑποστάθμην
2986 3137 3032 3168 ⁵⁸
3088 3138 3170 3200 είς
3216 3138 3345 3201 τοὺς
3394 3138 3781 3211 εὐρυχωροτέ-

2197 3245 2326 3300 ρους
2355 3227 2398 3259 ⁸⁷
2427 3228 2536 3280 τῶν
2594 3228 2829 3299 ἐντέρων
2864 3228 3066 3298 πόρους
3095 3230 3128 3298 ἠ
3159 3228 3320 3298 φύσις
3343 3229 3606 3285 ἀπώσατο
3624 3247 3639 3264 ⁸
3684 3232 3780 3287 καὶ

2195 3323 2309 3384 τοῖς
2366 3319 2735 3392 πολυτρόποις
2791 3321 2974 3375 αὐτῶν
3029 3320 3275 3392 ἑλιγμοῖς
3337 3322 3772 3396 ἀναστρέφουσα,

2193 3415 2372 3487 χρόνῳ
2404 3412 2790 3482 παρακατέχει
2847 3413 2949 3484 τὴν
2980 3413 3187 3485 τροφὴν
3239 3416 3298 3468 ἐν
3326 3415 3515 3480 αὐτοῖς
3535 3432 3552 3447 ο
3598 3417 3760 3479 διατί;

2194 3507 2282 3560 ἵνα
2315 3508 2390 3578 μὴ
2414 3507 2484 3560 δι’
2521 3506 2728 3569 εὐθέως
2767 3505 2862 3558 τοῦ
2895 3507 3065 3578 πόρου
3115 3507 3316 3578 ῥᾳδίως
3360 3508 3764 3580 ἀποϐαλλομένη

2195 3600 2228 3667 ή
2267 3599 2498 3669 κόπρος,
2536 3597 2703 3661 εὐθὺς
2755 3598 3066 3651 ἀνακινοῖτο
3103 3598 3166 3651 τὸ
3203 3599 3345 3663 ζῶον
3391 3600 3532 3670 πρὸς
3574 3600 3770 3673 δρεξιν,

2195 3693 2289 3744 καὶ
2319 3691 2593 3762 μηδέποτε
2624 3691 2854 3744 παύοιτο
2873 3691 2976 3760 τῆς
3036 3691 3297 3762 τοιαύτης
3326 3693 3586 3764 ἀσχολίας
3633 3697 3777 3748 κατά

2193 3785 2292 3856 τὴν
2322 3785 2432 3838 τῶν
2456 3786 2502 3816 ⁵⁸
2518 3785 2732 3854 ἀλόγων
2760 3785 2929 3855 φύσιν
2951 3787 2980 3838 6
3005 3785 3298 3857 ἄνθρωπος
3327 3803 3341 3817 ·
3371 3790 3701 3858 περίττωμα
3721 3787 3780 3841 δὲ

2194 3882 2294 3950 τῆς
2325 3879 2427 3948 μὲν
2458 3879 2668 3948 τροφῆς
2693 3880 2738 3910 ⁵⁸
2767 3879 2836 3932 τὰ
2869 3879 3118 3932 σκύϐαλα
3140 3881 3207 3946 ⁵⁸,
3272 3880 3438 3934 οἱονεὶ
3483 3879 3780 3934 κυσίόαλον

2195 3971 2255 4022 τὸ
2284 3971 2396 4034 τοῖς
2421 3971 2551 4023 κυσὶ
2579 3970 2908 4039 βαλλόμενον
2937 3971 2979 4002 ⁶¹
3005 3985 3019 3999 °
3050 3970 3112 4022 τὸ
3143 3969 3199 4022 δὲ
3227 3970 3390 4040 οῦρον
3406 3970 3452 4003 ⁸⁸
3485 3969 3580 4023 τοῦ
3609 3970 3780 4023 πότου

2191 4060 2254 4113 τὺ
2289 4061 2543 4131 περιττόν
2573 4077 2586 4090 °
2621 4061 2653 4130 ἢ
2683 4063 2782 4130 τῆς
2837 4061 3134 4130 συμπάσης
3187 4061 3397 4132 τροφῆς
3457 4060 3600 4132 όρός.
3666 4063 3782 4114 Πε-

2184 4152 2450 4220 ρίττωμα
2469 4152 2526 4205 δὲ
2548 4153 2768 4219 λέγεται
2801 4153 2863 4204 τὸ
2909 4151 3238 4220 περισσεῦον
3265 4153 3373 4206 ἀπὸ
3413 4152 3524 4204 τῶν
3547 4152 3783 4222 τρεφόν-

2192 4264 2302 4300 των
2335 4247 2395 4300 τὸ
2429 4247 2612 4318 σῶμα,
2647 4249 2738 4300 καὶ
2763 4249 2842 4310 εἰς
2867 4248 3024 4300 οὐδὲν
3049 4249 3178 4317 ἡμῖν
3215 4247 3493 4318 ὠφέλιμον
3517 4249 3597 4302 ὅν.

2262 4427 2490 4498 Κα“ιὸρα
2519 4427 2680 4481 πάλιν
2713 4427 2950 4480 ἐνταῦθα
2974 4427 3324 4498 προμήθειαν
3363 4427 3456 4480 τοῦ
3500 4431 3781 4499 Δημιουρ-

2192 4519 2293 4588 γοῦ
2319 4537 2333 4552 ο
2376 4518 2495 4584 πῶς
2533 4520 2601 4573 τά
2629 4521 2724 4588 τῆς
2762 4519 2980 4588 φύσεως
3014 4519 3173 4590 ἔργα,
3223 4522 3333 4582 τοῖς
3371 4519 3624 4590 ψυχικοῖς
3651 4537 3782 4572 συν-

507 4630 715 4674 natura?
741 4635 866 4675 cum
902 4619 1010 4683 bis,
1047 4635 1169 4688 quae
1197 4618 1396 4671 animae
1435 4625 1562 4669 sunt
1595 4611 1872 4667 Creatoris
1907 4610 2089 4681 provi-

2198 4611 2396 4678 ἐπλεξέ
2429 4629 2490 4666 τε
2546 4613 2640 4665 καὶ
2671 4614 2918 4683 ἥρμοσεν
2947 4613 3013 4666 ⁸³.
3059 4611 3278 4681 Ἐπειδὴ
3308 4612 3420 4680 γὰρ
3461 4613 3493 4681 ή
3528 4612 3783 4684 ἔκκρισις

505 4712 688 4765 «lentia
717 4722 989 4775 conserta,
1024 4711 1423 4778 commistaque
1453 4706 1790 4770 habeantur,
1827 4705 1953 4758 hinc
1985 4703 2086 4757 de-

523 4817 616 4856 tuo
673 4802 1134 4858 considerandum
1202 4801 1293 4856 sit.
1337 4798 1608 4865 Quoniam
1661 4799 1840 4862 enim,
1895 4806 1950 4852 et
1995 4798 2085 4852 illa

521 4911 668 4964 luam
733 4896 1076 4951 asseruimus
1126 4901 1596 4947 excrementorum
1650 4890 1911 4954 emissio,
1965 4905 2087 4961 quae

516 4997 660 5041 :xtra
711 4989 789 5048 fit,
841 4987 1120 5042 facultatis
1177 4995 1260 5040 est
1303 4999 1425 5055 qum
1450 4983 1772 5037 excerneudi
1807 4984 1916 5038 vim
1951 4983 2089 5037 obti-

469 5103 476 5114 ~
520 5090 616 5146 iet,
666 5096 789 5149 qua:
833 5097 938 5135 una
987 5078 1316 5133 naturalium
1363 5076 1681 5132 facultatum
1730 5077 1979 5139 habetur,
2021 5091 2088 5129 ne

512 5175 623 5240 alii,
662 5183 716 5227 et
761 5189 831 5228 ne
861 5173 1082 5243 quando
1124 5170 1366 5234 dedecet,
1403 5181 1455 5226 et
1483 5171 1681 5240 quibus
1712 5171 1814 5226 sub
1869 5169 2088 5224 arbitris

508 5282 616 5321 non
658 5264 853 5331 liceat,
897 5263 952 5317 in
1004 5262 1241 5317 dedecus
1283 5263 1726 5331 prolaberemur,
1769 5260 2087 5325 musculos,

496 5376 602 5413 cru
639 5357 867 5411 aedituos
907 5337 1173 5426 quosdam
1228 5357 1635 5414 excretionibus
1686 5339 1883 5411 natura
1934 5354 2090 5408 adhi--

573 5454 621 5486 ’⁸³
646 5451 962 5525 ξανθολικδν
991 5452 1050 5513 Β,
1071 5453 1249 5525 ,ξανθὴ
1282 5455 1413 5525 χολὴ
1438 5454 1500 5509 C.
1579 5454 1625 5484 “
1645 5451 1785 5525 τρῦξ
1813 5452 1872 5504 ὃν
1915 5449 1979 5525 Β...
1997 5449 2277 5525 τρυγῶδες
2299 5451 2398 5525 τοῦ
2441 5451 2562 5525 αἴμ.
2590 5451 2630 5505 (1
2783 5449 2852 5525 ﬂ"
2880 5449 3028 5525 fing
3153 5448 3225 5525 _‘_‘
3251 5447 3392 5525 κατά

2196 4705 2308 4757 τῶν
2368 4704 2678 4776 εἰρημένων
2751 4704 3188 4775 περιττωμάτων
3247 4703 3346 4773 τῆς
3412 4703 3784 4774 ἀποκριτικῆς

2197 4795 2646 4864 ἐστιδυνάμεως,
2695 4796 2818 4864 ἧτις
2851 4794 2949 4864 μία
3000 4795 3111 4846 τῶν
3169 4793 3418 4862 φυσικῶν
3457 4795 3575 4846 ἔστι
3619 4792 3788 4846 δυνά⁴

2200 4905 2367 4956 μεων,
2423 4887 2512 4940 ἵνα
2544 4887 2620 4959 μὴ
2653 4887 3034 4957 ἀπροαιρέτως
3095 4884 3502 4958 ἀσχημονῶμεν
3550 4881 3682 4936 ἔνθα
3716 4883 3786 4936 ού

2195 4982 2295 5046 δεῖ,
2337 4981 2435 5036 καὶ
2465 4981 2552 5034 ὅτε
2588 4981 2649 5034 ού
2677 4981 2779 5042 δεῖ,
2837 4981 2934 5034 καὶ
2967 4977 3053 5048 ἐφ’
3089 4972 3164 5030 ὧν
3213 4977 3272 5029 ού
3320 4977 3402 5030 δεῖ
3435 4977 3784 5049 προϊέμενοι,

2196 5073 2486 5146 πυλωρούς
2517 5091 2672 5137 τινας
2691 5074 2964 5141 ἐπέστησε
2993 5074 3116 5133 ταῖς
3137 5070 3425 5139 ὲκκρίσεσι
3457 5068 3585 5130 τοὺς
3612 5067 3784 5138 μῦας,

2193 5167 2282 5220 ἵνα
2315 5166 2416 5231 τὰς
2466 5167 2747 5238 ἐκκρίσεις
2799 5165 3056 5234 ὲπέσχειν
3088 5162 3378 5232 δυνώμεθα
3401 5160 3468 5224 ⁸⁸,
3502 5161 3597 5214 καὶ
3648 5160 3788 5212 πολ-

2199 5261 2358 5324 λάκις
2385 5262 2478 5314 καὶ
2517 5261 2772 5324 ἐπιπολὺ,
2809 5260 2937 5313 ἄνευ
2991 5261 3178 5328 γήρως
3232 5256 3463 5325 ἐσχάτου
3488 5256 3533 5287 ⁸⁸
3566 5254 3660 5308 καὶ
3692 5271 3786 5307 νο-

2198 5355 2461 5423 σημάτων
2496 5354 2681 5408 τινῶν.
3423 5395 3429 5400 -

3423 5443 3598 5515 βραχὺ
3617 5441 3678 5515 Α
3717 5443 3765 5500 C

584 5485 590 5486 ί
646 5485 960 5516 ξυινυυηιιυυν
991 5485 1050 5513 υ,
1083 5485 1249 5524 guttur]
1283 5485 1413 5525 ᾹυΛιι
1438 5485 1500 5509 υ.
1645 5485 1785 5522 eyes
1814 5485 1872 5504 U'I
1915 5485 1973 5510 υ,
2007 5485 2275 5520 quartave,
2315 5485 2398 5503 ιυυ
2441 5485 2562 5521 uaga.
2591 5485 2630 5505 υ
2673 5485 2687 5504 l
2715 5489 2729 5503 ο
2887 5485 2946 5519 ομ
2983 5485 3022 5503 ν
3045 5485 3060 5501 ι
3088 5488 3104 5503 ο
3253 5485 3392 5499 nus-vv
3423 5485 3597 5515 εστι-Λευ
3633 5485 3678 5497 ι-
3721 5485 3787 5500 νο

506 5525 551 5558 ’⁵⁷
578 5521 758 5578 αὐτῶν
788 5519 848 5577 Β.
925 5523 969 5560 ⁸⁸
997 5524 1125 5592 γοῦν
1153 5525 1192 5577 Β
1216 5525 1273 5582 Ρ,
1351 5527 1396 5559 ⁸⁸
1429 5524 1909 5593 καταλιμπάνεται
1941 5522 1982 5574 C
2014 5521 2080 5593 if.
2147 5522 2194 5593 _‘°
2221 5521 2423 5592 ὀρῶδες
2451 5523 2511 5576 Β.
2590 5525 2631 5555 ⁵¹
2659 5522 2746 5588 ὀρ.
2778 5522 2897 5593 ἦτοι
2921 5521 2981 5573 τδ
3007 5518 3278 5593 ὑδατῶδες
3294 5518 3513 5593 fuerat
3544 5586 3556 5593 _
3587 5514 3633 5547 "
3660 5517 3794 5569 στά-

507 5611 598 5678 σιν
623 5593 690 5649 Α.
764 5593 811 5624 ⁵⁸
837 5585 1103 5678 Ξίςὲστιν
1136 5596 1300 5667 ήτῶν
1335 5585 1646 5670 χρωμάτων
1675 5593 2006 5678 ςχρωμάτων
2029 5591 2113 5678 Ρ)ζ
2145 5585 2424 5678 Ιιίεκὶιεριιε
2451 5593 2516 5678 ald
2549 5585 2938 5678 πρμγμαιξείας
2970 5590 3214 5678 (Ξςιτεικς.
3247 5659 3260 5677 ν
3291 5589 3338 5619 ⁸⁵
3371 5588 3434 5638 Τί
3459 5585 3513 5636 δέ
3531 5586 3690 5678 ἔστιν
3717 5615 3793 5678 :-

507 5665 648 5737 πλὴν
687 5678 795 5737 om.
836 5662 979 5737 P._in
1012 5662 1180 5732 textu,
1219 5662 1599 5737 reper'in'ora.
1674 5662 1943 5737 ξδ’ὐλῴδημ
1967 5663 2030 5726 Α,
2057 5679 2089 5730 γ

2197 5663 2288 5732 ὒδη

1329 5737 1408 5808 τῷ
1433 5734 1722 5808 ὲντὲρῳβ.
1743 5801 1767 5808 _
1799 5734 1846 5765 ⁵⁸
1877 5729 1986 5787 τῶν
2014 5729 2124 5808 oni.
2158 5732 2230 5808 Βἒ
2259 5729 2340 5808 A1"
2384 5733 2482 5808 μὲν
2513 5729 2846 5808 τῆς-τροφῆς
2873 5730 2932 5808 Β,
3012 5731 3054 5762 ⁶⁰
3081 5729 3144 5782 τὸ
3185 5729 3357 5808 σκύϐα

505 5734 834 5809 εὐρὺχρφνς
859 5734 1183 5809 τόπορς-(είο
1208 5734 1292 5808 ι’)ἐ

2473 5663 2518 5693 ⁸⁸
2544 5654 2648 5716 ὑπὸ
2678 5654 2946 5731 ’στάομων
2975 5661 3039 5714 Α.
3132 5660 3175 5691 ⁵⁷
3209 5654 3690 5779 εύρυχλορωτέρους
3725 5655 3787 5718 Β,

2473 5751 2482 5779 ν
2513 5733 2611 5779 τῆς
2638 5735 2846 5779 ranam:
2873 5730 2932 5779 Β.
3012 5731 3054 5762 ⁶⁰
3081 5729 3144 5779 τὸ
3185 5729 3357 5779 σκύδα
3395 5745 3453 5779 ον
3485 5723 3546 5777 Β.
3639 5725 3682 5756 ⁸⁸
3718 5727 3787 5779 τά

3395 5723 3453 5780 ον
3485 5723 3571 5777 Β(
3639 5725 3682 5756 ⁶¹
3718 5727 3794 5782 τὰ

505 5792 971 5878 κάσῨβάλλόμενα
998 5792 1310 5878 enimut
1472 5810 1516 5859 ‘9
1542 5792 1684 5878 ξδ’δὲ
1709 5801 1869 5878 οὖρον
1899 5821 2009 5859 om.
2040 5803 2106 5878 _B,
2131 5802 2231 5878 τοῦ
2244 5803 2309 5878 δὲ
2342 5792 2511 5878 πότου
2533 5822 2544 5832 ·
2569 5792 2648 5878 Et;
2673 5792 2941 5878 ρῦρόνιτὸ
2963 5803 3299 5878 περιττεῖνον
3325 5796 3449 5878 (sic)
3483 5792 3614 5878 ἀπὸ.
3671 5806 3790 5852 etc.

505 5944 568 6012 P,
591 5944 687 6002 δύο
720 5945 932 6016 δίδυμοι
955 5944 1014 6002 Ρ.

508 5863 678 6002 ἓεηδιιρ
703 5863 914 6000 εδιὲδτὶῦν
1130 5879 1300 5935 desid.
1335 5877 1397 5932 Ρ.
1472 5880 1516 5912 ⁸³
1557 5863 1802 5948 ἔμιξενῧ
1829 5878 1888 5942 (ἶ,
1927 5875 2089 5944 συνέμ

553 5984 568 6002 .
627 5964 687 6000 uo
807 5962 932 6002 υμοι
1001 5986 1014 6000 .

2194 5892 2214 5927 ν
2243 5873 2300 5927 Ρ.
2378 5875 2423 5906 ⁸³
2454 5863 2829 5944 δυνάμεΟαἈ,
2855 5863 3159 5942 δυναίμεθα
3190 5869 3251 5926 C.
3329 5863 3374 5901 δ’
3413 5863 3647 5935 ἐσχάτου
3667 5880 3790 5925 orn.
