4138 6472
355 467 495 524 H29

1578 452 1664 505 DE
1701 446 1991 508 NATURA
2033 444 2341 503 HOMINIS.
2387 398 2397 413 Ι

3512 440 3651 495 ιιδο

356 585 520 647 nuit,
568 593 680 651 quo
727 576 912 648 ipsas,
948 583 1320 645 praeterquam
1363 578 1616 625 extremo
1693 565 1848 620 senio
1888 561 2158 625 confecti,
2207 575 2271 613 ac
2317 555 2525 611 morbis
2591 553 2921 625 quibusdam
2973 554 3389 624 ingruentibus,
3465 556 3651 610 niulti-

355 677 558 735 fariam
602 672 812 743 diuque
832 669 1120 725 continere
1150 666 1459 722 valeamus.

439 765 613 822 Ἐπάν
644 764 703 818 δὲ
720 741 881 817 οὓτω
910 759 1089 815 ταῦτα
1117 756 1369 829 γένηται,
1387 757 1561 828 ἤγουν
1592 755 1627 825 ή
1656 752 1754 807 τοῦ
1781 752 1954 823 αἵμα-

2126 743 2426 814 P05tquam
2454 755 2585 799 vero
2613 755 2675 796 ea
2697 756 2820 811 qua:
2845 741 3190 797 asseruimns
3208 743 3494 815 sanguinis
3519 761 3651 802 con-

353 878 447 925 τος
473 858 692 929 γένεσις
720 856 817 910 καὶ
849 851 1129 925 διασπορὰ
1160 850 1250 922 ἐφ’
1274 852 1425 906 ἆπαν
1459 848 1521 904 τὸ
1560 847 1746 918 σῶμα,
1778 846 1871 900 καὶ
1916 847 1950 914 ἡ

355 951 467 1004 τῶν
495 948 704 1003 λοιπῶν
733 946 846 1000 τῶν
891 944 1207 1017 εἰρημένων
1232 943 1523 1014 διοίκησις,
1561 938 1776 1011 δίδυμοί
1805 954 1954 1000 τινες

356 1043 538 1115 ὀχετοὶ
583 1042 650 1094 ἐκ
692 1039 924 1110 καρδίας
951 1035 1370 1109 ἀφορμηθέντες
1424 1032 1522 1089 καὶ
1560 1033 1798 1104 ἥπατος,
1853 1032 1953 1102 ἦτε

361 1133 648 1204 στελέχεια
671 1131 718 1163 ⁸⁸
746 1128 888 1200 φλὲψ
917 1130 1016 1183 καὶ
1051 1129 1086 1200 ή
1117 1127 1288 1201 ἀορτὴ
1341 1123 1606 1197 ἀρτηρία,
1645 1123 1706 1177 τὺ
1753 1125 1956 1200 οἰκεῖον

360 1228 570 1298 ἑκάστη
625 1223 1004 1297 σωληνοειδῶς
1058 1221 1401 1293 περιέχουσα
1417 1220 1460 1253 ⁸⁷
1515 1212 1661 1290 αἷμά
1728 1233 1791 1271 τε
1859 1215 1959 1270 καὶ

361 1319 584 1392 πνεῦμα
612 1317 706 1374 διά
746 1317 809 1372 τὸ
842 1316 1177 1389 εύπόρευτον
1233 1310 1373 1368 εἶναι
1412 1311 1475 1366 τὸ
1514 1311 1686 1384 ὑγρὸν
1734 1312 1802 1382 τῇ
1859 1307 1957 1363 τοῦ

360 1415 575 1488 θερμοῦ
600 1414 822 1482 κινήσει
851 1407 1277 1483 συμπαροδεῦον
1300 1407 1347 1441 ⁸⁸
1411 1408 1507 1460 καὶ
1553 1403 1959 1476 κουφιζόμενον

362 1512 452 1583 ἐφ’
489 1511 638 1566 ἅπαν
680 1507 744 1563 τὸ
793 1505 956 1578 σῶμα
1006 1502 1353 1574 πολυσχιδῶς
1394 1500 1866 1570 κατασπείρονται
1890 1497 1958 1562 ⁸⁸,

363 1606 445 1669 είς
467 1601 669 1675 μυρίας
705 1598 886 1672 ἀρχὰς
924 1598 1021 1651 καὶ
1047 1594 1327 1667 διαχύσεις
1351 1594 1418 1659 ⁷⁵,
1457 1592 1599 1649 κατὰ
1628 1595 1739 1646 πᾶν
1794 1590 1962 1662 μέρος

364 1697 461 1753 τοῦ
525 1695 781 1767 σώματος
829 1690 1034 1746 ἔσωθεν
1077 1690 1174 1743 καὶ
1199 1689 1244 1721 ⁷¹
1290 1687 1494 1754 ἔξωθεν
1544 1684 1959 1757 κληματηδδν⁷¹

366 1789 579 1863 φλέϐας
612 1788 710 1843 καὶ
743 1784 1018 1859 ἀρτηρίας
1053 1785 1400 1852 ἐπαφιεῖσαι.

437 1969 554 2027 Καὶ
573 1966 684 2041 γάρ
710 1964 920 2037 παχέος
935 1965 981 1997 ⁷³
1014 1963 1172 2028 ὄντος
1217 1961 1382 2032 φύσει
1412 1959 1509 2014 τοῦ
1559 1959 1826 2030 αἵματος,
1867 1955 1965 2010 καὶ

371 2060 450 2135 μὴ
470 2058 777 2131 δυναμένου
815 2056 981 2127 μόνου
1001 2053 1049 2088 τι
1076 2054 1180 2118 τάς
1221 2052 1418 2116 στενὰς
1448 2050 1604 2115 ὁδοὺς
1632 2048 1728 2104 τοῦ
1773 2047 1966 2121 σώμα-

2065 838 2303 903 stitutio,
2339 852 2404 893 ac
2427 836 2482 891 in
2515 844 2691 891 totum
2725 852 2929 907 corpus
2957 835 3263 907 dispersio,
3305 847 3658 895 cancrorum-

2064 929 2256 1000 quede
2272 928 2474 1000 quibus
2499 926 2708 981 dictum
2727 927 3191 998 cstdispenSatio,
3220 929 3325 985 hoc
3354 932 3520 987 modo
3545 948 3662 1003 per-

2066 1021 2328 1077 ficiuntur
2345 1060 2362 1086 ,
2386 1020 2589 1091 gemini
2607 1019 2830 1091 quidam
2855 1019 2980 1086 rivi,
2999 1019 3245 1090 stirpalis
3266 1022 3480 1080 scilicet
3501 1040 3660 1088 vena.

2067 1114 2401 1184 arteriaque,
2427 1128 2550 1184 qua:
2610 1121 2766 1167 aorta
2794 1110 3020 1177 dicitur,
3052 1127 3085 1168 a
3124 1113 3290 1169 corde
3326 1129 3392 1168 ac
3413 1114 3664 1184 jecinore

2066 1209 2512 1281 proﬁciscentes,
2562 1205 2887 1270 sanguinem
2938 1204 3326 1276 spiritumque,
3376 1206 3527 1277 quod
3562 1222 3664 1263 cu-

2063 1304 2267 1374 jusque
2304 1299 2587 1371 peculiare
2626 1297 2738 1370 36
2767 1305 2854 1353 est
2881 1296 3167 1368 (quoniam
3215 1295 3505 1354 liumidum
3539 1315 3665 1355 cum

2068 1393 2231 1451 calidi
2259 1401 2412 1448 motu
2444 1390 2593 1447 facili
2619 1390 2856 1449 transitu
2887 1390 3091 1461 meat),
3125 1390 3178 1445 in
3215 1391 3413 1448 ﬁstulae
3440 1391 3664 1449 modum

2054 1486 2375 1542 continent.
2401 1484 2542 1551 Quid
2572 1483 2701 1539 dum
2720 1482 2953 1554 junctim
2978 1498 3104 1538 cum
3130 1484 3397 1556 sanguine
3411 1485 3665 1555 spiritum

2071 1586 2251 1657 ipsum
2286 1584 2460 1641 levem
2496 1582 2774 1639 reddendo
2807 1582 3075 1654 graditur,
3110 1582 3213 1638 rivi
3243 1584 3311 1640 ad
3344 1583 3513 1641 totius
3541 1602 3668 1641 cor-

2072 1680 2224 1752 poris
2275 1688 2461 1751 partes
2493 1692 2618 1748 quae
2678 1676 2828 1732 intus
2869 1687 3137 1748 extraque
3189 1686 3338 1744 sunt,
3374 1678 3669 1735 multitudo

2074 1784 2274 1839 tractu,
2306 1773 2361 1827 in
2403 1772 2693 1827 innumera
2746 1771 3016 1843 principia
3061 1772 3345 1844 rimasque
3409 1774 3669 1845 dispersi,

2072 1883 2175 1922 ceu
2222 1864 2503 1936 palmites,
2558 1863 2614 1918 in
2670 1877 2841 1919 venas
2889 1863 3235 1935 arteriasque
3265 1863 3668 1922 diffunduntur.

2143 1958 2284 2014 Cum
2328 1967 2512 2013 autem
2551 1957 2838 2030 sanguinis
2880 1969 3076 2013 natura
3124 1972 3312 2015 crassa
3367 1958 3671 2026 habeatur,

2076 2065 2255 2122 neque
2284 2050 2336 2106 ei
2367 2065 2465 2121 per
2495 2054 2761 2121 angustos
2781 2050 3033 2120 corporis
3058 2061 3305 2114 meatus.
3338 2050 3466 2122 quia
3499 2053 3674 2109 exiles

366 2172 461 2221 τος
497 2151 800 2217 ἀκωλύτως
837 2150 1130 2222 διαπερᾷν,
1160 2149 1245 2203 ὅτι
1279 2147 1389 2202 εἰσὶ
1445 2144 1724 2218 τριχοειδῆ
1767 2142 1967 2214 φλεὸία

2079 2142 2286 2200 venulae
2309 2143 2546 2214 pilorum
2569 2143 2689 2198 vice
2716 2142 2769 2196 in
2799 2143 3048 2214 partibus
3076 2145 3412 2211 consistunt,
3443 2161 3556 2216 pra:
3586 2147 3673 2202 sui

368 2244 545 2300 λεπτά
572 2244 619 2277 ⁷⁸
655 2243 801 2298 κατὰ
823 2242 893 2299 τά
939 2243 1104 2315 μόρια
1123 2241 1171 2274 ⁷⁸
1196 2238 1452 2312 κείμενα,
1476 2236 1673 2309 ἐδεήθη
1706 2253 1972 2308 συμπαρ-

369 2340 510 2392 εἰναι
557 2335 710 2407 αὐτῷ
757 2336 821 2391 τδ
879 2334 1150 2399 ὑδατῶδες
1204 2331 1552 2405 περίττωμα,
1608 2330 1700 2385 ἴνα
1762 2331 1831 2401 τῇ
1875 2329 1969 2383 λε-

370 2432 606 2504 πτότητι
633 2429 731 2486 τοῦ
764 2428 1075 2495 ὑδατώδους
1114 2425 1539 2500 περιττώματος
1590 2423 1837 2487 εὐκόλως
1890 2422 1972 2477 δι-

370 2524 629 2594 οδεύηται
658 2523 720 2579 τὸ
757 2517 922 2595 αἷμα,
956 2521 1096 2593 πρός
1118 2537 1178 2574 τε
1206 2518 1275 2573 τά
1300 2517 1477 2573 λεπτά
1505 2516 1615 2571 τῶν
1660 2515 1900 2585 ἀγγείων
1926 2515 1970 2548 ⁷⁷

373 2618 483 2675 καὶ,
503 2615 643 2689 πρὸς
673 2614 823 2670 ἅπαν
851 2614 915 2668 τὸ
963 2612 1128 2684 σῶμα
1179 2610 1269 2664 διά
1321 2608 1431 2663 τῶν
1467 2605 1790 2682 τριχοειδῶν
1845 2606 1975 2676 φλε-

375 2711 511 2766 6ίων
539 2710 609 2776 ⁷⁸,
630 2709 708 2774 ὼς
738 2709 982 2781 εἴρηται.
1016 2702 1384 2776 Μιχθείσαιδὲ
1419 2700 1558 2771 πρὸς
1591 2700 1834 2771 ἀλλήλας
1859 2700 1972 2755 τῶν

377 2803 628 2870 ζωτικῶν
653 2802 944 2871 δυνάμεων
994 2800 1051 2853 αἰ
1103 2798 1198 2852 δύο
1231 2797 1401 2869 ἀρχαί
1431 2813 1448 2827 '
1502 2795 1603 2866 ἦτε
1661 2795 1724 2849 τὸ
1769 2793 1977 2867 Θερμὸν

377 2896 490 2953 ἀπὸ
515 2895 749 2969 καρδίας
772 2894 1028 2964 πανταχῆ
1054 2891 1149 2945 ἐπὶ
1171 2891 1217 2922 ⁷⁸
1265 2891 1328 2943 τὸ
1377 2889 1542 2961 σῶμα
1579 2890 1977 2959 ἐκπέμπουσα,

376 2991 532 3064 καὶὴ
562 2989 627 3045 τὸ
663 2988 831 3060 ὑγρὸν
873 2985 1193 3061 χορηγοῦσα
1242 2984 1304 3051 ἐξ
1330 2985 1546 3055 ἥπατος
1604 2986 1671 3054 τῇ
1729 2983 1979 3055 ἀρχικω-

377 3086 517 3158 τέρᾳ
566 3085 670 3156 τῆς
719 3082 964 3155 ζωτικῆς
1018 3079 1307 3151 δυνάμεως
1371 3079 1679 3151 οἰκονομίᾳ,
1736 3080 1978 3151 δωροφο-

382 3178 629 3253 ροῦσιθθ.
661 3177 776 3232 Τοῦ
807 3193 869 3231 τε
907 3174 1023 3249 γὰρ
1053 3173 1265 3246 θερμοῦ
1308 3171 1371 3226 τὸ
1415 3171 1834 3244 καθαρώτερον,
1880 3172 1979 3226 καὶ

380 3271 479 3326 τοῦ
514 3269 689 3343 ὑγροῦ
718 3270 783 3323 τδ
828 3269 1165 3341 λεπτότερον
1192 3267 1265 3331 ⁸¹,
1314 3266 1447 3339 παρ’
1487 3265 1762 3337 ἑκατέρας
1814 3264 1978 3319 δυνά-

385 3382 535 3436 μεως
563 3364 653 3420 διά
684 3379 832 3426 τινος
867 3362 1205 3433 μίξεωςκαὶ
1260 3360 1623 3432 ἀνακράσεως
1679 3356 1977 3420 ἐνωϐέντα,

2075 2235 2446 2292 crassitudine
2480 2247 2771 2306 penetrare
2821 2233 2983 2291 facile
3027 2236 3207 2302 detur,
3260 2238 3365 2308 ipsi
3401 2252 3673 2309 aquosmn

2074 2339 2487 2385 excrementum
2516 2328 2769 2391 adhiberi
2813 2316 3081 2399 oportuit,
3135 2344 3248 2400 quo
3286 2329 3407 2400 ejus
3451 2331 3676 2401 gracili-

2076 2420 2208 2476 tatis
2261 2435 2453 2488 causa,
2499 2420 2756 2492 sanguini
2790 2420 2923 2492 ipsi,
2945 2437 3042 2491 per
3095 2421 3321 2478 subtilia
3376 2423 3580 2493 quibus
3604 2424 3672 2478 ad

2077 2514 2312 2585 pilorum
2339 2514 2566 2570 modum
2599 2530 2794 2571 omnes
2828 2524 3011 2585 partes
3038 2514 3253 2572 refertae
3278 2526 3407 2572 sunt
3430 2517 3675 2582 vascula,

2083 2620 2180 2676 per
2224 2605 2364 2677 ipsa,
2399 2605 2650 2675 inquam,
2700 2621 2764 2660 ac
2789 2614 2964 2659 totum
2998 2620 3201 2676 corpus
3236 2607 3322 2674 (ut
3341 2606 3674 2678 explicatum

2079 2698 2185 2771 est)
2204 2698 2451 2770 pervium
2475 2697 2578 2753 iter
2610 2697 2890 2753 reddatur.
2910 2698 3045 2753 Cum
3078 2706 3260 2755 autem
3288 2699 3510 2771 gemina
3537 2699 3677 2755 vita-

2081 2791 2216 2847 lium
2250 2790 2575 2847 facultatum
2623 2789 2891 2862 principia
2945 2791 3236 2847 commista
3261 2791 3394 2858 sint,
3439 2808 3677 2865 quorum

2082 2894 2316 2950 alterum
2348 2893 2585 2950 calorem
2627 2909 2659 2949 a
2704 2892 2892 2960 corde,
2927 2893 3160 2949 alterum
3202 2894 3491 2951 humorem
3525 2910 3558 2951 a
3596 2895 3679 2966 je-

2083 2985 2273 3042 cinore
2307 2984 2638 3055 suppeditat,
2704 2985 2978 3055 praecipua
3010 2999 3074 3039 ac
3104 2985 3347 3041 maxime
3391 2986 3678 3057 principali

2083 3076 2266 3133 vitalis
2296 3076 2579 3132 facultatis
2626 3076 3135 3146 administratione,
3176 3077 3294 3133 ha‘c
3346 3078 3679 3153 largiuntur.

2084 3169 2402 3237 Enimvero,
2457 3170 2753 3241 purissima
2809 3169 3013 3226 caloris
3068 3169 3274 3240 portio,
3320 3171 3683 3244 [numerisque

2085 3278 2210 3333 qua:
2240 3263 2600 3319 subtilissima
2631 3273 2736 3324 est.
2784 3277 3018 3333 quaeque
3047 3262 3118 3318 ab
3141 3273 3374 3335 utraque
3423 3264 3682 3321 facultate

2086 3355 2321 3410 mistella
2341 3355 2602 3425 quadam,
2628 3361 3171 3423 temperamentoque
3193 3354 3395 3421 medio,
3429 3355 3482 3409 in
3510 3370 3680 3410 unum

380 3456 577 3527 τρέφει
634 3455 730 3508 καί⁹
767 3452 1054 3524 συνίστησι
1107 3451 1203 3505 τὸν
1240 3448 1552 3519 ἐγκέφαλον
1605 3447 1696 3502 διὰ
1739 3447 1851 3501 τῶι
1881 3449 1973 3502 ἀτ-

2084 3457 2303 3512 coeunt,
2330 3461 2425 3515 per
2455 3458 2688 3515 vapores
2712 3445 2781 3500 ad
2813 3445 3099 3500 cerebrum
3128 3446 3507 3516 procedentes,
3530 3448 3684 3504 alunt

388 3547 529 3617 μῶν.
596 3543 718 3612 Ἀφ’
765 3537 827 3598 οὗ
877 3542 1045 3596 πάλιν
1100 3539 1546 3610 ἑκλεπτυνομένη
1584 3537 1838 3602 ἀνάδοσις
1880 3538 1976 3592 ἀπ’

382 3635 599 3689 ἐκείνου
624 3634 670 3669 ⁸³
692 3633 988 3703 ὑπαλείφει
1018 3632 1114 3687 τὸν
1144 3631 1502 3704 περιεκτικὸν
1540 3629 1637 3685 τοῦ
1669 3630 1980 3700 ἐγκεφάλου

385 3730 585 3801 ὑμένα,
632 3726 726 3782 τὸν
771 3726 1065 3798 δεχόμενον
1101 3725 1203 3794 τήν
1273 3713 1531 3796 ψυχικὴν
1559 3723 1854 3796 ἐνέργειαν
1878 3737 1893 3751 ⁶
1921 3723 1982 3777 ὃν

383 3823 483 3877 καὶ
510 3821 806 3886 δικτυῶδες
832 3820 881 3854 ⁸³
907 3819 1132 3891 πλέγμα
1160 3819 1421 3874 καλοῦσιν
1453 3819 1505 3872 οἱ
1538 3817 1737 3888 ἰατροί.

468 3916 535 3970 'H
557 3914 672 3988 γάρ
698 3913 850 3987 ψυχὴ
878 3913 1020 3985 αὐτή
1061 3912 1165 3984 μὲν
1196 3911 1320 3967 καθ’
1354 3911 1559 3983 ἑαυτήν
1586 3910 1708 3966 θεία
1742 3910 1827 3977 τίς
1862 3912 1982 3965 ἐστι

384 4006 483 4063 καὶ
504 4005 799 4078 ἀσώματος
825 4022 841 4039 ο
873 4004 1083 4077 λάμπει
1106 4003 1153 4036 ⁸⁸
1183 4002 1244 4057 δὲ
1275 4003 1358 4067 εἰς
1371 4002 1432 4057 τὸ
1480 4001 1643 4081 σῶμα
1669 4001 1834 4057 τοῦτο
1882 4002 1985 4057 οὐκ

384 4100 630 4172 ἀμέσως,
662 4098 800 4154 ἀλλά
825 4096 1146 4171 κεχρημένη
1167 4097 1388 4168 ὀργάνῳ
1404 4095 1516 4149 τινὶ
1540 4093 1622 4167 τῷ
1647 4094 1980 4166 καλουμένῳ

386 4194 668 4265 πνεύματι
723 4191 965 4264 ψυχικῷ.
1019 4190 1193 4246 Τοῦτο
1239 4191 1298 4244 δε
1341 4188 1697 4261 ἐκπέμπεται
1754 4188 1854 4259 μὲν
1918 4190 1985 4243 ἐκ

386 4288 618 4361 καρδίας
640 4287 733 4342 διὰ
752 4287 853 4358 τῆς
867 4284 1075 4358 ἀορτῆς
1097 4282 1397 4356 ἀρτηρίας,
1419 4283 1515 4337 καὶ
1530 4283 1579 4320 ⁸⁵
1611 4281 1920 4354 φερόμενον
1935 4280 1985 4313 ⁸⁸

388 4379 547 4450 παρὰ
598 4378 661 4431 τὸ
712 4377 1011 4449 εἰρημένον
1069 4373 1367 4438 δικτυῶδες
1393 4374 1440 4406 ⁸⁷
1505 4372 1750 4444 πλέγμα,
1795 4374 1983 4426 ἐκεῖσε

387 4472 651 4527 πέττεται
672 4470 719 4504 ⁸⁸
749 4471 848 4525 καὶ
879 4469 1232 4537 λεπτύνεται,
1264 4469 1361 4524 καὶ
1405 4468 1652 4540 αἰθέριόν
1689 4486 1751 4522 τε
1771 4469 1817 4502 ⁸⁸
1863 4470 1984 4523 καὶ

386 4564 670 4635 αὐγοειδὲς
725 4563 943 4635 γίνεται
971 4579 986 4595 ο
1021 4564 1100 4630 ὼς
1147 4563 1466 4634 ἐπιτήδειον
1518 4559 1662 4616 εἶναι
1716 4562 1982 4629 δέξασθαι

385 4657 571 4731 ψυχῆς
600 4656 874 4729 έλλαμψιν
897 4658 969 4713 ⁹⁰.

2086 3536 2268 3604 ipsum
2299 3535 2776 3605 constituuntque.
2817 3534 2901 3590 Ad
2944 3537 3082 3600 haec,
3142 3537 3506 3605 subtilissima
3553 3557 3682 3597 rura

2085 3642 2203 3691 sus,
2225 3642 2349 3697 qua:
2372 3626 2442 3681 ab
2468 3641 2536 3682 eo
2563 3626 2795 3697 emergit
2812 3627 2916 3692 vis,
2938 3627 3314 3684 membranam
3345 3645 3471 3702 quae
3500 3631 3681 3702 ipsum

2085 3718 2279 3785 ambit,
2313 3734 2437 3790 qua
2471 3718 2670 3775 anima:
2700 3719 2973 3776 actionem
3010 3718 3264 3794 suscipit,
3292 3738 3526 3796 quaeque
3553 3728 3684 3783 reti-

2085 3811 2271 3867 culare
2301 3820 2513 3867 textum
2540 3828 2572 3868 a
2605 3811 2831 3869 medicis
2869 3823 3242 3885 nuncupatur,
3280 3817 3572 3876 demulcet.

2161 3901 2442 3976 Siquidem
2485 3904 2671 3960 anima
2702 3905 2820 3977 ipsa
2853 3906 3102 3962 divinum
3129 3910 3429 3979 quoddam,
3458 3928 3524 3968 ac
3555 3928 3682 3969 cor-

2087 3999 2240 4071 poris
2287 4016 2486 4071 expers
2526 3999 2804 4066 habetur;
2862 4002 2917 4056 in
2963 4016 3194 4073 corpore
3250 4005 3357 4061 hoc
3402 4006 3685 4079 haudqua-

2087 4109 2255 4164 quam
2287 4093 2473 4149 mcdio
2504 4109 2722 4159 carens,
2757 4094 2851 4151 sed
2878 4094 3247 4153 instrumento
3269 4140 3284 4165 ,
3313 4099 3461 4168 quod
3486 4100 3686 4157 anima:

2087 4186 2318 4256 spiritus
2351 4186 2556 4243 dicitur
2597 4194 2887 4258 sequestro
2912 4228 2929 4251 ,
2994 4189 3244 4259 refulget.
3309 4189 3687 4248 Verumenim-

2089 4294 2219 4334 vero
2280 4280 2509 4350 spiritus
2568 4279 2691 4343 istc,
2743 4296 2776 4337 a
2830 4284 3019 4343 corde,
3095 4282 3311 4338 arteria;
3354 4300 3478 4353 qua:
3527 4298 3683 4341 aorta

2088 4382 2440 4445 nuncupatur
2485 4373 2684 4440 ofﬁcio,
2730 4390 2951 4431 sursum
2997 4377 3288 4443 emittitur,
3326 4394 3393 4433 ac
3425 4393 3521 4448 per
3548 4381 3684 4434 reti--

2087 4465 2274 4521 culare
2316 4466 2384 4521 de
2406 4481 2517 4537 quo
2539 4467 2776 4523 dicimus
2809 4477 3017 4522 textum
3046 4469 3194 4547 quod
3226 4470 3514 4526 cerebrum
3567 4489 3685 4526 ant-

2087 4557 2166 4612 bit
2196 4559 2535 4629 procedens,
2582 4559 2952 4631 concoquitur
2978 4559 3136 4627 inibi,
3187 4568 3587 4634 tenuaturque,
3622 4581 3687 4619 ac

2086 4651 2277 4708 aetheri
2337 4651 2669 4723 persimilis,
2715 4651 2994 4724 simulque
3043 4651 3324 4726 fulgidus,
3372 4663 3434 4711 ut
3489 4656 3688 4712 animae

2088 4745 2435 4817 splendorem
2469 4746 2765 4816 suscipere.
2807 4745 3044 4802 ideneus
3071 4747 3162 4813 sit,
3195 4746 3446 4804 edicitur.

458 4837 525 4894 Εἰ
556 4836 740 4890 τοίνυν
765 4835 925 4890 τοῦτο
960 4837 1267 4908 παχύτερον
1295 4837 1466 4891 αὐτοῦ
1486 4837 1574 4907 εἴη
1610 4838 1704 4890 καὶ
1746 4837 1973 4893 τεθολω-

2159 4840 2218 4894 Si
2276 4840 2445 4911 igitur
2488 4840 2745 4909 spiritum
2811 4843 2959 4897 hunc
2990 4883 3005 4907 ,
3058 4841 3152 4896 illo
3202 4843 3480 4898 reticulari
3538 4854 3686 4900 texto

390 4930 577 5002 μένον,
601 4931 635 5002 ή
672 4928 774 5002 μὲν
806 4928 907 5001 τῆς
935 4928 1119 5000 ψυχῆς
1147 4929 1311 4983 οὐσία
1339 4930 1496 4984 οὐδὲν
1524 4930 1585 4997 ἐξ
1613 4930 1781 4984 αὐτοῦ
1802 4949 1984 5004 παρα-

387 5022 692 5078 6λάπτεται
724 5038 740 5053 ⁸
775 5022 839 5076 τὸ
859 5021 917 5074 δὲ
944 5021 1106 5093 σῶμα
1136 5020 1229 5075 διὰ
1247 5022 1348 5093 τὴν
1380 5022 1476 5076 τοῦ
1530 5022 1840 5093 πνεύματος
1880 5041 1983 5078 κα-

388 5113 513 5167 κίαν
550 5114 612 5168 ού
651 5112 898 5186 σαφῶςῆ
925 5112 1361 5184 καταλάμπεται
1390 5113 1424 5185 ἦ
1460 5115 1712 5186 ἐνεργεῖ·
1744 5116 1794 5168 εί
1823 5115 1880 5169 δὲ
1896 5119 1983 5186 εἴη

387 5205 748 5279 λεπτομερὲς,
791 5205 1211 5278 ἀνεμποδίστως
1246 5205 1346 5258 καί⁵
1370 5205 1434 5258 τὸ
1480 5205 1641 5277 σῶμα
1670 5206 1780 5259 τῶν
1823 5206 1987 5277 ψυχι-

379 5298 504 5353 κῶν
533 5298 832 5371 ὲνεργείων
855 5298 1128 5354 ἀπολαύει
1155 5315 1172 5330 ·
1202 5298 1294 5355 διά
1320 5299 1530 5372 ταύτην
1556 5299 1740 5354 τοίνυν
1757 5299 1855 5372 τὴν
1894 5303 1983 5355 αἱ-

386 5390 509 5445 τίαν
541 5393 828 5465 ἀπέριττοι
861 5393 1124 5463 μένοντες
1149 5392 1371 5448 κάλλιον
1401 5394 1444 5423 ⁹¹
1479 5390 1837 5463 λογιζόμεθα,
1887 5395 1982 5447 καὶ

2090 4933 2421 4989 crassiorem
2453 4933 2848 5004 turbidumque
2876 4950 3001 4991 esse
3030 4936 3345 5005 contigerit,
3392 4950 3498 4990 non
3538 4937 3684 4998 ideo,

2090 5039 2161 5079 ne
2189 5023 2462 5079 tantillum
2494 5024 2718 5094 quidem
2760 5024 2964 5081 anima:
3016 5026 3324 5083 substantia
3370 5027 3440 5081 ab
3480 5042 3548 5083 eo
3589 5028 3684 5082 hr-

2088 5118 2260 5180 ditur,
2301 5132 2506 5186 corpus
2548 5133 2677 5172 vero
2722 5120 2952 5188 spiritus
2990 5117 3146 5182 vitio,
3182 5135 3361 5189 neque
3394 5119 3686 5190 perspicue

2090 5209 2418 5273 illustratur,
2463 5225 2641 5280 neque
2660 5211 2906 5267 actiones
2948 5225 3080 5267 suas
3114 5210 3374 5267 ostendit.
3411 5211 3468 5267 Si
3499 5222 3683 5269 autem

2091 5301 2246 5355 illum
2266 5302 2612 5357 subtiliorem
2643 5318 2768 5359 esse
2787 5304 3103 5374 contigerit,
3135 5319 3337 5374 corpus
3358 5304 3570 5375 absque
3590 5305 3689 5361 im-

2091 5394 2405 5464 pedimento
2439 5395 2548 5466 37
2574 5395 2773 5451 animm
2824 5397 3132 5452 actionibus
3182 5394 3404 5455 fruitur.
3443 5395 3557 5454 Hac
3588 5398 3690 5471 igi-

395 5594 412 5629 __
461 5549 508 5582 ⁸ο
527 5549 785 5629 Eulalia
816 5548 877 5629 ῐξ,
914 5550 1043 5629 ἥτις
1077 5535 1483 5629 στελεχιαίαλῐῖ.
1641 5550 1975 5629 περιέιχο-υσα
2002 5550 2106 5629 ἱξΔο
2272 5550 2317 5584 ⁸⁸
2355 5552 2798 5629 παροδευόῂμενον
2834 5556 2919 5629 Ρ.⁸
2941 5555 3019 5629 ῌ⁶⁹
3060 5557 3505 5629 ἐγκατασπεῖρον
3529 5559 3618 5612 είσ

386 5619 594 5692 ὀχετῶν
616 5619 794 5691 ἀρχὰς
832 5621 898 5674 Ρ.
940 5619 947 5622 ⁷
997 5620 1045 5652 ⁷⁸
1083 5619 1371 5689 διαφύσεις
1396 5620 1457 5673 B.
1560 5621 1603 5651 7'
1640 5620 1819 5673 τεκαὶ
1846 5621 1906 5674 P.

387 5692 437 5724 Ἰδ
481 5692 642 5724 “Am”
689 5691 717 5724 Δ
851 5692 899 5723 ’18
948 5690 1120 5724 gnua}.
1174 5692 1211 5724 ιι
1334 5691 1583 5724 701.4,.”-
1647 5694 1673 5724 Δ
1764 5691 1906 5724 "Anu

389 5690 747 5763 πμόνονᾏ.
851 5692 899 5723 ⁷⁸
947 5690 1121 5762 μικρὰ
1170 5692 1231 5747 Β.

389 5763 436 5796 ’⁸
477 5762 626 5819 κατά
655 5763 697 5815 Β
746 5758 789 5816 C
840 5758 901 5817 P.
1005 5762 1051 5795 ⁸ο
1096 5762 1231 5819 δοοοε

388 5834 437 5867 ⁸³
463 5834 759 5897 δυκτιῶδες
797 5834 861 5887 Β.

388 5903 436 5938 ⁸⁷
463 5906 792 5970 δικτυοειδὲς
820 5908 885 5974 Α,
939 5903 1238 5969 δυκτιῶδες
1266 5905 1326 5960 Β.

386 5978 638 6062 κρεῖττον
665 5976 726 6035 Ρ.

968 5832 1014 5866 ⁸⁸
1052 5832 1331 5905 ἐκλᾶμπει
1368 5834 1408 5886 Β
1444 5834 1486 5886 C
1517 5832 1579 5905 P.
1640 5903 1647 5905 Α
1679 5832 1700 5868 ⁸

1440 5906 1485 5938 ⁸⁸
1518 5903 1769 5977 ἀθαίριόν
1799 5921 1860 5959 τε
1893 5906 1956 5963 Β.

2017 5624 2063 5653 τ’
2095 5622 2450 5694 κλημακηδδν
2478 5623 2542 5687 Β,
2589 5622 3006 5694 κληματοειδῶς
3062 5622 3109 5679 Ο
3138 5625 3199 5679 Ρ.

1621 5691 2232 5820 cessasse-
2263 5693 2330 5796 1:.-

1128 5778 1456 5834 οροφορουσι
1512 5778 1580 5824 u,
1621 5778 1989 5865 οορυιρορουσι
2034 5778 2076 5820 υ
2119 5778 2179 5818 ι’.
2281 5778 2325 5796 οι
2379 5778 2712 5846 λεπτότατον
2770 5778 2835 5820 1'.
2939 5778 2985 5798 "
3037 5778 3131 5822 ἀπ’
3177 5778 3260 5822 sxa

1128 5832 1331 5908 λᾲμπει
1368 5834 1408 5886 Β
1638 5903 1648 5908 _
1679 5835 1734 5908 "_
1755 5850 1816 5903 ψ.
1843 5835 2046 5908 ἐκᾴπεμ.
2071 5836 2143 5908 ἐκ
2176 5834 2408 5908 καρδίας
2437 5835 2526 5908 διὰ
2552 5853 2656 5905 της
2681 5837 2894 5908 ἀορκῆς
2914 5839 3011 5893 καὶ
3045 5839 3107 5896 P.
3213 5840 3260 5872 “

2064 5906 2110 5939 “
2149 5922 2240 5978 γρ.
2257 5904 2268 5908 ⁷
2283 5904 2572 5976 ἀναπέμπ.
2609 5904 2670 5962 Ρ.

3301 5578 3505 5629 ῖπειρον
3529 5578 3618 5612 εισ
3670 5578 3683 5594 ’

3301 5627 3348 5701 7³
3378 5628 3590 5701 ποεχέρυ
3624 5578 3703 5699 ἕρ·

3054 5697 3103 5728 ⁷⁸
3142 5695 3386 5766 ἀγγείων
3444 5695 3495 5752 Β
3524 5699 3566 5754 0
3625 5695 3686 5756 l’.

2939 5767 2985 5798 ⁸¹
3037 5769 3131 5822 ἀπ’
3177 5769 3395 5823 ἐκείνου
3453 5786 3566 5827 om.
3619 5775 3684 5830 A.

3299 5843 3586 5914 φερομένο
3619 5849 3689 5901 Α.

3287 5912 3338 5947 ιιι
3372 5912 3474 5984 μιν
3533 5914 3684 5980 ὄντες

2440 5694 2485 5724 ⁷⁷
2525 5696 2736 5763 ἀναγκε
2745 5693 2841 5747 ίων
2883 5696 2943 5749 Β.

2281 5764 2325 5796 ⁸⁸
2377 5763 2712 5819 λεπτότατον
2770 5767 2835 5820 Ρ.

2772 5909 2819 5942 ⁹⁰
2850 5910 3090 5983 έλαμψιν
3118 5915 3185 5970 Α.
