4138 6468
516 424 651 483 IIS!

1837 424 2120 483 MELE'I'II
2163 426 2470 483 MONAILIII

3652 440 3796 498 “52

517 551 606 595 tur
648 538 715 593 de
759 552 947 605 causa,
1007 537 1101 607 qui
1160 547 1628 593 excrementorum
1681 553 1930 608 expertes
1990 540 2079 595 fne

2207 539 2305 606 τάς
2354 542 2694 613 ἡγεμονικὰς
2735 545 3020 617 ἐνεργείας
3075 549 3471 622 ἐπιτελοῦμεν·
3524 571 3797 625 περιττω-

498 634 645 697 rint,
714 643 804 685 res
866 630 1219 699 praestantius
1279 629 1753 696 animadvertunt,
1813 647 1982 701 seque
2045 633 2097 686 in

495 723 834 795 peragendis
862 721 1255 793 principalibus
1278 721 1587 777 actionibus
1618 722 1863 778 nobilius
1879 732 2095 793 gerunt.

2210 638 2431 704 ματικοὶ
2465 635 2545 699 δὲ,
2584 637 2680 713 καὶ
2741 637 2980 709 μάλιστα
3023 642 3163 711 μετά
3191 642 3291 707 τάς
3336 644 3595 715 ἀπεψίας,
3637 648 3795 702 οὐδε-

2208 723 2338 794 μίαν
2361 724 2471 777 τῶν
2492 724 2724 783 δεόντων
2755 726 3050 798 ἐνεργειῶν
3084 729 3353 785 ἐπιτελεῖν
3380 732 3681 804 δυνάμεθα.

488 819 612 886 ~Qui
659 832 787 871 vero
833 812 1231 870 excrementosi
1271 824 1422 880 sunt,
1463 822 1519 869 et
1559 814 1653 884 qui
1704 816 2004 885 prmsertim
2063 815 2121 869 in
2160 816 2614 873 concoctionibus
2677 828 3023 889 premuntur,
3071 824 3154 877 eis
3177 824 3246 877 ad
3276 838 3339 877 ea
3367 840 3490 894 quae
3533 842 3671 896 opus
3705 837 3799 882 est

490 912 815 984 -peragenda
852 909 1082 965 facultas
1113 907 1479 977 intercipitur.

561 1005 719 1059 'Cnm
772 1002 1005 1073 igitur,a
1030 999 1344 1054 membrana
1390 999 1509 1069 ipsa
1537 1014 1700 1070 quam
1734 999 2097 1067 asseruimus,

489 1096 690 1152 omnis
720 1091 940 1164 quidem
962 1091 1273 1146 articularis
1299 1100 1503 1156 motus,
1537 1108 1663 1149 eum
1697 1096 1959 1151 concordi
1981 1111 2098 1150 mu-

500 1187 784 1243 sculorum
810 1192 1007 1248 tractu,
1026 1198 1240 1239 necnon
1259 1183 1603 1241 voluntarius
1633 1187 1881 1258 spiritus,
1907 1187 2001 1258 qui
2027 1189 2094 1242 ad

502 1279 750 1351 singulas
771 1277 1019 1348 corporis
1044 1276 1219 1332 nostri
1247 1287 1430 1347 partes
1456 1278 1757 1350 delegatur,
1787 1281 2090 1351 proveniat,

509 1362 784 1431 terrenum
810 1371 986 1427 nostri
1017 1370 1559 1443 simulacrum,un
1600 1375 1832 1430 artilicio
1857 1376 2091 1446 quodam

508 1477 779 1535 movetur,
828 1474 1078 1537 apparet.
1134 1466 1264 1521 Haec
1308 1465 1576 1536 siquidem
1634 1469 1955 1524 membrana
1999 1484 2098 1539 per

507 1562 679 1634 spinae
727 1559 1060 1622 internodia,
1114 1572 1236 1629 qua:
1304 1568 1456 1613 recto
1516 1558 1708 1614 ordine
1763 1560 2092 1626 consistunt,

503 1672 536 1712 a
567 1654 949 1726 superioribus
992 1652 1063 1709 ad
1093 1653 1200 1708 ima
1229 1652 1607 1723 progreditur,
1663 1669 1785 1723 qua:
1825 1668 1931 1708 una
1965 1669 2091 1709 cum

503 1749 608 1805 sibi
643 1748 806 1804 insita
835 1746 1089 1810 medulla,
1142 1745 1207 1800 ad
1253 1746 1425 1815 spina:
1478 1745 1587 1800 ima
1625 1745 1902 1801 terminat.
1938 1744 2081 1801 lianc

2192 1741 2462 1813 απολήγει
2490 1744 2588 1814 τῆς
2619 1744 2834 1814 ῥάχεως
2856 1757 2869 1772 ⁸

501 1850 685 1898 autem
730 1840 895 1896 veluti
943 1838 1192 1906 aurigam
1266 1836 1512 1892 omnium
1566 1838 1799 1903 ossium,
1866 1838 2089 1893 harmo-

500 1935 829 2004 niarumque
866 1930 1236 1996 cobrerentiis,
1263 1929 1754 2001 musculorumque
1780 1931 2083 2002 principiis,
2104 1938 2123 1958 '

499 2028 762 2097 impetqu
821 2022 1250 2092 facultatemque
1313 2021 1567 2076 movendi
1621 2020 1939 2092 singillatim
1984 2021 2086 2075 im-

496 2116 685 2189 pertiri
732 2123 970 2171 constat.
1019 2112 1135 2169 Hac
1181 2114 1249 2169 de
1306 2128 1477 2169 causa
1509 2114 1682 2184 ipsam
1720 2113 1995 2169 tutissimo
2030 2115 2084 2169 in

498 2211 618 2264 loco
647 2206 1025 2264 collocandam
1071 2206 1245 2263 fuisse
1285 2205 1483 2261 merito
1521 2205 1945 2262 existimandum
1977 2217 2082 2263 est.

494 2297 794 2354 Nambaec
836 2297 889 2351 in
945 2298 1141 2366 capite,
1189 2296 1293 2351 sub
1346 2295 1551 2366 duplici
1585 2297 1797 2351 ossium
1844 2297 2079 2362 ambitu,

496 2391 753 2447 circulari
802 2390 995 2446 ordine
1044 2389 1431 2459 complicatur;
1493 2389 1547 2444 in
1592 2390 1759 2446 dorso
1793 2405 1923 2445 vero
1982 2391 2085 2446 sub

495 2484 779 2553 spinarum
803 2492 1019 2547 exortu,
1056 2497 1119 2538 ac
1141 2481 1569 2538 multiformibus
1602 2481 1940 2537 anfractibus
1980 2484 2082 2538 sita

492 2587 597 2642 est,
641 2591 876 2648 quorutn
911 2590 1100 2640 causa,
1157 2574 1229 2629 ob
1262 2573 1595 2629 membrana:
1628 2574 1801 2643 ipsius
1836 2574 2082 2640 tutelam,

493 2670 782 2726 cerebrum
841 2669 1021 2739 ipsum
1077 2667 1211 2722 nulli
1243 2668 1444 2722 damno
1485 2667 1784 2722 obnoxium
1816 2669 2079 2723 redditur.

562 2762 899 2817 Similevero
930 2759 1207 2830 quoddam
1250 2759 1317 2814 de
1366 2759 1531 2813 corde
1579 2760 1697 2829 ipso
1740 2759 2087 2814 animadver-

491 2865 676 2915 teres,
730 2853 991 2922 quoniam
1038 2853 1254 2921 ipsum,
1322 2850 1443 2905 vice
1494 2850 1780 2905 tutissima:
1847 2850 2080 2914 domus,

493 2942 722 2998 ﬁrmiori
758 2941 968 2997 ossium
1012 2939 1226 2994 ambitu
1270 2940 1541 2993 munitum
1589 2947 1694 2993 est.
1753 2938 1922 3009 Spina
1954 2939 2082 3009 qui-

490 3035 638 3099 dem,
687 3046 812 3102 quae
847 3029 1197 3100 scapularum
1248 3028 1589 3083 munimento
1624 3029 1992 3094 connectitur,
2048 3044 2079 3084 a

491 3142 644 3199 tergo
686 3125 957 3183 consistit.
1023 3122 1160 3178 Cum
1203 3138 1332 3178 vero
1376 3132 1654 3177 costarum
1706 3124 1967 3194 utrinque
2010 3140 2076 3179 ex
2105 3158 2150 3219 ε

491 3221 711 3291 obliquo
759 3217 1085 3288 compositio
1138 3216 1382 3271 adhibita
1428 3216 1523 3282 sit,
1578 3215 1724 3286 quod
1778 3217 1847 3272 de
1898 3217 2078 3273 medio

489 3322 612 3377 est,
658 3310 728 3366 ab
785 3296 937 3364 omni
991 3307 1250 3379 passione
1294 3316 1608 3377 exemptum
1668 3307 1935 3363 redditur.
1996 3309 2075 3365 Ex

472 3405 723 3467 ,adverso
781 3416 937 3469 vero,
996 3408 1114 3456 tum
1160 3407 1384 3471 pectus,
1444 3408 1558 3453 tum
1606 3398 1921 3470 conjunctio
1985 3416 2077 3457 os-

486 3498 603 3564 sis,
652 3496 799 3569 quod
858 3494 1043 3568 iugale
1096 3501 1467 3564 nuncupatur,
1518 3493 1695 3564 posita
1741 3502 1899 3560 sunt;
1966 3509 2078 3566 quo

484 3590 640 3647 omni
679 3603 749 3646 ex
791 3596 948 3659 parte
1003 3602 1101 3642 cor
1147 3585 1326 3657 ipsum
1376 3584 1721 3642 extrinsecus
1749 3586 2075 3656 provenien-

486 3681 565 3737 tia
598 3677 946 3735 incommoda
986 3676 1272 3732 devitaret.
1303 3675 1537 3732 Interius
1569 3686 1775 3741 autem,
1808 3693 1838 3732 a
1870 3678 2077 3749 pulmo-

374 3770 385 3782 ⁸
486 3788 576 3839 ne,
611 3772 742 3828 dum
781 3786 881 3827 ceu
906 3785 938 3825 a
974 3768 1299 3825 mollissimo
1338 3768 1577 3839 quodam
1602 3769 1767 3825 cubili
1811 3770 2076 3826 exsiliens

488 3866 669 3936 ipsum
712 3861 1011 3933 suscipitur
1036 3900 1052 3926 ,
1116 3858 1424 3915 insaucium
1464 3859 1872 3931 innocuumque
1898 3861 2076 3916 reddi-

491 3964 600 4010 tur.
650 3952 787 4008 Cum
836 3950 1023 4021 pulmo
1068 3963 1343 4020 spumosa:
1381 3949 1723 4015 substantiae,
1770 3966 1836 4006 ac
1866 3952 2076 4007 mollis-

488 4047 641 4101 simae
674 4041 857 4099 carnis
882 4042 1167 4105 habeatur,
1205 4053 1302 4095 cor
1336 4039 1549 4095 medius
1582 4040 1833 4109 suscipit,
1883 4056 1993 4111 quo
2022 4053 2073 4096 et

488 4137 681 4209 pulsus
714 4135 836 4207 ejus
864 4133 1159 4205 acciperet,
1188 4146 1253 4187 ac
1287 4145 1613 4203 repercusso
1641 4132 1862 4189 dolores
1892 4127 2075 4188 neuti-

485 4245 651 4301 quam
677 4228 965 4292 ineuteret,
990 4234 1157 4295 utque
1172 4239 1240 4279 ex
1261 4240 1328 4281 eo
1358 4223 1504 4296 quod
1528 4223 1640 4296 38
1667 4223 2074 4296 refrigeratione

478 4332 712 4403 indiget,
736 4328 1097 4399 respiratione
1139 4326 1350 4383 modice
1387 4333 1688 4398 temperata
1717 4326 2066 4384 refocilletur.

553 4422 623 4478 Et
681 4421 811 4491 quia
861 4419 1118 4476 vitalibus
1185 4418 1437 4489 corporis
1503 4417 1813 4473 actionibus
1873 4416 2069 4472 remis-

2288 999 2384 1053 Ἐκ
2430 996 2529 1053 τοῦ
2579 994 2676 1055 οὖν
2713 1002 3009 1073 εἰρημένου
3047 1003 3186 1071 μυὸς
3239 1007 3388 1060 πᾶσα
3425 1006 3528 1077 μέν
3580 1006 3797 1080 ἄρθρου

2203 1090 2418 1163 κίνησις
2449 1107 2468 1123 ⁸
2497 1093 2649 1147 πᾶσα
2692 1093 2751 1147 δέ
2784 1094 2936 1164 μυῶν
2970 1096 3203 1165 συνολκή
3226 1112 3242 1128 ο
3274 1098 3385 1151 πᾶν
3412 1096 3472 1149 δὲ
3523 1115 3794 1171 προαιρε-

2200 1184 2353 1238 τικὸν
2374 1184 2596 1257 πνεῦμα
2627 1188 2740 1251 τοῖς
2769 1189 2905 1241 πᾶσι
2933 1188 3151 1261 μορίοις
3187 1189 3284 1243 τοῦ
3340 1188 3599 1261 σώματος
3628 1194 3792 1264 ⁴ἡμῶν

2201 1276 2683 1349 ἐπιπεμπόμενον,
2715 1278 2805 1333 τὸν
2845 1281 3034 1352 γήϊνον
3062 1283 3219 1352 ἡμῶν
3236 1283 3535 1354 ἀνδριάντα
3570 1286 3636 1338 ἐκ
3673 1304 3788 1356 μη-

2200 1372 2375 1443 χανῆς
2399 1390 2548 1437 τινος
2577 1372 2900 1445 κινούμενον
2924 1375 2970 1407 "
3022 1375 3291 1432 δείκνυσι.
3322 1375 3627 1441 Δὺλοειδῶς
3674 1377 3797 1449 γὰρ

2197 1463 2476 1519 ἄνωθενν³
2513 1464 2721 1535 διήκων
2760 1466 2852 1519 ἐπὶ
2904 1465 2973 1519 τὸ
2999 1465 3186 1536 βάθος,
3229 1466 3318 1521 διά
3376 1467 3487 1521 τῶν
3542 1467 3791 1539 καθεξῆς

2198 1556 2513 1612 σπονδύλων
2542 1557 2642 1628 τῆς
2675 1556 2890 1628 ῥάχεως
2921 1551 3079 1623 οὗτος
3117 1560 3147 1612 6
3175 1559 3306 1629 μὺς,
3337 1558 3447 1612 τῶν
3482 1559 3674 1630 ῥαφῶν
3721 1578 3786 1613 τε

2195 1648 2425 1704 καὶτῶν
2475 1651 2817 1722 ἐγκειμένων
2870 1651 3008 1722 αὐτῇ
3055 1651 3277 1723 μυελῶν
3297 1653 3365 1718 ’⁵,
3397 1656 3465 1723 τῇ
3504 1653 3664 1724 βάσει
3696 1654 3786 1706 ἐν-

2909 1745 3111 1808 πάσαις
3129 1745 3175 1775 “
3206 1745 3410 1800 ὀστέων
3464 1747 3562 1801 καὶ
3605 1748 3783 1817 ἁρμο-

2189 1833 2320 1888 νιῶν
2345 1835 2665 1905 συμσολαῖς,
2704 1836 2802 1889 καὶ
2828 1836 2983 1907 μυῶν
3006 1837 3228 1908 ἀρχαῖς.
3259 1833 3387 1892 Οἷόν
3428 1856 3514 1902 τις
3564 1840 3785 1910 ἡνίοχος

2188 1926 2389 1980 αὑτδκ
2425 1926 2666 1991 ἐνδιδοὺς
2719 1930 2822 1998 τῆς
2870 1929 2998 1984 καθ’
3060 1929 3296 1984 ἕκαστον
3350 1933 3620 2002 κινήσεως
3680 1932 3787 2003 τὴν

2186 2020 2365 2090 ὁρμὴν
2415 2021 2511 2073 καὶ
2546 2019 2648 2093 τὴν
2681 2020 2934 2091 δύναμιν.
2978 2024 3079 2075 Διά
3120 2021 3280 2077 τοῦτό
3343 2041 3435 2095 μοι
3486 2024 3639 2078 δοκεῖ
3682 2027 3785 2079 καὶ

2186 2112 2603 2185 ἀσφαλεστέρας
2653 2115 2903 2187 φρουρᾶς
2954 2114 3245 2185 ἠξιῶσθαι.
3303 2116 3460 2171 Κατά
3520 2116 3620 2188 μέν
3675 2116 3787 2188 τὴν

2187 2206 2461 2277 κεφαλὴν,
2481 2206 2699 2270 διπλαῖς
2727 2206 2932 2260 ὀστέων
2967 2206 3290 2278 περιϐολαῖς
3319 2209 3379 2262 ἐν
3415 2208 3606 2280 κύκλῳ
3635 2210 3775 2263 διει-

2186 2298 2470 2369 λημμένος
2497 2315 2511 2329 ’
2565 2298 2707 2352 κατά
2742 2298 2800 2352 δέ
2841 2298 2942 2370 τὴν
2980 2299 3165 2371 ῥάχιν,
3220 2305 3341 2363 ταῖς
3378 2299 3491 2353 τῶν
3520 2300 3780 2356 ἀκανθῶν

2187 2391 2477 2461 ἐκφύσεσι,
2538 2392 2632 2445 καὶ
2680 2394 2803 2456 ταῖς
2868 2391 3232 2463 πολυτρόποις
3296 2392 3443 2447 κατά
3490 2394 3552 2447 τὸ
3585 2393 3783 2464 σχῆμα

2184 2482 2511 2546 διαπλοκαῖς
2544 2499 2559 2513 ο
2609 2483 2677 2538 δι’
2708 2476 2784 2537 ὧν
2829 2483 2890 2535 ἐν
2927 2483 3167 2556 ἀπαθείᾳ
3223 2485 3378 2557 πάσῃ
3417 2484 3781 2555 φυλάσσοιτο,

2184 2576 2275 2629 διὰ
2299 2576 2401 2647 τῆς
2435 2579 2800 2649 περιεχούσης
2821 2575 2916 2631 τὸν
2956 2576 3136 2647 ὑμένα
3171 2580 3419 2648 φρουρᾶς
3449 2577 3495 2610 ’τ
3537 2579 3566 2630 6
3606 2576 3774 2646 ἐγκέ-

2186 2665 2375 2734 φαλος.

2269 2758 2500 2831 Ὁμοίως
2531 2760 2589 2814 δέ
2627 2764 2876 2831 καὶπερὶ
2899 2764 3000 2833 τῆς
3045 2762 3276 2833 καρδίας
3343 2761 3410 2815 ἀν
3461 2778 3550 2824 τις
3607 2778 3780 2817 κατα-

2187 2851 2536 2921 στοχάσαιτο,
2560 2850 2641 2905 ὅτι
2676 2851 2931 2925 καθάπερ
2956 2869 3040 2917 τις
3058 2849 3207 2918 οἶκος
3235 2850 3484 2924 ἀσφαλὴς
3513 2852 3653 2922 αῦτη
3682 2853 3773 2907 διὰ

2186 2941 2298 2994 τῶν
2321 2941 2697 3014 στερῤοτέρων
2726 2943 3139 3014 περιηρμόσθη,
3174 2946 3297 3006 ταῖς
3321 2942 3369 2975 ⁸⁸
3417 2941 3526 2996 τῶν
3564 2943 3781 2998 ὀστέων

2183 3031 2373 3103 κύκλῳ
2401 3034 2687 3104 περιοχαῖς
2730 3032 3079 3105 ὠχυρωμένη
3097 3035 3167 3088 ’⁸.
3201 3035 3454 3087 Κάτοπιν
3516 3034 3618 3105 μὲν
3653 3035 3774 3107 γάρ

2181 3125 2332 3178 ἐστιν
2372 3126 2405 3196 ἡ
2442 3127 2603 3196 ῥάχις
2636 3129 2755 3188 ταῖς
2813 3125 3230 3196 ὼμοπλατικαῖς
3272 3110 3597 3195 ἀσφαλείαις
3642 3143 3771 3181 συν-

2182 3216 2450 3288 δεδεμένη
2484 3234 2499 3249 ·
2536 3216 2658 3271 καθ’
2694 3217 2957 3289 ἑκάτερον
2986 3219 3043 3272 δὲ
3075 3218 3306 3287 πλάγιον
3330 3220 3363 3290 ἡ
3387 3236 3496 3271 των
3518 3219 3770 3291 πλευρῶν

2180 3306 2348 3377 φύσις
2374 3307 2420 3341 ⁸⁸
2447 3308 2463 3328 ⁸
2489 3307 2944 3379 περιπτύσσουσα
2962 3309 3024 3362 τὸ
3052 3308 3240 3377 μέσον,
3271 3309 3549 3374 δυσπαθές
3598 3310 3769 3381 ἀπερ-

2177 3400 2431 3470 γάζεται.
2480 3402 2571 3456 Ἐν
2610 3401 2668 3456 δέ
2704 3404 2819 3465 τοῖς
2846 3402 3187 3473 ἐμπροσθεν,
3206 3402 3274 3456 τό
3290 3419 3348 3456 τε
3372 3404 3618 3475 στέρνον,
3663 3405 3756 3456 καὶ

2178 3495 2212 3564 ή
2242 3493 2345 3564 τῆς
2375 3493 2584 3557 κλειδὸς
2622 3494 2859 3564 συζυγία
2911 3494 3289 3564 προϐέϐληται
3317 3510 3332 3525 ·
3369 3494 3444 3558 ὡς
3480 3495 3549 3550 ἂν
3593 3496 3752 3549 ἀπαν-

2175 3589 2407 3659 ταχόθεν
2435 3588 2578 3661 αὑτὴ
2605 3588 2667 3642 τὸ
2697 3588 2946 3657 ἀσφαλὲς
2962 3588 3073 3642 ἀπὸ
3101 3587 3211 3642 τῶν
3244 3587 3449 3653 sane“
3485 3588 3756 3659 διοχλοὺνο

2174 3696 2285 3735 των
2333 3681 2690 3750 φυλάσσοιτο.
2741 3678 2999 3734 Ἔνδοθεν
3054 3679 3114 3734 δέ
3142 3682 3170 3734 ό
3214 3680 3508 3751 πνεύμων,
3572 3679 3771 3751 ῶσπερ

2179 3774 2409 3844 στρῶμα
2458 3771 2671 3827 ἁπαλὸν
2725 3775 2839 3836 τοῖς
2878 3771 3121 3842 ἅλμασιν
3149 3772 3323 3843 αὑτῆς
3354 3774 3369 3803 ¹
3440 3771 3766 3842 ἐναποδεχό-

2179 3881 2361 3935 μενος,
2395 3864 2643 3934 ἀπληγον
2672 3865 2844 3936 αὑτὴν
2874 3864 3124 3936 διατηρεῖ
3145 3866 3165 3895 ¹
3201 3864 3297 3917 καὶ
3321 3862 3556 3933 ἀϐλαθῆο
3582 3864 3767 3934 ἀφρώ-

2174 3952 2299 4016 δους
2333 3953 2442 4024 γὰρ
2486 3954 2563 4008 ῶν
2613 3955 2643 4007 6
2676 3953 2935 4026 πνεύμων
2968 3954 3183 4018 οὐσίας,
3244 3954 3340 4008 καὶ
3395 3953 3765 4026 ἀπαλωτέρας

2175 4048 2402 4117 σαρκὸς,
2437 4049 2611 4117 μέσην
2650 4047 2752 4119 τὴν
2802 4047 3039 4119 καρδίαν
3104 4044 3542 4117 περιλαμϐάνει·
3572 4044 3649 4109 ὡς
3695 4046 3766 4099 ἂν

2174 4136 2416 4201 καὶτοὺς
2452 4136 2703 4208 παλμοὺς
2732 4137 2906 4206 αὑτῆς
2941 4137 3192 4207 δέχηται,
3216 4138 3312 4190 καὶ
3347 4137 3424 4207 μὴ
3449 4135 3769 4190 ἀντιτυπῶν

2172 4232 2312 4300 αὐτῇ
2381 4230 2581 4301 όδυνᾷ³
2606 4246 2620 4261 ⁸
2680 4230 2777 4282 καὶ
2820 4228 3088 4298 δεομένην
3154 4229 3504 4300 περιψύξεως
3544 4228 3632 4282 διὰ
3660 4232 3765 4301 τῆς

2171 4322 2451 4392 ἀναπνοῆς
2472 4321 2887 4394 παραμυθεῖται
2912 4322 2933 4351 ⁵
2964 4320 3229 4391 μετρίως.

2255 4415 2411 4469 Ἐπεὶ
2457 4414 2515 4468 δέ
2562 4414 2658 4469 καὶ
2706 4414 2946 4476 ἀνέσεως
2987 4415 3045 4466 αἱ
3077 4412 3308 4476 ζωτικαὶ
3358 4410 3457 4465 τοῦ
3504 4412 3764 4484 σώματος

475 4514 642 4571 sione
687 4528 827 4584 opus
880 4520 987 4578 cst,
1053 4525 1126 4567 ne
1175 4510 1295 4581 ejus
1349 4510 1570 4565 habitus
1617 4516 1877 4563 contento
1925 4506 2069 4562 labo-

2180 4508 2446 4580 ἐνέργειαι
2474 4506 2690 4562 δέονται
2711 4544 2727 4569 ,
2770 4505 2858 4560 ἵνα
2892 4505 2967 4575 μὴ
2999 4504 3080 4577 τῷ
3119 4505 3361 4573 συντόνῳ
3398 4506 3554 4575 κόπῳ
3596 4505 3630 4575 ὴ
3661 4503 3760 4557 τοῦ

480 4621 548 4661 τε
579 4606 935 4669 obtundatur,
963 4610 1160 4656 natura
1198 4602 1380 4657 somni
1401 4600 1602 4670 reperit
1629 4614 1817 4665 usum,
1848 4608 2072 4668 propter

486 4713 646 4769 quem
676 4706 730 4753 et
764 4696 1010 4765 sanguis,
1051 4694 1211 4765 cujus
1257 4693 1313 4748 in
1342 4691 1584 4763 jecinore
1623 4691 1682 4745 lit
1725 4690 2067 4757 constitutio,

480 4790 745 4846 facillime
789 4796 1212 4859 progeneratnr,
1247 4799 1349 4839 nec
1400 4799 1508 4837 non
1544 4781 1887 4849 alimentum,
1921 4781 2065 4852 quod

480 4882 554 4938 ab
607 4883 725 4952 ipso
759 4882 1029 4951 provenit,
1062 4880 1268 4948 absque
1329 4874 1717 4944 impedimento
1752 4874 1819 4930 ad
1876 4889 2070 4929 omnes

484 4990 667 5051 partes
703 4978 1038 5034 excernitur.
1099 4974 1255 5030 Unde
1316 4972 1377 5027 fit
1423 4980 1481 5026 ut
1528 4982 1748 5037 natura,
1805 4985 1930 5043 post
1973 4973 2062 5026 de-

483 5080 765 5143 sumptum
812 5070 1132 5124 alimentum
1165 5066 1230 5120 ad
1287 5065 1466 5135 ipsum
1523 5064 1945 5131 conficiendum,
1995 5066 2061 5119 ad

486 5164 677 5218 intima
716 5159 1018 5229 redigatur,
1068 5156 1553 5225 eompellaturqne,
1604 5164 1659 5210 et
1706 5171 1829 5210 cum
1870 5156 2059 5210 eodem

484 5255 707 5320 insitus,
733 5250 828 5319 qui
849 5249 1011 5305 nobis
1037 5248 1279 5303 calorest
1299 5257 1620 5315 concurrat;
1644 5248 1697 5302 in
1720 5248 1838 5319 ipsa
1870 5261 2063 5302 massae

484 5343 898 5405 constitutione,
972 5342 1461 5412 concoctioneque,
1534 5342 1782 5400 salubres
1840 5341 2060 5411 quidam

551 5542 600 5574 ’ί
636 5536 823 5611 κινοῦν
848 5538 908 5611 Β.
1014 5539 1069 5611 7”
1088 5540 1299 5611 ἀνωίΒ,
1348 5554 1469 5611 mox
1502 5538 1711 5611 διῆκον.

484 5613 581 5666 σὺν
606 5609 761 5680 αὐτῷ
788 5610 986 5680 μυελὸν
1011 5610 1053 5663 Β
1087 5609 1148 5665 Ρ.
1222 5610 1267 5642 ⁸⁵
1299 5608 1494 5680 πόσαις
1520 5608 1586 5663 Α.

481 5679 702 5754 ρωμέγη
733 5679 808 5754 Β)
856 5680 1254 5754 συγχυρωμέλξη
1297 5679 1357 5733 Ρ·

476 5747 578 5809 ῦ.’
641 5747 811 5805 "ml.
864 5747 1047 5807 ἀντἰτξ
1095 5747 1269 5821 αὐτὴν
1328 5748 1404 5819 μὴ
1459 5748 1563 5821 όδη
1595 5747 1655 5812 Β,
1717 5747 1889 5820 αὐτὴν
1918 5752 1982 5806 C.

475 5825 539 5878 P.
637 5822 659 5854 ⁸
692 5822 1059 5876 ἐπιτελεῖσθαι
1113 5819 1172 5875 Β.
1225 5818 1271 5849 ’⁷
1310 5818 1675 5888 συννευούσης
1712 5821 1807 5871 καὶ
1846 5818 1977 5876 om.
2031 5822 2091 5878 C.

1470 5680 1537 5749 ’Ψ
1595 5678 1848 5749 πλευρῶν
1912 5680 2164 5747 σύνθεσις
2222 5684 2286 5737 Ρ.

2173 4599 2429 4668 σώματος
2486 4598 2599 4663 ἕξις
2649 4596 2999 4669 ἀμϐλύ-θηται
3021 4640 3034 4663 ,
3065 4596 3159 4650 τοῦ
3190 4596 3360 4649 ὕπνου
3395 4597 3429 4667 ὴ
3460 4597 3619 4667 χρεία
3660 4598 3758 4649 ἐπ-

2170 4691 2369 4763 ενοήθη
2407 4693 2474 4762 τῇ
2526 4690 2725 4760 φύσει·
2766 4690 2893 4743 δτε³
2930 4689 3026 4742 καὶ
3058 4691 3092 4760 ἡ
3134 4687 3228 4742 τοῦ
3277 4689 3489 4759 ἥπατος
3525 4685 3761 4757 agund-

2169 4802 2333 4849 τωσις
2368 4783 2779 4853 ἀνεμποδίστως
2824 4783 3161 4836 ἐπιτελεῖται
3191 4782 3247 4847 ⁸,
3290 4781 3387 4834 καὶ
3416 4782 3451 4853 ή
3482 4781 3544 4845 ἐξ
3585 4778 3763 4834 αὑτοῦ

2168 4880 2267 4948 τῆς
2299 4879 2505 4948 τροφῆς
2551 4875 2786 4948 χορηγία
2839 4875 2979 4947 πρὸς
3018 4875 3167 4930 ᾶπαν
3213 4875 3405 4944 μόριον
3454 4874 3758 4942 ἀποκρινο-

2173 4970 2312 5042 μένη
2351 4968 2666 5041 μηδαμόθεν
2693 4967 2987 5021 κωλύεται.
3026 4967 3188 5020 Ὅθεν
3222 4965 3362 5037 μετά
3392 4964 3492 5037 τὴν
3522 4963 3760 5036 τροφὴν,

2171 5064 2536 5135 συννευούσης
2552 5065 2647 5118 καὶ
2670 5064 2689 5093 ⁷
2717 5060 3139 5132 συνωθουμένης
3160 5063 3219 5113 ἐν
3246 5058 3323 5130 τῷ
3356 5056 3512 5129 βάθει
3534 5058 3629 5129 τῆς
3655 5056 3758 5127 φύ-

2172 5173 2310 5222 σεως
2333 5156 2464 5227 περὶ
2493 5157 2595 5227 τὴν
2623 5157 2724 5225 τῆς
2749 5144 2956 5226 τροφῆς
2990 5152 3257 5225 ἐργασίαν
3277 5189 3295 5218 ,
3322 5153 3419 5205 καλ⁵
3446 5148 3543 5204 τοῦ
3575 5148 3757 5220 ἐμφύ-

2169 5267 2261 5303 του
2289 5247 2497 5319 θερμοῦ
2520 5249 2702 5301 ἐκεῖσε
2729 5246 3140 5318 συντρέχοντος,
3167 5243 3337 5315 ἀτμοί
3355 5260 3500 5307 τινες
3525 5240 3759 5314 χρηστοὶ

2169 5344 2325 5413 ἐν.τῇ
2346 5341 2456 5395 τῶν
2487 5344 2674 5396 σιτίων
2704 5339 2952 5412 ζυμὼσει
2973 5340 3070 5405 καὶ
3093 5341 3161 5409 τῇ
3193 5337 3359 5407 πέψει
3377 5336 3399 5369 ⁸
3423 5336 3669 5404 γίνονται
3686 5333 3707 5365 ³
3736 5348 3753 5363 ⁸

1818 5539 2089 5615 ’δμόλὺμὴμν
2118 5541 2274 5615 οὗτος
2322 5538 2497 5615 (οὗτος
2526 5545 2554 5598 6
2588 5543 2692 5615 μῦς
2720 5542 2796 5615 Ρ)
2847 5540 3041 5615 ἑαυτόν
3062 5557 3124 5615 τε
3173 5539 3268 5615 καὶ
3317 5537 3418 5615 τὸν.
3435 5532 3761 5615 ἐγκείμενον

1685 5608 1733 5640 ⁰⁶
1759 5607 1891 5663 αὑτὸ
1913 5607 2168 5677 sum;
2200 5613 2263 5667 P.

2369 5616 2413 5647 ’⁷
2454 5607 2701 5696 φρουρᾶς
2737 5607 2846 5667 uin.
2890 5613 2952 5666 B.
3057 5611 3102 5691 :8
3127 5613 3250 5673 ταῖς
3278 5627 3335 5662 τε
3383 5607 3444 5662 Β,
3546 5607 3761 5691 ⁹⁹.όχυ.

2394 5687 2409 5717 ¹
2480 5686 2654 5731 αὐτῆς
2723 5683 2762 5731 Β
2805 5684 2867 5731 (Σ.
2922 5682 3088 5731 αὐτου
3143 5682 3207 5731 Α.
3300 5681 3320 5710 ³
3359 5679 3646 5731 arumnam
3691 5677 3733 5729 Β

2086 5700 2164 5747 τις
2222 5684 2286 5737 Ρ.
2394 5687 2409 5717 ¹
2468 5682 2654 5753 ἀὐτῆς
2723 5683 2762 5735 Β
2805 5684 2867 5738 C.
2922 5682 3088 5735 αὑτοῦ
3143 5682 3207 5733 Α.
3300 5682 3320 5710 ³
3359 5682 3648 5799 διατιὲροῐη
3692 5682 3733 5729 Β

2086 5752 2109 5784 ⁸
2142 5755 2554 5824 παραμυθεῖται
2583 5757 2649 5817 Δ,
2671 5753 2848 5822 αὐτὴν
2874 5750 3186 5825 παραμ.
3309 5748 3451 5802 ὥστε
3539 5746 3677 5825 ..ἵνα

2191 5815 2465 5895 ⁸’πέμψει
2517 5827 2578 5879 (Σ.
2640 5815 2703 5858 “⁰
2761 5815 3077 5895 γινόμενοί.
3111 5821 3172 5895 Β,
3215 5816 3589 5895 γίνονται-καὶ
3642 5815 3757 5895 ἀπὸ

474 5894 585 5949 τῶν
654 5892 845 5962 ἀτμῶν
909 5890 1180 5962 ὑγρασίαν
1245 5889 1368 5956 ²ἥτις
1424 5886 1777 5944 εἴωθενάπδ
1826 5891 1938 5946 τῶν
1993 5893 2275 5963 ἑψομένων
2329 5886 2602 5963 γίνεσθαι.
2680 5886 2794 5949 Kal.
2847 5886 2989 5964 αὕτη
3054 5893 3094 5963 ἡ
3150 5886 3392 5961 ὑγρασία
3463 5886 3577 5942 ἀπὸ
3642 5887 3758 5941 τῶν
