4138 6466
352 487 491 544 ιιδδ

1583 482 1671 538 DE
1707 481 2004 540 NATUBA
2043 482 2353 541 HOMINIS.

3522 481 3661 540 H34

346 605 535 661 εἰώθει
565 601 678 677 γάρ
702 602 772 658 sit
801 602 1044 676 ἑψόμενα
1074 602 1189 659 άνω
1216 602 1464 674 πέμπειν
1489 600 1591 673 τὴν
1620 601 1731 656 τῶν
1760 601 1952 674 ἀτμῶν

2061 617 2296 673 vapores
2350 613 2713 673 procreantur
2769 600 2924 673 (nam
2970 615 3095 673 quae
3164 610 3428 657 concocta
3508 613 3679 670 sunt,

349 697 626 772 ὑγρασίαν
657 698 740 731 ’θ’
791 697 889 751 ἐπὶ
941 696 1037 751 τδν
1086 695 1395 768 ἐγκέφαλον
1436 689 1532 751 οῦν
1563 696 1604 729 ¹¹
1654 696 1834 752 ἄνεισι
1884 695 1957 750 τά

347 797 452 868 ήδη
482 792 867 866 ἐξατμηθέντα
889 794 933 827 ¹¹
973 794 1039 848 ἐκ
1068 795 1173 866 τῆς
1203 792 1456 866 ἑψήσεως
1488 792 1670 865 ὕγρά,
1698 793 1796 847 καὶ
1821 791 1958 846 καθ-

349 886 774 960 υγραίνουσιν¹³
808 884 978 943 αὐτὸν
1027 886 1268 953 ἱκανῶς,
1337 887 1436 941 καὶ
1484 885 1587 951 τάς
1626 884 1958 956 κοιλότητας

348 978 518 1035 αὐτοῦ
564 980 944 1052 ἐμφράττουσι
972 979 1017 1013 ⁸⁸
1054 981 1122 1052 τῇ
1156 980 1452 1053 περιουσίᾳ
1476 981 1520 1012 ¹⁸
1568 978 1676 1049 τῆς
1713 976 1956 1049 ὁμιχλῶε-

347 1070 478 1135 δους
510 1069 863 1142 παχύτητος’
919 1068 1016 1124 τοῦ
1060 1070 1194 1139 γοῦν
1225 1070 1647 1142 χορηγουμένου
1669 1069 1711 1101 ¹⁸
1747 1069 1843 1122 ἐπὶ
1884 1067 1957 1121 τά

349 1164 693 1236 αἰσθητήρια
714 1206 728 1230 ,
761 1164 857 1217 καὶ
883 1164 977 1218 ἐπὶ
1013 1163 1084 1218 τὰ
1120 1164 1378 1235 πανταχῆ
1406 1165 1447 1196 ¹⁷
1486 1164 1749 1235 διήκοντα
1783 1161 1956 1232 νεῦρα

346 1258 444 1313 τοῦ
498 1260 755 1331 σώματος
805 1258 1043 1324 ζωτικοῦ
1091 1259 1410 1330 πνεύματος
1446 1257 1870 1330 ἀμϐλυνομένου
1911 1255 1953 1287 ³⁸

349 1353 634 1424 ἐνεργεῖν,
687 1352 1056 1425 ἀνενέργήτος
1100 1354 1129 1406 ό
1177 1351 1470 1424 ἄνθρωπος
1522 1352 1737 1421 γίνεται
1770 1347 1955 1424 νεκρῷ

354 1444 741 1516 παραπλήσιος
770 1445 834 1498 ⁸⁵.
899 1444 1069 1499 Ὅθεν
1118 1444 1213 1499 καὶ
1270 1446 1303 1516 ή
1351 1444 1856 1515 καταλαμϐάνουσα
1895 1447 1955 1502 τὸ

354 1536 497 1603 ζῶον
528 1536 778 1601 διάθεσις
814 1538 1011 1605 ὕπνος
1043 1537 1302 1607 λέγεται,
1332 1537 1487 1610 παρὰ
1526 1537 1589 1591 τὺ
1614 1538 1717 1603 τὰς
1746 1539 1956 1610 φρένας

350 1627 710 1694 ὑπονοστεῖν,
746 1627 917 1699 ήγουν
961 1627 1274 1699 ὑποχωρεῖν
1298 1644 1313 1658 °
1349 1628 1409 1681 ἐν
1448 1625 1528 1698 τῷ
1565 1625 1721 1699 ὕπνῳ
1756 1628 1866 1700 γὰρ
1896 1630 1955 1683 αἱ

350 1720 451 1776 τοῦ
483 1721 778 1794 ἀνθρώπου
822 1720 1114 1792 αἰσθήσεις
1136 1721 1502 1775 ὑπονοστοῦσι
1543 1722 1590 1754 ⁸⁸
1623 1721 1747 1775 καθ’
1785 1721 1846 1775 ὃν
1877 1721 1959 1775 εῖ-

350 1831 517 1888 ρηται
548 1814 772 1885 τρόπον.
798 1815 891 1868 Ἑν
920 1812 999 1885 τῷ
1024 1813 1180 1886 ὕπνῳ
1211 1813 1306 1868 καὶ
1333 1814 1388 1867 αἱ
1417 1815 1652 1884 φυσικαὶ
1675 1815 1955 1886 ἐνέργειαι

350 1906 634 1976 γίνονται,
691 1907 788 1960 καὶ
840 1906 899 1960 αἱ
950 1906 1149 1976 πέψεις
1192 1907 1287 1961 καὶ
1335 1904 1806 1978 ἐξαιματώσεις¹¹
1857 1908 1955 1962 καὶ

2060 710 2226 766 supra
2260 694 2332 751 ad
2389 696 2679 751 cerebrum
2728 707 3000 765 vaporum
3070 693 3366 750 humorem
3413 693 3665 752 emittere

2060 789 2280 863 solent),
2317 789 2371 845 hi
2399 805 2658 861 namque,
2691 789 2785 861 qui
2813 804 2878 845 ex
2920 787 3145 845 humida
3173 786 3535 845 concoctione
3568 804 3665 843 va-

2060 898 2223 952 pores
2278 883 2658 948 exhalarunt,
2730 896 2898 954 supra
2953 880 3307 948 eﬁ'eruntur;
3363 895 3394 936 a
3454 879 3675 950 quibus-

2061 990 2187 1030 cum
2265 975 2555 1030 cerebrum
2625 973 2761 1030 satis
2841 972 2908 1028 ad
2976 971 3202 1027 modum
3266 970 3661 1033 humectatur,

2059 1082 2191 1121 cava
2266 1066 2387 1137 ejus
2456 1067 2525 1122 ab
2589 1065 2948 1122 exuberantia
3015 1063 3331 1134 caliginosae
3397 1062 3666 1118 crassitu-

2058 1159 2240 1225 dinis,
2294 1166 2350 1214 et
2408 1158 2479 1214 ab
2546 1173 2652 1223 eo,
2722 1158 2869 1229 quod
2920 1157 2990 1213 ad
3045 1155 3296 1213 scansoria
3351 1171 3416 1212 ac
3461 1170 3664 1212 nervos

2060 1255 2229 1308 totius
2254 1251 2503 1322 corporis
2531 1251 2904 1319 distribuitur,
2937 1249 3176 1321 oppilata
3212 1248 3541 1316 redduntur,
3576 1250 3663 1304 vi-

2058 1346 2220 1402 talem
2253 1345 2505 1417 spiritum
2532 1344 2771 1416 propriis
2797 1344 2851 1399 in
2904 1342 3215 1399 actionibus
3252 1342 3510 1397 obtusum
3547 1340 3663 1396 elli-

2055 1438 2165 1505 cit,
2222 1437 2370 1494 unde
2427 1438 2594 1493 homo
2645 1437 2715 1492 ab
2778 1436 2928 1491 omni
2969 1436 3188 1491 actione
3261 1434 3544 1497 immunis,
3606 1443 3663 1487 et

2059 1530 2256 1587 similis
2285 1541 2506 1587 mortuo
2560 1530 2813 1585 edicitur.
2874 1529 3220 1600 Quapropter
3255 1526 3473 1583 allectio
3535 1542 3659 1598 qua:

2059 1623 2339 1678 hominem
2373 1634 2627 1693 occupat,
2665 1622 2831 1687 ὕπνος
2859 1623 3071 1685 ῧναιςυ,
3119 1635 3351 1675 somnus
3407 1617 3664 1673 videlicet

2058 1723 2433 1786 nuncupatur,
2502 1731 2533 1771 a
2587 1714 2779 1771 Graeco
2835 1714 3169 1769 ὑπονωστεῖν
3229 1710 3457 1783 φρέναςς
3512 1711 3659 1781 quod

2057 1808 2227 1862 animi
2257 1822 2539 1864 secessum
2571 1807 2786 1864 diceres
2812 1825 2828 1873 ;
2885 1805 3183 1877 siquidem,
3220 1802 3442 1859 homine
3464 1818 3675 1859 somno,

2057 1910 2347 1973 occupato,
2364 1901 2484 1972 ejus
2508 1916 2726 1969 sensus,
2749 1916 2858 1972 quo
2874 1907 3033 1972 pacto
3054 1897 3416 1963 asseruimus,
3438 1896 3659 1953 cedunt.

350 2000 638 2067 ἀναδόσεις
659 2000 704 2031 ’³
734 2000 835 2071 τῆς
867 2001 1077 2072 τροφῆς
1106 1999 1244 2073 πρὸς
1268 2001 1452 2054 πάντα
1479 2000 1549 2055 τὰ
1581 2001 1750 2074 μόρια
1783 2002 1952 2073 ἀνεμ-

2061 1989 2198 2046 Nam
2237 1991 2416 2062 sopito
2448 1992 2611 2048 etiam
2661 1991 2903 2056 homine,
2937 2000 3148 2046 natura:
3180 1988 3354 2059 ipsius
3417 1987 3664 2043 actiones

351 2094 621 2159 ποδίστως
651 2093 1073 2160 ἐπιτελοῦνται,
1097 2095 1161 2148 ἐκ
1184 2095 1284 2165 τῆς
1316 2094 1459 2149 κατά
1488 2093 1652 2163 φύσιν
1680 2095 1954 2165 κινήσεως

350 2187 768 2259 ὰπρακτοῦντος
820 2185 916 2241 τοῦ
972 2185 1139 2252 ζώου.
1226 2187 1461 2258 Ἡσυχία
1516 2186 1627 2260 γάρ
1681 2188 1800 2241 ἐστι
1860 2187 1955 2242 καὶ

350 2280 536 2336 παῦλα
559 2282 603 2314 ³³
629 2279 742 2335 τῶν
776 2280 1029 2350 φυσικῶν
1057 2280 1357 2352 ἐνεργειῶν
1385 2281 1413 2334 ὁ
1448 2279 1639 2344 ὕπνος.

420 2551 484 2607 El
534 2552 593 2606 δέ
642 2567 775 2605 ποτε
827 2554 1223 2624 στενοχωροῖτο
1286 2552 1386 2623 μὲν
1417 2551 1525 2606 ὑπὸ
1578 2551 1679 2625 τῆς
1738 2552 1955 2608 ἔνδοθεν

347 2646 773 2716 ἀναθυμιάσεως
801 2647 834 2716 ή
866 2646 998 2715 περὶ
1036 2647 1104 2699 τά
1136 2646 1481 2716 αἰσθητήρια
1504 2644 1774 2718 διασκευὴ
1799 2686 1816 2712 ,
1849 2663 1952 2700 κω-

348 2736 534 2792 λύοιτο
558 2738 616 2791 δὲ
641 2737 786 2794 κατά
812 2754 942 2792 τινα
977 2736 1171 2809 χρείαν
1191 2739 1239 2769 ’⁸
1266 2737 1294 2790 ὁ
1333 2735 1524 2805 ὕπνος,
1556 2737 1765 2809 πλῆρες
1797 2738 1954 2808 γενό-

351 2846 516 2900 μενον
577 2829 689 2883 τῶν
737 2830 931 2902 ἀτμῶν
981 2830 1045 2883 τὸ
1100 2828 1377 2902 νευρῶδες
1431 2829 1565 2883 αὐτὸ
1616 2830 1707 2900 ὑφ’
1754 2830 1951 2885 ἑαυτοῦ

349 2922 600 2990 φυσικῶς
625 2923 980 2978 διατεῖνεται.
1013 2921 1294 2977 Εἰώθεσαν
1322 2925 1367 2957 ’⁸
1393 2922 1504 2995 γάρ
1524 2924 1576 2976 οἱ
1606 2922 1744 2995 μῦες
1767 2924 1861 2978 καὶ
1883 2925 1954 2978 τὰ

347 3014 520 3086 νεῦρα
564 3013 979 3087 θερμαινόμενα
1033 3014 1381 3071 διίστασθαιο
1434 3017 1573 3088 ὅπερ
1607 3017 1653 3048 ’⁸
1707 3015 1797 3070 διὰ
1851 3018 1952 3088 τῆς

349 3108 626 3173 ἐντάσεως
653 3108 685 3178 ἢ
714 3109 1054 3172 διαστάσεως
1084 3108 1148 3162 τὸ
1184 3108 1460 3181 παχυνθὲν
1492 3108 1599 3163 ὑπὸ
1623 3108 1730 3164 τῶν
1757 3112 1952 3182 ἀτμῶν

352 3201 520 3272 μέρος
549 3202 893 3274 ἐκλεπτυνθῇ
919 3220 933 3235 ·
961 3200 1075 3257 οἷόν
1105 3220 1159 3256 τι
1195 3201 1445 3258 ποιοῦσιν
1482 3204 1532 3256 οῖ
1563 3202 1654 3258 διὰ
1684 3204 1787 3275 τῆς
1819 3221 1953 3273 σφο-

345 3293 612 3366 δροτέρας
651 3294 1041 3367 στρεϐλώσεως
1075 3296 1136 3349 τὸ
1168 3296 1315 3368 ὕδωρ
1357 3297 1468 3349 τῶν
1500 3296 1735 3367 ἱματίων
1766 3295 1950 3351 ἐκθλί-

347 3386 558 3451 ϐοντες.
595 3387 707 3440 Καὶ
737 3388 931 3457 ἐπειδὴ
964 3387 1272 3459 κυκλοτερῆ
1302 3389 1372 3442 τά
1408 3388 1540 3458 περὶ
1567 3389 1659 3443 τὸν
1692 3390 1953 3459 φάρυγγα

351 3479 496 3551 μέρη
518 3495 533 3511 ο
590 3479 880 3544 πλεονάζει
911 3481 969 3534 δέ
1026 3481 1087 3533 τὸ
1110 3480 1381 3550 νευρῶδες
1414 3483 1473 3534 ἐν
1503 3481 1738 3545 τούτοις.
1783 3482 1952 3536 Ὅταν

350 3571 443 3625 καὶ
485 3569 594 3623 ἀπὸ
617 3570 828 3623 τούτων
874 3571 1182 3641 ἐξωσθῆναι
1213 3570 1297 3624 δεῖ
1337 3572 1436 3643 τὴν
1469 3573 1663 3642 ἀτμῶν
1694 3573 1952 3643 παχυμέ-

351 3675 507 3728 ρειαν
531 3675 546 3688 ·
579 3660 943 3715 διατείνονται
968 3662 1012 3692 ⁸⁷
1042 3662 1092 3714 οἱ
1127 3659 1263 3730 μύες
1309 3660 1406 3713 τοῦ
1444 3662 1717 3731 στόματος
1741 3663 1786 3695 ³⁸
1807 3702 1823 3727 ,
1857 3663 1953 3717 καὶ

347 3751 652 3806 διίστανται
677 3769 689 3781 ·
725 3753 821 3807 καὶ
848 3753 959 3807 τῶν
988 3753 1139 3818 ἐντὸς
1164 3754 1388 3808 πάντων
1420 3755 1502 3819 εἰς
1525 3754 1732 3810 κύκλου
1764 3759 1953 3828 σχῆμα

346 3841 732 3910 διαταθέντων,
761 3845 794 3915 ἡ
826 3844 1130 3916 λιγνυώδης
1156 3844 1341 3917 ἐκείνη
1371 3844 1628 3917 παχύτης
1662 3849 1696 3917 ή
1728 3848 1950 3901 ἐναπει-

349 3933 609 4007 λημμένη
635 3935 682 3968 ³⁸
730 3938 846 4001 τοῖς
900 3936 1098 4009 μέρεσι
1137 3937 1353 4003 τούτοις
1411 3939 1825 3995 συνδιαπνείται
1882 3942 1949 4014 τῇ

348 4024 571 4097 διεξόδῳ
620 4026 717 4080 τοῦ
771 4026 1108 4098 πνεύματος.
1145 4027 1423 4093 Πολλάκις
1465 4028 1523 4082 δὲ
1558 4030 1654 4084 καὶ
1686 4029 1828 4101 μετά
1860 4030 1951 4084 τὸν

349 4117 521 4174 ὕπνον
580 4115 690 4173 οἶδε
740 4120 804 4174 τὸ
853 4121 1102 4175 τοιοῦτον
1160 4121 1526 4194 συμϐαίνειν·
1574 4122 1705 4177 ὅταν
1740 4143 1791 4179 τι
1839 4122 1951 4178 τῶν

347 4210 541 4281 ἀτμῶν
571 4210 798 4266 ἐκείνων
827 4212 1209 4284 περιλειφθείη
1255 4214 1369 4278 τοῖς
1402 4214 1612 4279 τόποις,
1644 4215 1950 4270 ἄπνευστον

350 4304 450 4359 καὶ
484 4304 821 4360 ἀδιάπεπτον
847 4307 915 4361 ³⁰.
950 4306 1025 4360 Οὐ
1065 4306 1226 4377 μόνον
1262 4306 1319 4360 δὲ
1357 4308 1415 4360 αἱ
1450 4306 1647 4376 πέψεις
1680 4309 1779 4361 καὶ
1801 4308 1951 4374 ἐξαι-

352 4394 633 4467 ματώσεις
664 4399 760 4452 καὶ
795 4398 1079 4461 ἀναδόσεις
1108 4397 1254 4451 κατὰ
1291 4397 1384 4451 τὸν
1421 4399 1615 4469 καιρὸν
1644 4398 1741 4453 τοῦ
1778 4398 1948 4454 ὕπνου

350 4487 634 4543 τελοῦνται
657 4531 674 4558 ,
707 4490 845 4545 ἀλλὰ
873 4492 970 4545 καὶ
997 4491 1041 4522 ³⁸
1073 4490 1143 4545 τὰ
1191 4490 1360 4546 λοιπά
1410 4492 1838 4564 περιττώματα,
1883 4495 1954 4550 τὰ

353 4582 456 4653 μὲν
487 4583 668 4655 παχέα
696 4582 1044 4651 λεπτύνεται,
1085 4584 1155 4639 τὰ
1187 4584 1245 4639 δὲ
1278 4584 1460 4639 λεπτὰ
1485 4587 1583 4641 καὶ
1608 4586 1812 4659 δριμέα
1846 4608 1953 4644 πα-

2059 2092 2114 2139 et
2140 2085 2561 2151 concoctiones,
2591 2083 2991 2154 sanguinisque
3020 2079 3334 2153 procreatio
3355 2076 3526 2145 fiunt;
3561 2093 3664 2133 uec

2058 2193 2169 2233 non
2206 2178 2531 2234 alimentum
2580 2176 2647 2232 ad
2692 2175 2939 2246 singulas
2991 2173 3241 2243 corporis
3291 2179 3495 2242 partes,
3541 2169 3671 2242 ipso.

2058 2270 2312 2328 animalis
2354 2287 2465 2342 quo
2502 2278 2701 2325 natura
2754 2269 3014 2340 praeditus
3064 2275 3150 2322 est
3192 2274 3375 2320 motus
3413 2272 3658 2335 experte,

2058 2363 2219 2420 facile
2264 2362 2637 2435 progreditur.
2692 2359 2975 2430 Siquidem
3040 2370 3270 2414 somnus
3326 2354 3657 2412 naturalium

2058 2460 2338 2516 actionum
2395 2455 2742 2511 taciturnitas
2792 2470 2859 2509 ac
2914 2451 3072 2523 quies
3115 2451 3368 2507 habetur.

2128 2552 2185 2606 Si
2251 2566 2379 2607 vero
2446 2548 2765 2606 distributio
2811 2560 2932 2618 quae
2996 2545 3065 2601 ad
3122 2543 3413 2609 sensoria,
3465 2543 3535 2597 ab
3593 2558 3656 2597 ea

2056 2662 2178 2719 quae
2202 2644 2535 2701 intrinsecus
2558 2641 2647 2707 lit,
2677 2638 3031 2695 exhalatione
3060 2636 3333 2708 procedit,
3386 2631 3658 2702 angustiis

2059 2737 2320 2810 praecludi
2372 2735 2696 2808 contigerit,
2735 2733 2818 2788 vel
2874 2745 3103 2787 somnus
3142 2728 3433 2785 occasione
3473 2725 3667 2795 aliqua.

2061 2830 2503 2901 interciperetur,
2531 2842 2656 2884 cum
2689 2826 2867 2892 locus,
2898 2823 2994 2896 qui
3027 2822 3213 2879 nervis
3266 2819 3527 2878 consitus
3550 2826 3675 2885 est,.

2058 2920 2508 2978 exhalationibus
2541 2919 2808 2990 repletur,
2835 2917 2940 2989 ipsi
2970 2924 3168 2988 sponte
3194 2930 3296 2972 sua
3329 2922 3540 2969 natura:
3569 2928 3660 2969 or-

2063 3015 2186 3070 dine
2220 3013 2630 3070 distenduntur.
2667 3008 2805 3065 Nam
2856 3018 2975 3065 tum
2998 3008 3258 3073 musculi,
3327 3015 3442 3062 tum
3479 3005 3657 3070 nervi,

2061 3107 2298 3163 calorem
2331 3104 2650 3169 sentientes,
2677 3101 2911 3160 distendi
2935 3108 3361 3167 consueverunt,
3380 3115 3512 3171 quo,
3546 3114 3659 3170 prae

2060 3201 2146 3257 sui
2182 3199 2502 3257 extensione
2550 3212 2616 3253 ac
2655 3195 2997 3258 dilatatione,
3053 3208 3184 3265 pars
3225 3208 3350 3264 quae
3389 3207 3654 3263 vaporum

2060 3309 2225 3350 causa
2267 3298 2658 3356 crassescerat,
2687 3290 2908 3346 subtilis
2945 3287 3263 3345 redderetur
3296 3304 3310 3341 :
3357 3287 3464 3343 tale
3493 3286 3655 3359 quid-

2059 3388 2204 3456 piam
2233 3385 2345 3456 39
2366 3385 2419 3439 in
2457 3384 2564 3440 illis
2619 3383 2713 3454 qui
2760 3398 2971 3452 pannos
3004 3380 3254 3437 madidos
3277 3380 3656 3436 vehementius

2060 3490 2315 3548 torquere
2346 3476 2553 3544 solent,
2582 3490 2738 3546 aquae
2763 3471 3135 3544 exprimendae
3181 3473 3351 3543 gratia
3373 3511 3390 3538 ,
3429 3486 3675 3527 cernere

2056 3576 2162 3626 est.
2195 3567 2262 3623 Et
2300 3567 2563 3640 quoniam
2611 3576 2796 3638 partes
2819 3582 2942 3636 qum
2977 3565 3047 3621 ad
3088 3573 3278 3636 guttur
3320 3564 3653 3632 consistunt,

2057 3658 2348 3716 circularis
2388 3656 2580 3714 formae
2611 3666 2761 3722 sunt,
2807 3656 2956 3727 ipsas
3006 3655 3412 3726 multiplicibus
3465 3657 3653 3712 nervis

2057 3752 2269 3809 obsitas
2320 3765 2467 3808 esse.
2501 3747 2858 3805 manifestum
2916 3749 3172 3805 habetur.
3222 3748 3473 3820 Cumque
3517 3749 3657 3822 ipsis

2057 3852 2466 3901 crassescentes
2523 3857 2757 3914 vapores
2795 3843 3068 3913 expellere
3118 3843 3497 3899 necessarium
3556 3844 3652 3910 sit,

2058 3938 2318 3998 musculi,
2351 3936 2445 4008 qui
2490 3935 2544 3991 in
2581 3950 2678 3991 ore
2722 3942 2872 4000 sunt,
2932 3934 3321 3990 distenduntur
3358 3937 3654 4007 sejungun-

2059 4043 2298 4102 turquc;
2331 4039 2387 4086 et
2425 4045 2551 4086 cum
2591 4028 2780 4085 omnia
2814 4043 2938 4100 qua:
2984 4027 3136 4085 intus
3174 4029 3449 4085 exsistunt
3480 4029 3657 4085 circuo

2058 4133 2188 4189 laris
2238 4132 2425 4206 ﬁgurae
2454 4131 2585 4194 sint,
2645 4145 2970 4202 vaporosam
3022 4130 3195 4194 illam,
3242 4146 3364 4200 quae
3406 4129 3657 4201 partibus

2059 4227 2192 4297 ipsis
2241 4223 2569 4295 complicata
2617 4230 2757 4289 erat,
2787 4221 3245 4286 crassitudinem,
3300 4221 3468 4277 simul
3527 4236 3654 4275 cum

2058 4318 2201 4389 ipso,
2262 4318 2317 4371 in
2369 4315 2698 4372 oscitatione
2750 4313 3066 4385 egrediente
3111 4314 3330 4385 spiritu.
3373 4313 3655 4370 exhalant.

2057 4409 2190 4466 Tale
2230 4408 2506 4479 quoddam
2554 4424 2581 4461 a
2624 4422 2821 4464 somno
2858 4407 3024 4461 etiam
3081 4405 3480 4478 expergefactis
3534 4404 3657 4477 ple-

2057 4516 2294 4572 rumque
2322 4499 2544 4557 evenire
2572 4499 2731 4564 solet,
2764 4515 2889 4555 cum
2935 4513 3127 4555 eorum
3159 4498 3342 4569 aliqua
3388 4513 3677 4569 vaporum

2057 4593 2264 4665 portio,
2301 4607 2409 4647 non
2452 4592 2703 4659 decocta,
2754 4607 2855 4648 nec
2895 4591 3121 4658 emissa,
3153 4590 3292 4647 locis
3328 4591 3383 4646 in
3429 4591 3536 4647 illis
3564 4607 3657 4647 re-

347 4673 572 4745 χύνεται
604 4679 938 4751 συμμέτρως
960 4694 976 4711 ⁸
1009 4678 1101 4733 καὶ
1144 4679 1516 4751 εύκρατοῦται
1539 4681 1584 4712 ³²
1629 4681 1729 4735 καὶ
1774 4701 1947 4754 μετα-

2060 4688 2211 4759 liqua
2262 4685 2451 4742 fuerit.
2513 4684 2705 4742 Somni
2761 4693 2942 4741 autem
2997 4693 3263 4755 tempore,
3322 4698 3436 4740 non
3491 4685 3681 4740 modo.

347 4768 609 4824 ϐάλλεται
632 4785 650 4804 ο
689 4771 785 4825 καὶ
829 4772 901 4828 τά
933 4773 1169 4844 περιττὰ
1211 4773 1350 4845 πρὸς
1393 4775 1649 4848 ἔκκρισιν
1684 4779 1947 4833 κατεπεί-

348 4877 529 4928 γεται.
565 4862 679 4917 Καὶ
714 4863 928 4935 μάρτυς
963 4866 996 4938 ή
1033 4868 1203 4937 πεῖρα
1226 4867 1320 4920 τοῦ
1353 4867 1592 4949 χρόνον(
1629 4870 1793 4937 εὐθὺς
1836 4873 1946 4944 γὰρ

346 4955 729 5029 ἀνισταμένων
762 4958 924 5030 ἡμῶν
956 4958 1018 5025 ἐξ
1050 4957 1247 5026 ὕπνου,
1281 4962 1419 5034 πρὸς
1453 4962 1687 5035 οὕρησιν
1722 4967 1819 5021 καὶ
1849 4967 1947 5040 τὴν

347 5048 459 5103 τῶν
486 5048 733 5120 στερρῶν
757 5049 1114 5122 ἀποπάτησιν
1146 5052 1444 5125 τρέχομεν.

2060 4779 2471 4843 concoctiones,
2508 4777 2907 4849 sanguinisque
2935 4775 3269 4848 procreatio,
3299 4775 3658 4846 dispensatio-

2059 4891 2286 4946 nesque,
2332 4876 2425 4932 sed
2459 4871 2672 4943 reliqua
2703 4871 2868 4926 etiam
2901 4877 3275 4936 excrementa,
3310 4867 3663 4924 constituun-

2060 4979 2170 5023 tur.
2207 4966 2475 5035 Quornm,
2539 4981 2664 5037 qua:
2717 4978 2907 5021 crassa
2961 4971 3111 5028 sunt,
3155 4971 3472 5025 tenuantur,
3538 4976 3662 5030 qua:

2057 5074 2187 5115 vero
2236 5057 2398 5115 exilia
2441 5058 2747 5128 acerbaquc
2777 5097 2791 5119 ,
2848 5055 3130 5112 moderate
3183 5062 3532 5109 crassescunt
3593 5069 3660 5105 ac

344 5140 401 5197 in
459 5145 783 5217 sanguinem
833 5155 1270 5215 commutantur,
1320 5161 1375 5206 et
1422 5158 1724 5222 temperata
1769 5153 1929 5216 ﬁunt,
1988 5163 2045 5210 et
2099 5161 2583 5219 transmutantur;
2621 5165 2723 5207 nec
2800 5165 2910 5206 non
2955 5165 3078 5221 quae
3139 5160 3477 5218 supervacua
3529 5158 3661 5202 sunt

343 5240 411 5295 ad
459 5241 830 5298 excretioncm
862 5240 1201 5314 diriguntur.
1277 5242 1413 5299 Nam
1448 5246 1810 5316 experientia,
1886 5247 2151 5318 temporis
2206 5247 2450 5318 optimus
2495 5245 2651 5301 testis
2674 5243 2928 5299 habetur.
2965 5241 3104 5298 Cum
3157 5242 3398 5312 primum
3460 5258 3658 5297 εοηιηυ

343 5334 675 5403 excitamur,
714 5343 828 5392 tum
868 5336 934 5392 ad
978 5338 1209 5407 humidi,
1243 5347 1357 5396 tum
1392 5342 1525 5399 sicci
1573 5343 1818 5401 alimenti
1845 5355 2328 5404 excrementorum
2359 5352 2723 5416 purgamenta
2756 5341 3008 5398 feriatur.

345 5471 534 5553 ἀτμῶν
559 5473 653 5526 καὶ
679 5471 793 5553 ἀπὸ
818 5472 930 5527 τῶν
940 5471 1393 5553 ’ἐξατμισθέντων
1417 5480 1480 5553 ἐκ
1509 5479 1608 5548 τῆς
1632 5479 1915 5553 ἑψήσεως·
1936 5482 2144 5553 ἐπὶ-τὸν
2165 5479 2475 5552 ἐγκέφαλον
2494 5482 2695 5553 ᾄνεισι,
2715 5478 2812 5553 καὶ
2833 5476 3027 5553 τοῦτον
3059 5474 3651 5553 ἱκανῶςμκαθυχραίνει

344 5541 444 5598 καὶ
468 5541 570 5606 τάς
589 5541 916 5616 κοιλότητας
938 5541 1250 5615 ἐμφράττει
1281 5550 1345 5604 P.
1424 5551 1468 5583 ¹⁶
1487 5553 1513 5604 ἐ
1554 5541 1758 5621 fuel-av
1787 5541 1882 5607 Α(
1932 5553 1976 5585 ¹¹
1994 5550 2090 5608 οὖν
2118 5541 2233 5608 οιιί.
2264 5541 2329 5609 Β.
2407 5553 2452 5584 ³³
2472 5541 2877 5622 ἐξατμισθέντα
2906 5550 2949 5602 Β
2977 5547 3038 5603 C.
3117 5547 3162 5580 "
3192 5541 3657 5617 καθυγραίνοντες

344 5614 405 5670 Β.
437 5611 803 5674 καθυγραίνει
826 5615 888 5670 C-
970 5614 1017 5646 ί*
1042 5617 1461 5674 ἐμφράττοντες
1637 5623 1681 5658 ¹⁸
1711 5626 1776 5674 τῇ
1807 5624 1970 5674 οὐσία
1996 5626 2064 5674 Α.
2144 5623 2191 5656 ¹⁶
2217 5624 2282 5674 τὸ
2306 5622 2719 5674 νοοτιγούιιενον
2745 5620 2807 5674 Β.
2834 5620 2930 5674 καὶ
2956 5618 3051 5673 τοῦ
3080 5619 3495 5674 γοοηγουμένον
3518 5616 3561 5673 C
3590 5619 3653 5674 P.

344 5614 405 5689 Β.
437 5611 810 5689 καθυγραίνεί
826 5615 918 5689 §._
970 5611 1461 5689 “ﬁtttppdtrtovrsg

342 5829 392 5861 ¹³
428 5827 722 5899 ἀνάπαυλα
752 5829 814 5883 Β.
925 5827 971 5859 ²⁶
1001 5845 1035 5899 χ

344 5900 390 5933 ³⁷
430 5899 579 5955 διατ.
608 5896 705 5955 οὖν
737 5901 801 5955 Β.

687 5616 803 5698 ἕνὲι
822 5616 925 5698 9:.
970 5616 1461 5698 ’δέμδοράτῖοντες
1495 5616 1577 5698 β(
1637 5623 1681 5698 ¹,⁸
1711 5626 1777 5698 τῇ
1807 5624 1970 5698 οὐρίᾳ
1995 5626 2064 5678 Αο
2097 5623 2282 5698 -¹⁸-τδ
2306 5616 2719 5698 χορηγοὲδμέντέγ
2745 5620 2807 5674 Β·
2834 5620 2930 5698 ᾋὶκῖ
2956 5618 3051 5698 “=95
3080 5616 3495 5698 κορηζοὶμένου
3518 5616 3561 5673 C
3590 5619 3653 5675 Ρ-

345 5687 388 5718 ¹⁷
423 5685 716 5768 πανταχοῦ
744 5685 791 5768 Β
886 5685 948 5739 Ρ.
1030 5685 1073 5718 ⁸⁸
1101 5685 1610 5768 ,ζωτικὸνΑπνεῦμα
1639 5685 2058 5768 ἀμϐλυνόμένον
2096 5696 2161 5749 Β.
2192 5685 2635 5768 ἀναϐλρνομένου
2656 5692 2733 5768 .

342 5756 478 5838 ista.
507 5755 628 5838 9m.
744 5757 793 5838 ξς
823 5756 1190 5838 ὑπονοστοῦσι
1219 5764 1489 5838 τουτέστι
1510 5755 1874 5838 ὕποχώροῦσι
1894 5755 1946 5821 Ῥ
1980 5768 2143 5838 ὑποχ.
2192 5768 2243 5821 Α
2278 5765 2321 5820 Β
2349 5765 2412 5821 C.

1042 5828 1289 5910 going}.
1367 5837 1413 5870 ”
1444 5828 1746 5910 εέώθεςσαν
1768 5839 1814 5891 Α
1850 5837 1892 5893 C
1923 5838 1952 5893 Ρ

2060 5828 2123 5872 ’δ’
2141 5839 2291 5903 ὅπως
2318 5838 2360 5890 Β
2383 5851 2556 5910 usque
2584 5828 2966 5910 atijzaxdvgév
2998 5848 3110 5910 om.
3142 5828 3208 5889 C.
3236 5831 3447 5910 it._P_ip
3469 5840 3654 5910 textu,

915 5899 1091 5979 ²ξποίξ»
1119 5899 1280 5975 στόμ.
1300 5920 1425 5979 ῨΟΙὩ.
1448 5908 1521 5979 Β,
1552 5906 1649 5961 τοῦ
1681 5907 1935 5979 σώματος
1955 5910 2016 5965 C.

2851 5693 2893 5724 ’θ
2925 5692 3020 5744 καὶ
3057 5708 3104 5744 ν.
3132 5707 3194 5742 π.
3227 5690 3269 5745 G
3304 5691 3407 5744 Ρκ.
3435 5709 3483 5746 ν.
3517 5706 3659 5746 παρ-

2527 5765 2571 5797 ²¹
2616 5765 2671 5818 αἱ
2698 5763 2887 5833 ἐξαιμ.
2928 5762 2971 5815 Β
2998 5762 3060 5815 Ρ.
3138 5761 3184 5833 ’ξ
3223 5763 3281 5833 αἱ
3311 5759 3466 5833 ἀναδ.
3515 5760 3558 5813 Β
3592 5759 3656 5816 Ρ.

2133 5901 2633 5989 ’ξ-ἐνήαπειλήμένη-
2656 5907 2730 5989 Β..
2770 5901 2843 5937 ’³ο
2866 5902 3119 5989 ἀπεπτόν
3148 5922 3209 5961 τε
3238 5903 3332 5958 καὶ
3365 5901 3656 5958 ἀδιάπνευ-

348 5986 474 6025 στον
498 5972 542 6025 Β
571 5971 614 6029 C
636 5974 700 6028 P.
777 5974 819 6005 ³⁸
863 5970 1004 6028 ἀλλὰ
1027 5971 1139 6047 γὰρ
1165 5970 1258 6030 καὶ
1298 5978 1360 6032 Β.
1439 5978 1484 6011 ³⁸
1509 5970 1580 6034 ὀὐ
1606 5970 1895 6052 κρατεῖται
1915 5970 1988 6049 Ἀ,
2024 5980 2120 6037 καὶ
2150 5970 2526 6051 ἐξαματοῦται
2550 5970 2645 6033 καὶ
2679 5978 2836 6050 εὖκρ.
2874 5978 2937 6033 Ρ.
