  <div class='ocr_page' id='page_1' title='image "/cluster/home/n/w/nwhite01/storage/ocr_20150623/64:no.13/coo.31924054869643/609.png"; bbox 0 0 4138 6508; ppageno 0'>
   <div class='ocr_carea' id='block_1_1' title="bbox 555 483 693 540">
    <p class='ocr_par' dir='ltr' id='par_1_1' title="bbox 555 483 693 540">
     <span class='ocr_line' id='line_1_1' title="bbox 555 483 693 540; baseline 0 -2"><span class='ocrx_word' id='word_1_1' title='bbox 555 483 575 538; x_wconf 76' lang='grc' dir='ltr'><strong>ί</strong></span> <span class='ocrx_word' id='word_1_2' title='bbox 595 483 693 540; x_wconf 75' lang='lat' dir='ltr'><strong>l35</strong></span> 
     </span>
    </p>
   </div>
   <div class='ocr_carea' id='block_1_2' title="bbox 1863 481 2496 540">
    <p class='ocr_par' dir='ltr' id='par_1_2' title="bbox 1863 481 2496 540">
     <span class='ocr_line' id='line_1_2' title="bbox 1863 481 2496 540; baseline 0.002 -5"><span class='ocrx_word' id='word_1_3' title='bbox 1863 481 2145 537; x_wconf 77' lang='lat' dir='ltr'><strong>MELETII</strong></span> <span class='ocrx_word' id='word_1_4' title='bbox 2186 483 2496 540; x_wconf 72' lang='lat' dir='ltr'><strong>MONACNI</strong></span> 
     </span>
    </p>
   </div>
   <div class='ocr_carea' id='block_1_3' title="bbox 3681 485 3819 543">
    <p class='ocr_par' dir='ltr' id='par_1_3' title="bbox 3681 485 3819 543">
     <span class='ocr_line' id='line_1_3' title="bbox 3681 485 3819 543; baseline 0 0"><span class='ocrx_word' id='word_1_5' title='bbox 3681 485 3819 543; x_wconf 74' lang='lat'><strong>“&#39;56</strong></span> 
     </span>
    </p>
   </div>
   <div class='ocr_carea' id='block_1_4' title="bbox 624 598 2119 673">
    <p class='ocr_par' dir='ltr' id='par_1_4' title="bbox 624 599 2119 672">
     <span class='ocr_line' id='line_1_4' title="bbox 624 599 2119 672; baseline 0.002 -19"><span class='ocrx_word' id='word_1_6' title='bbox 624 599 669 653; x_wconf 72' lang='grc' dir='ltr'><strong>Α</strong></span> <span class='ocrx_word' id='word_1_7' title='bbox 690 613 886 656; x_wconf 84' lang='lat' dir='ltr'><strong>somno</strong></span> <span class='ocrx_word' id='word_1_8' title='bbox 903 600 1090 668; x_wconf 90' lang='lat' dir='ltr'><strong>etiam,</strong></span> <span class='ocrx_word' id='word_1_9' title='bbox 1107 601 1425 658; x_wconf 85' lang='lat' dir='ltr'><strong>morborum</strong></span> <span class='ocrx_word' id='word_1_10' title='bbox 1447 600 1938 672; x_wconf 65' lang='lat' dir='ltr'><strong>mgritudinumque</strong></span> <span class='ocrx_word' id='word_1_11' title='bbox 1955 601 2039 656; x_wconf 84' lang='lat' dir='ltr'><strong>vis</strong></span> <span class='ocrx_word' id='word_1_12' title='bbox 2058 610 2119 656; x_wconf 76' lang='lat' dir='ltr'><strong>at</strong></span> 
     </span>
    </p>
   </div>
   <div class='ocr_carea' id='block_1_5' title="bbox 2221 598 3819 673">
    <p class='ocr_par' dir='ltr' id='par_1_5' title="bbox 2314 598 3819 673">
     <span class='ocr_line' id='line_1_5' title="bbox 2314 598 3819 673; baseline 0.001 -17"><span class='ocrx_word' id='word_1_13' title='bbox 2314 598 2438 656; x_wconf 75' lang='grc' dir='ltr'>Οἵδε</span> <span class='ocrx_word' id='word_1_14' title='bbox 2475 600 2534 655; x_wconf 69' lang='grc' dir='ltr'>δὲ</span> <span class='ocrx_word' id='word_1_15' title='bbox 2563 600 2607 633; x_wconf 88' lang='grc'>³³</span> <span class='ocrx_word' id='word_1_16' title='bbox 2651 601 2680 653; x_wconf 83' lang='grc' dir='ltr'><strong>ὁ</strong></span> <span class='ocrx_word' id='word_1_17' title='bbox 2717 598 2883 664; x_wconf 75' lang='grc' dir='ltr'>ὕπνος</span> <span class='ocrx_word' id='word_1_18' title='bbox 2925 600 3020 654; x_wconf 73' lang='grc' dir='ltr'>καὶ</span> <span class='ocrx_word' id='word_1_19' title='bbox 3068 600 3394 671; x_wconf 73' lang='grc' dir='ltr'><strong>νοσημάτων</strong></span> <span class='ocrx_word' id='word_1_20' title='bbox 3448 601 3819 673; x_wconf 70' lang='grc' dir='ltr'><strong>σφοδρότητας</strong></span> 
     </span>
    </p>
   </div>
   <div class='ocr_carea' id='block_1_6' title="bbox 551 690 2132 761">
    <p class='ocr_par' dir='ltr' id='par_1_6' title="bbox 551 690 2132 761">
     <span class='ocr_line' id='line_1_6' title="bbox 551 690 2132 761; baseline 0.002 -16"><span class='ocrx_word' id='word_1_21' title='bbox 551 708 661 761; x_wconf 85' lang='lat' dir='ltr'><strong>que</strong></span> <span class='ocrx_word' id='word_1_22' title='bbox 689 692 1028 748; x_wconf 75' lang='lat' dir='ltr'><strong>vehementia</strong></span> <span class='ocrx_word' id='word_1_23' title='bbox 1047 692 1272 748; x_wconf 77' lang='lat' dir='ltr'><strong>obtundi</strong></span> <span class='ocrx_word' id='word_1_24' title='bbox 1298 692 1453 748; x_wconf 88' lang='lat' dir='ltr'><strong>solet.</strong></span> <span class='ocrx_word' id='word_1_25' title='bbox 1480 690 1704 759; x_wconf 81' lang='lat' dir='ltr'><strong>Quin,et</strong></span> <span class='ocrx_word' id='word_1_26' title='bbox 1736 694 1904 747; x_wconf 91' lang='lat' dir='ltr'><strong>animi</strong></span> <span class='ocrx_word' id='word_1_27' title='bbox 1928 692 2132 749; x_wconf 88' lang='lat' dir='ltr'><strong>sollici-</strong></span> 
     </span>
    </p>
   </div>
   <div class='ocr_carea' id='block_1_7' title="bbox 553 782 2135 855">
    <p class='ocr_par' dir='ltr' id='par_1_7' title="bbox 553 782 2135 855">
     <span class='ocr_line' id='line_1_7' title="bbox 553 782 2135 855; baseline 0.002 -17"><span class='ocrx_word' id='word_1_28' title='bbox 553 785 791 847; x_wconf 90' lang='lat' dir='ltr'><strong>tudines,</strong></span> <span class='ocrx_word' id='word_1_29' title='bbox 823 784 1168 854; x_wconf 83' lang='lat' dir='ltr'><strong>doloresque,</strong></span> <span class='ocrx_word' id='word_1_30' title='bbox 1187 782 1372 849; x_wconf 81' lang='lat' dir='ltr'><strong>solari,</strong></span> <span class='ocrx_word' id='word_1_31' title='bbox 1400 795 1456 838; x_wconf 89' lang='lat' dir='ltr'><strong>et</strong></span> <span class='ocrx_word' id='word_1_32' title='bbox 1473 798 1594 839; x_wconf 91' lang='lat' dir='ltr'><strong>esse</strong></span> <span class='ocrx_word' id='word_1_33' title='bbox 1610 784 1970 855; x_wconf 76' lang='lat' dir='ltr'><strong>gaudiicausa</strong></span> <span class='ocrx_word' id='word_1_34' title='bbox 1988 800 2135 841; x_wconf 89' lang='lat' dir='ltr'><strong>som-</strong></span> 
     </span>
    </p>
   </div>
   <div class='ocr_carea' id='block_1_8' title="bbox 555 875 2132 933">
    <p class='ocr_par' dir='ltr' id='par_1_8' title="bbox 555 875 2132 933">
     <span class='ocr_line' id='line_1_8' title="bbox 555 875 2132 933; baseline 0.002 -3"><span class='ocrx_word' id='word_1_35' title='bbox 555 893 658 933; x_wconf 90' lang='lat' dir='ltr'><strong>nus</strong></span> <span class='ocrx_word' id='word_1_36' title='bbox 682 877 849 931; x_wconf 89' lang='lat' dir='ltr'><strong>novit.</strong></span> <span class='ocrx_word' id='word_1_37' title='bbox 873 876 1007 931; x_wconf 88' lang='lat' dir='ltr'><strong>Cum</strong></span> <span class='ocrx_word' id='word_1_38' title='bbox 1026 876 1169 930; x_wconf 90' lang='lat' dir='ltr'><strong>enim</strong></span> <span class='ocrx_word' id='word_1_39' title='bbox 1197 875 1439 931; x_wconf 77' lang='lat' dir='ltr'><strong>difficiles</strong></span> <span class='ocrx_word' id='word_1_40' title='bbox 1461 876 1638 931; x_wconf 86' lang='lat' dir='ltr'><strong>morbi</strong></span> <span class='ocrx_word' id='word_1_41' title='bbox 1663 876 1729 932; x_wconf 91' lang='lat' dir='ltr'><strong>ad</strong></span> <span class='ocrx_word' id='word_1_42' title='bbox 1743 876 1954 932; x_wconf 76' lang='lat' dir='ltr'><strong>felicem</strong></span> <span class='ocrx_word' id='word_1_43' title='bbox 1983 877 2132 933; x_wconf 87' lang='lat' dir='ltr'><strong>valc-</strong></span> 
     </span>
    </p>
   </div>
   <div class='ocr_carea' id='block_1_9' title="bbox 555 968 2128 1041">
    <p class='ocr_par' dir='ltr' id='par_1_9' title="bbox 555 968 2128 1041">
     <span class='ocr_line' id='line_1_9' title="bbox 555 968 2128 1041; baseline 0.004 -24"><span class='ocrx_word' id='word_1_44' title='bbox 555 968 760 1023; x_wconf 79' lang='lat' dir='ltr'><strong>tudinis</strong></span> <span class='ocrx_word' id='word_1_45' title='bbox 785 978 1035 1023; x_wconf 86' lang='lat' dir='ltr'><strong>eventum</strong></span> <span class='ocrx_word' id='word_1_46' title='bbox 1059 975 1363 1032; x_wconf 76' lang='lat' dir='ltr'><strong>mutantur,</strong></span> <span class='ocrx_word' id='word_1_47' title='bbox 1396 969 1723 1033; x_wconf 88' lang='lat' dir='ltr'><strong>amicorum,</strong></span> <span class='ocrx_word' id='word_1_48' title='bbox 1748 979 2128 1041; x_wconf 80' lang='lat' dir='ltr'><strong>cognatorum.</strong></span> 
     </span>
    </p>
   </div>
   <div class='ocr_carea' id='block_1_10' title="bbox 551 1055 2129 1129">
    <p class='ocr_par' dir='ltr' id='par_1_10' title="bbox 551 1055 2129 1129">
     <span class='ocr_line' id='line_1_10' title="bbox 551 1055 2129 1129; baseline 0.003 -20"><span class='ocrx_word' id='word_1_49' title='bbox 551 1073 681 1127; x_wconf 85' lang='lat' dir='ltr'><strong>que,</strong></span> <span class='ocrx_word' id='word_1_50' title='bbox 704 1066 866 1126; x_wconf 85' lang='lat' dir='ltr'><strong>atque</strong></span> <span class='ocrx_word' id='word_1_51' title='bbox 887 1055 1260 1123; x_wconf 82' lang='lat' dir='ltr'><strong>familiarium,</strong></span> <span class='ocrx_word' id='word_1_52' title='bbox 1300 1064 1415 1111; x_wconf 92' lang='lat' dir='ltr'><strong>tum</strong></span> <span class='ocrx_word' id='word_1_53' title='bbox 1440 1059 1616 1129; x_wconf 88' lang='lat' dir='ltr'><strong>ipsius</strong></span> <span class='ocrx_word' id='word_1_54' title='bbox 1644 1058 1841 1123; x_wconf 78' lang='lat' dir='ltr'><strong>aﬂ‘ecti,</strong></span> <span class='ocrx_word' id='word_1_55' title='bbox 1871 1060 2129 1128; x_wconf 73' lang='lat' dir='ltr'><strong>gaudium</strong></span> 
     </span>
    </p>
   </div>
   <div class='ocr_carea' id='block_1_11' title="bbox 552 1149 2128 1222">
    <p class='ocr_par' dir='ltr' id='par_1_11' title="bbox 552 1149 2128 1222">
     <span class='ocr_line' id='line_1_11' title="bbox 552 1149 2128 1222; baseline 0.001 -17"><span class='ocrx_word' id='word_1_56' title='bbox 552 1149 923 1219; x_wconf 74' lang='lat' dir='ltr'><strong>subsequitur,</strong></span> <span class='ocrx_word' id='word_1_57' title='bbox 953 1149 1096 1218; x_wconf 87' lang='lat' dir='ltr'><strong>quod</strong></span> <span class='ocrx_word' id='word_1_58' title='bbox 1125 1164 1234 1203; x_wconf 92' lang='lat' dir='ltr'><strong>non</strong></span> <span class='ocrx_word' id='word_1_59' title='bbox 1266 1165 1332 1205; x_wconf 78' lang='lat' dir='ltr'><strong>ex</strong></span> <span class='ocrx_word' id='word_1_60' title='bbox 1372 1152 1592 1222; x_wconf 86' lang='lat' dir='ltr'><strong>propria</strong></span> <span class='ocrx_word' id='word_1_61' title='bbox 1632 1153 1804 1208; x_wconf 80' lang='lat' dir='ltr'><strong>nostri</strong></span> <span class='ocrx_word' id='word_1_62' title='bbox 1829 1153 2128 1219; x_wconf 73' lang='lat' dir='ltr'><strong>voluntate,</strong></span> 
     </span>
    </p>
   </div>
   <div class='ocr_carea' id='block_1_12' title="bbox 549 1241 2130 1315">
    <p class='ocr_par' dir='ltr' id='par_1_12' title="bbox 549 1241 2130 1315">
     <span class='ocr_line' id='line_1_12' title="bbox 549 1241 2130 1315; baseline 0.002 -19"><span class='ocrx_word' id='word_1_63' title='bbox 549 1241 642 1296; x_wconf 90' lang='lat' dir='ltr'><strong>sed</strong></span> <span class='ocrx_word' id='word_1_64' title='bbox 680 1256 868 1296; x_wconf 90' lang='lat' dir='ltr'><strong>eorum</strong></span> <span class='ocrx_word' id='word_1_65' title='bbox 916 1256 1039 1311; x_wconf 69' lang='lat' dir='ltr'><strong>qua:</strong></span> <span class='ocrx_word' id='word_1_66' title='bbox 1094 1242 1411 1297; x_wconf 88' lang='lat' dir='ltr'><strong>acciderunt</strong></span> <span class='ocrx_word' id='word_1_67' title='bbox 1457 1258 1619 1297; x_wconf 83' lang='lat' dir='ltr'><strong>causa</strong></span> <span class='ocrx_word' id='word_1_68' title='bbox 1672 1245 1963 1315; x_wconf 80' lang='lat' dir='ltr'><strong>provenire</strong></span> <span class='ocrx_word' id='word_1_69' title='bbox 2006 1260 2130 1300; x_wconf 85' lang='lat' dir='ltr'><strong>cer--</strong></span> 
     </span>
    </p>
   </div>
   <div class='ocr_carea' id='block_1_13' title="bbox 550 1332 2127 1409">
    <p class='ocr_par' dir='ltr' id='par_1_13' title="bbox 550 1332 2127 1409">
     <span class='ocr_line' id='line_1_13' title="bbox 550 1332 2127 1409; baseline 0.005 -23"><span class='ocrx_word' id='word_1_70' title='bbox 550 1342 661 1387; x_wconf 92' lang='lat' dir='ltr'><strong>tum</strong></span> <span class='ocrx_word' id='word_1_71' title='bbox 705 1342 809 1387; x_wconf 89' lang='lat' dir='ltr'><strong>est.</strong></span> <span class='ocrx_word' id='word_1_72' title='bbox 838 1332 943 1399; x_wconf 80' lang='lat' dir='ltr'><strong>Qui</strong></span> <span class='ocrx_word' id='word_1_73' title='bbox 986 1334 1131 1388; x_wconf 90' lang='lat' dir='ltr'><strong>enim</strong></span> <span class='ocrx_word' id='word_1_74' title='bbox 1177 1334 1377 1390; x_wconf 82' lang='lat' dir='ltr'><strong>valenti</strong></span> <span class='ocrx_word' id='word_1_75' title='bbox 1423 1350 1653 1407; x_wconf 83' lang='lat' dir='ltr'><strong>corpore</strong></span> <span class='ocrx_word' id='word_1_76' title='bbox 1688 1336 1855 1392; x_wconf 88' lang='lat' dir='ltr'><strong>vitam</strong></span> <span class='ocrx_word' id='word_1_77' title='bbox 1896 1339 2127 1409; x_wconf 81' lang='lat' dir='ltr'><strong>peragit,</strong></span> 
     </span>
    </p>
   </div>
   <div class='ocr_carea' id='block_1_14' title="bbox 546 1424 2126 1500">
    <p class='ocr_par' dir='ltr' id='par_1_14' title="bbox 546 1424 2126 1500">
     <span class='ocr_line' id='line_1_14' title="bbox 546 1424 2126 1500; baseline 0.005 -21"><span class='ocrx_word' id='word_1_78' title='bbox 546 1424 707 1496; x_wconf 87' lang='lat' dir='ltr'><strong>eique</strong></span> <span class='ocrx_word' id='word_1_79' title='bbox 755 1434 953 1481; x_wconf 87' lang='lat' dir='ltr'><strong>cuncta</strong></span> <span class='ocrx_word' id='word_1_80' title='bbox 997 1442 1122 1497; x_wconf 70' lang='lat' dir='ltr'><strong>qua:</strong></span> <span class='ocrx_word' id='word_1_81' title='bbox 1169 1427 1348 1483; x_wconf 89' lang='lat' dir='ltr'><strong>oculis</strong></span> <span class='ocrx_word' id='word_1_82' title='bbox 1390 1429 1730 1500; x_wconf 81' lang='lat' dir='ltr'><strong>auribusque</strong></span> <span class='ocrx_word' id='word_1_83' title='bbox 1780 1430 2126 1490; x_wconf 81' lang='lat' dir='ltr'><strong>animadver-</strong></span> 
     </span>
    </p>
   </div>
   <div class='ocr_carea' id='block_1_15' title="bbox 547 1516 2127 1592">
    <p class='ocr_par' dir='ltr' id='par_1_15' title="bbox 547 1516 2127 1592">
     <span class='ocr_line' id='line_1_15' title="bbox 547 1516 2127 1592; baseline 0.004 -21"><span class='ocrx_word' id='word_1_84' title='bbox 547 1516 631 1582; x_wconf 89' lang='lat' dir='ltr'><strong>tit,</strong></span> <span class='ocrx_word' id='word_1_85' title='bbox 656 1517 900 1572; x_wconf 86' lang='lat' dir='ltr'><strong>animum</strong></span> <span class='ocrx_word' id='word_1_86' title='bbox 944 1518 1241 1586; x_wconf 80' lang='lat' dir='ltr'><strong>oblectant,</strong></span> <span class='ocrx_word' id='word_1_87' title='bbox 1269 1535 1372 1575; x_wconf 88' lang='lat' dir='ltr'><strong>nec</strong></span> <span class='ocrx_word' id='word_1_88' title='bbox 1415 1520 1518 1576; x_wconf 87' lang='lat' dir='ltr'><strong>sibi</strong></span> <span class='ocrx_word' id='word_1_89' title='bbox 1569 1521 1867 1592; x_wconf 84' lang='lat' dir='ltr'><strong>quidquam</strong></span> <span class='ocrx_word' id='word_1_90' title='bbox 1913 1523 2127 1579; x_wconf 83' lang='lat' dir='ltr'><strong>adversi</strong></span> 
     </span>
    </p>
   </div>
   <div class='ocr_carea' id='block_1_16' title="bbox 545 1608 2123 1679">
    <p class='ocr_par' dir='ltr' id='par_1_16' title="bbox 545 1608 2123 1679">
     <span class='ocr_line' id='line_1_16' title="bbox 545 1608 2123 1679; baseline 0.006 -16"><span class='ocrx_word' id='word_1_91' title='bbox 545 1608 881 1678; x_wconf 79' lang='lat' dir='ltr'><strong>suspicatur,</strong></span> <span class='ocrx_word' id='word_1_92' title='bbox 918 1609 1119 1677; x_wconf 80' lang='lat' dir='ltr'><strong>gaudio</strong></span> <span class='ocrx_word' id='word_1_93' title='bbox 1157 1610 1410 1666; x_wconf 80' lang='lat' dir='ltr'><strong>afﬁcitur.</strong></span> <span class='ocrx_word' id='word_1_94' title='bbox 1444 1612 1549 1679; x_wconf 85' lang='lat' dir='ltr'><strong>Qui</strong></span> <span class='ocrx_word' id='word_1_95' title='bbox 1595 1629 1745 1679; x_wconf 91' lang='lat' dir='ltr'><strong>vero,</strong></span> <span class='ocrx_word' id='word_1_96' title='bbox 1790 1617 1875 1670; x_wconf 85' lang='lat' dir='ltr'><strong>vel</strong></span> <span class='ocrx_word' id='word_1_97' title='bbox 1921 1629 2123 1673; x_wconf 92' lang='lat' dir='ltr'><strong>contu-</strong></span> 
     </span>
    </p>
   </div>
   <div class='ocr_carea' id='block_1_17' title="bbox 547 1696 2127 1774">
    <p class='ocr_par' dir='ltr' id='par_1_17' title="bbox 547 1696 2127 1774">
     <span class='ocr_line' id='line_1_17' title="bbox 547 1696 2127 1774; baseline 0.008 -26"><span class='ocrx_word' id='word_1_98' title='bbox 547 1696 725 1753; x_wconf 89' lang='lat' dir='ltr'><strong>meliis</strong></span> <span class='ocrx_word' id='word_1_99' title='bbox 768 1698 1051 1755; x_wconf 86' lang='lat' dir='ltr'><strong>insecutus</strong></span> <span class='ocrx_word' id='word_1_100' title='bbox 1084 1708 1188 1767; x_wconf 90' lang='lat' dir='ltr'><strong>est,</strong></span> <span class='ocrx_word' id='word_1_101' title='bbox 1216 1701 1298 1754; x_wconf 93' lang='lat' dir='ltr'><strong>vcl</strong></span> <span class='ocrx_word' id='word_1_102' title='bbox 1336 1700 1597 1755; x_wconf 87' lang='lat' dir='ltr'><strong>damnum</strong></span> <span class='ocrx_word' id='word_1_103' title='bbox 1632 1702 1822 1768; x_wconf 89' lang='lat' dir='ltr'><strong>sentit,</strong></span> <span class='ocrx_word' id='word_1_104' title='bbox 1850 1704 1966 1759; x_wconf 85' lang='lat' dir='ltr'><strong>sive</strong></span> <span class='ocrx_word' id='word_1_105' title='bbox 1990 1720 2127 1774; x_wconf 89' lang='lat' dir='ltr'><strong>pau-</strong></span> 
     </span>
    </p>
   </div>
   <div class='ocr_carea' id='block_1_18' title="bbox 545 1790 2128 1864">
    <p class='ocr_par' dir='ltr' id='par_1_18' title="bbox 545 1790 2128 1864">
     <span class='ocr_line' id='line_1_18' title="bbox 545 1790 2128 1864; baseline 0.008 -25"><span class='ocrx_word' id='word_1_106' title='bbox 545 1795 754 1855; x_wconf 82' lang='lat' dir='ltr'><strong>pertate</strong></span> <span class='ocrx_word' id='word_1_107' title='bbox 794 1790 1080 1860; x_wconf 85' lang='lat' dir='ltr'><strong>premitur,</strong></span> <span class='ocrx_word' id='word_1_108' title='bbox 1104 1805 1279 1863; x_wconf 89' lang='lat' dir='ltr'><strong>neque</strong></span> <span class='ocrx_word' id='word_1_109' title='bbox 1303 1793 1455 1847; x_wconf 91' lang='lat' dir='ltr'><strong>illum</strong></span> <span class='ocrx_word' id='word_1_110' title='bbox 1481 1808 1722 1863; x_wconf 88' lang='lat' dir='ltr'><strong>unquam</strong></span> <span class='ocrx_word' id='word_1_111' title='bbox 1750 1809 1875 1864; x_wconf 84' lang='lat' dir='ltr'><strong>spes</strong></span> <span class='ocrx_word' id='word_1_112' title='bbox 1904 1796 2128 1851; x_wconf 70' lang='lat' dir='ltr'><strong>laetioris</strong></span> 
     </span>
    </p>
   </div>
   <div class='ocr_carea' id='block_1_19' title="bbox 546 1879 2123 1943">
    <p class='ocr_par' dir='ltr' id='par_1_19' title="bbox 546 1879 2123 1943">
     <span class='ocr_line' id='line_1_19' title="bbox 546 1879 2123 1943; baseline 0.005 -11"><span class='ocrx_word' id='word_1_113' title='bbox 546 1879 782 1936; x_wconf 74' lang='lat' dir='ltr'><strong>t&#39;ortunze</strong></span> <span class='ocrx_word' id='word_1_114' title='bbox 844 1880 1039 1936; x_wconf 85' lang='lat' dir='ltr'><strong>l‘ovct:</strong></span> <span class='ocrx_word' id='word_1_115' title='bbox 1101 1899 1227 1938; x_wconf 89' lang='lat' dir='ltr'><strong>eum</strong></span> <span class='ocrx_word' id='word_1_116' title='bbox 1291 1882 1511 1938; x_wconf 84' lang='lat' dir='ltr'><strong>tristitia</strong></span> <span class='ocrx_word' id='word_1_117' title='bbox 1556 1883 1693 1939; x_wconf 82' lang='lat' dir='ltr'><strong>allici</strong></span> <span class='ocrx_word' id='word_1_118' title='bbox 1745 1899 1969 1943; x_wconf 90' lang='lat' dir='ltr'><strong>necesse</strong></span> <span class='ocrx_word' id='word_1_119' title='bbox 2019 1897 2123 1942; x_wconf 86' lang='lat' dir='ltr'><strong>est.</strong></span> 
     </span>
    </p>
   </div>
   <div class='ocr_carea' id='block_1_20' title="bbox 2238 691 3819 765">
    <p class='ocr_par' dir='ltr' id='par_1_20' title="bbox 2238 691 3819 765">
     <span class='ocr_line' id='line_1_20' title="bbox 2238 691 3819 765; baseline 0.001 -18"><span class='ocrx_word' id='word_1_120' title='bbox 2238 691 2561 763; x_wconf 78' lang='grc' dir='ltr'>ἀμϐλύνειν,</span> <span class='ocrx_word' id='word_1_121' title='bbox 2596 692 2690 746; x_wconf 78' lang='grc' dir='ltr'>καὶ</span> <span class='ocrx_word' id='word_1_122' title='bbox 2740 691 2979 762; x_wconf 76' lang='grc' dir='ltr'>ψυχικὰς</span> <span class='ocrx_word' id='word_1_123' title='bbox 3019 692 3261 761; x_wconf 77' lang='grc' dir='ltr'>ἀγωνίας</span> <span class='ocrx_word' id='word_1_124' title='bbox 3291 693 3387 746; x_wconf 71' lang='grc' dir='ltr'>καὶ</span> <span class='ocrx_word' id='word_1_125' title='bbox 3427 692 3604 756; x_wconf 91' lang='grc' dir='ltr'>λύπας</span> <span class='ocrx_word' id='word_1_126' title='bbox 3638 711 3819 765; x_wconf 83' lang='grc' dir='ltr'>παρα-</span> 
     </span>
    </p>
   </div>
   <div class='ocr_carea' id='block_1_21' title="bbox 2239 783 3820 856">
    <p class='ocr_par' dir='ltr' id='par_1_21' title="bbox 2239 783 3820 856">
     <span class='ocr_line' id='line_1_21' title="bbox 2239 783 3820 856; baseline 0.001 -20"><span class='ocrx_word' id='word_1_127' title='bbox 2239 783 2562 855; x_wconf 83' lang='grc' dir='ltr'>μυθεῖσθαι,</span> <span class='ocrx_word' id='word_1_128' title='bbox 2590 784 2686 838; x_wconf 74' lang='grc' dir='ltr'>καὶ</span> <span class='ocrx_word' id='word_1_129' title='bbox 2715 783 2893 855; x_wconf 79' lang='grc' dir='ltr'>χαρὰν</span> <span class='ocrx_word' id='word_1_130' title='bbox 2936 784 3206 854; x_wconf 75' lang='grc' dir='ltr'><strong>ἐμποιεῖν.</strong></span> <span class='ocrx_word' id='word_1_131' title='bbox 3246 784 3313 838; x_wconf 86' lang='grc' dir='ltr'><strong><em>Ἥ</em></strong></span> <span class='ocrx_word' id='word_1_132' title='bbox 3343 784 3452 856; x_wconf 84' lang='grc' dir='ltr'><strong>γὰρ</strong></span> <span class='ocrx_word' id='word_1_133' title='bbox 3484 785 3549 839; x_wconf 80' lang='grc' dir='ltr'>ἑκ</span> <span class='ocrx_word' id='word_1_134' title='bbox 3574 784 3820 856; x_wconf 76' lang='grc' dir='ltr'><strong>χαλεπῆς</strong></span> 
     </span>
    </p>
   </div>
   <div class='ocr_carea' id='block_1_22' title="bbox 2234 874 3819 946">
    <p class='ocr_par' dir='ltr' id='par_1_22' title="bbox 2234 874 3819 946">
     <span class='ocr_line' id='line_1_22' title="bbox 2234 874 3819 946; baseline -0.001 -16"><span class='ocrx_word' id='word_1_135' title='bbox 2234 876 2551 946; x_wconf 76' lang='grc' dir='ltr'>ἀρῥωστίας</span> <span class='ocrx_word' id='word_1_136' title='bbox 2607 875 2746 944; x_wconf 68' lang='grc' dir='ltr'>πρὸς</span> <span class='ocrx_word' id='word_1_137' title='bbox 2809 874 3002 943; x_wconf 77' lang='grc' dir='ltr'>ὑγείαν</span> <span class='ocrx_word' id='word_1_138' title='bbox 3054 874 3101 906; x_wconf 65' lang='grc'><strong>³⁸</strong></span> <span class='ocrx_word' id='word_1_139' title='bbox 3162 876 3435 945; x_wconf 79' lang='grc' dir='ltr'><strong>γενομένη</strong></span> <span class='ocrx_word' id='word_1_140' title='bbox 3489 875 3674 946; x_wconf 88' lang='grc' dir='ltr'>κρίσις</span> <span class='ocrx_word' id='word_1_141' title='bbox 3728 876 3819 929; x_wconf 82' lang='grc' dir='ltr'><strong>ἐπ’</strong></span> 
     </span>
    </p>
   </div>
   <div class='ocr_carea' id='block_1_23' title="bbox 2233 966 3820 1038">
    <p class='ocr_par' dir='ltr' id='par_1_23' title="bbox 2233 966 3820 1038">
     <span class='ocr_line' id='line_1_23' title="bbox 2233 966 3820 1038; baseline 0 -18"><span class='ocrx_word' id='word_1_142' title='bbox 2233 966 2424 1038; x_wconf 82' lang='grc' dir='ltr'>ἁγαθῷ</span> <span class='ocrx_word' id='word_1_143' title='bbox 2446 968 2513 1033; x_wconf 85' lang='grc'><strong>³⁸,</strong></span> <span class='ocrx_word' id='word_1_144' title='bbox 2545 968 2639 1020; x_wconf 76' lang='grc' dir='ltr'>καὶ</span> <span class='ocrx_word' id='word_1_145' title='bbox 2680 967 2853 1037; x_wconf 84' lang='grc' dir='ltr'>φίλων</span> <span class='ocrx_word' id='word_1_146' title='bbox 2884 967 2977 1020; x_wconf 75' lang='grc' dir='ltr'>καὶ</span> <span class='ocrx_word' id='word_1_147' title='bbox 3010 968 3288 1036; x_wconf 81' lang='grc' dir='ltr'>συγγενῶν</span> <span class='ocrx_word' id='word_1_148' title='bbox 3324 969 3421 1021; x_wconf 76' lang='grc' dir='ltr'>καὶ</span> <span class='ocrx_word' id='word_1_149' title='bbox 3450 968 3689 1029; x_wconf 80' lang='grc' dir='ltr'>οἰκείων,</span> <span class='ocrx_word' id='word_1_150' title='bbox 3721 969 3820 1021; x_wconf 79' lang='grc' dir='ltr'>καὶ</span> 
     </span>
    </p>
   </div>
   <div class='ocr_carea' id='block_1_24' title="bbox 2233 1057 3816 1130">
    <p class='ocr_par' dir='ltr' id='par_1_24' title="bbox 2233 1057 3816 1130">
     <span class='ocr_line' id='line_1_24' title="bbox 2233 1057 3816 1130; baseline -0.002 -17"><span class='ocrx_word' id='word_1_151' title='bbox 2233 1059 2400 1113; x_wconf 77' lang='grc' dir='ltr'>αὐτοῦ</span> <span class='ocrx_word' id='word_1_152' title='bbox 2429 1059 2524 1112; x_wconf 80' lang='grc' dir='ltr'><strong>τοῦ</strong></span> <span class='ocrx_word' id='word_1_153' title='bbox 2559 1059 2864 1129; x_wconf 81' lang='grc' dir='ltr'>κάμνοντος</span> <span class='ocrx_word' id='word_1_154' title='bbox 2886 1058 2931 1091; x_wconf 80' lang='grc'><strong>³⁸</strong></span> <span class='ocrx_word' id='word_1_155' title='bbox 2972 1059 3210 1130; x_wconf 76' lang='grc' dir='ltr'><strong>ὑπάρχει</strong></span> <span class='ocrx_word' id='word_1_156' title='bbox 3242 1058 3411 1129; x_wconf 85' lang='grc' dir='ltr'>χαρά.</span> <span class='ocrx_word' id='word_1_157' title='bbox 3436 1057 3596 1129; x_wconf 83' lang='grc' dir='ltr'>Λύπη</span> <span class='ocrx_word' id='word_1_158' title='bbox 3626 1057 3684 1112; x_wconf 75' lang='grc' dir='ltr'>δὲ</span> <span class='ocrx_word' id='word_1_159' title='bbox 3721 1059 3816 1111; x_wconf 75' lang='grc' dir='ltr'>καὶ</span> 
     </span>
    </p>
   </div>
   <div class='ocr_carea' id='block_1_25' title="bbox 2232 1148 3818 1223">
    <p class='ocr_par' dir='ltr' id='par_1_25' title="bbox 2232 1148 3818 1223">
     <span class='ocr_line' id='line_1_25' title="bbox 2232 1148 3818 1223; baseline -0.001 -19"><span class='ocrx_word' id='word_1_160' title='bbox 2232 1151 2379 1222; x_wconf 83' lang='grc' dir='ltr'>χαρά</span> <span class='ocrx_word' id='word_1_161' title='bbox 2426 1152 2502 1215; x_wconf 80' lang='grc'><strong>³⁷,</strong></span> <span class='ocrx_word' id='word_1_162' title='bbox 2546 1151 2649 1204; x_wconf 77' lang='grc' dir='ltr'>οὐκ</span> <span class='ocrx_word' id='word_1_163' title='bbox 2676 1152 2721 1183; x_wconf 78' lang='grc'><strong>³⁸</strong></span> <span class='ocrx_word' id='word_1_164' title='bbox 2751 1152 2817 1204; x_wconf 86' lang='grc' dir='ltr'>ὲκ</span> <span class='ocrx_word' id='word_1_165' title='bbox 2861 1151 3272 1223; x_wconf 78' lang='grc' dir='ltr'>προαιρέσεως,</span> <span class='ocrx_word' id='word_1_166' title='bbox 3315 1150 3431 1204; x_wconf 76' lang='grc' dir='ltr'>ἀλλ’</span> <span class='ocrx_word' id='word_1_167' title='bbox 3469 1150 3534 1203; x_wconf 67' lang='grc' dir='ltr'>ἐκ</span> <span class='ocrx_word' id='word_1_168' title='bbox 3575 1150 3677 1221; x_wconf 82' lang='grc' dir='ltr'>τῆς</span> <span class='ocrx_word' id='word_1_169' title='bbox 3706 1148 3818 1203; x_wconf 87' lang='grc' dir='ltr'><strong>τῶν</strong></span> 
     </span>
    </p>
   </div>
   <div class='ocr_carea' id='block_1_26' title="bbox 2233 1234 3817 1312">
    <p class='ocr_par' dir='ltr' id='par_1_26' title="bbox 2233 1234 3817 1312">
     <span class='ocr_line' id='line_1_26' title="bbox 2233 1234 3817 1312; baseline -0.003 -18"><span class='ocrx_word' id='word_1_170' title='bbox 2233 1241 2641 1312; x_wconf 76' lang='grc' dir='ltr'>συμϐαινόντων</span> <span class='ocrx_word' id='word_1_171' title='bbox 2696 1239 3028 1303; x_wconf 81' lang='grc' dir='ltr'>ἀκολουθίας</span> <span class='ocrx_word' id='word_1_172' title='bbox 3053 1239 3098 1271; x_wconf 77' lang='grc'><strong>⁸⁸</strong></span> <span class='ocrx_word' id='word_1_173' title='bbox 3154 1238 3525 1292; x_wconf 88' lang='grc' dir='ltr'>συνίστανται.</span> <span class='ocrx_word' id='word_1_174' title='bbox 3592 1235 3655 1290; x_wconf 87' lang='lat'><strong>&#39;0</strong></span> <span class='ocrx_word' id='word_1_175' title='bbox 3704 1234 3817 1305; x_wconf 81' lang='grc' dir='ltr'><strong>γὰρ</strong></span> 
     </span>
    </p>
   </div>
   <div class='ocr_carea' id='block_1_27' title="bbox 2231 1327 3816 1403">
    <p class='ocr_par' dir='ltr' id='par_1_27' title="bbox 2231 1327 3816 1403">
     <span class='ocr_line' id='line_1_27' title="bbox 2231 1327 3816 1403; baseline -0.004 -16"><span class='ocrx_word' id='word_1_176' title='bbox 2231 1334 2372 1387; x_wconf 84' lang='grc' dir='ltr'><strong>κατά</strong></span> <span class='ocrx_word' id='word_1_177' title='bbox 2406 1333 2498 1386; x_wconf 75' lang='grc' dir='ltr'>τὸν</span> <span class='ocrx_word' id='word_1_178' title='bbox 2537 1332 2649 1403; x_wconf 83' lang='grc' dir='ltr'>βίον</span> <span class='ocrx_word' id='word_1_179' title='bbox 2684 1331 3084 1403; x_wconf 82' lang='grc' dir='ltr'>εύθηνούμενος</span> <span class='ocrx_word' id='word_1_180' title='bbox 3105 1329 3185 1396; x_wconf 76' lang='grc'><strong>⁸⁸,</strong></span> <span class='ocrx_word' id='word_1_181' title='bbox 3226 1328 3445 1384; x_wconf 83' lang='grc' dir='ltr'>ἀκούων</span> <span class='ocrx_word' id='word_1_182' title='bbox 3476 1346 3535 1382; x_wconf 88' lang='grc' dir='ltr'><strong>τε</strong></span> <span class='ocrx_word' id='word_1_183' title='bbox 3565 1328 3661 1383; x_wconf 69' lang='grc' dir='ltr'>καὶ</span> <span class='ocrx_word' id='word_1_184' title='bbox 3691 1327 3816 1399; x_wconf 82' lang='grc' dir='ltr'>βλέ-</span> 
     </span>
    </p>
   </div>
   <div class='ocr_carea' id='block_1_28' title="bbox 2229 1419 3814 1495">
    <p class='ocr_par' dir='ltr' id='par_1_28' title="bbox 2229 1419 3814 1495">
     <span class='ocr_line' id='line_1_28' title="bbox 2229 1419 3814 1495; baseline -0.003 -16"><span class='ocrx_word' id='word_1_185' title='bbox 2229 1444 2349 1480; x_wconf 85' lang='grc' dir='ltr'><strong>πων</strong></span> <span class='ocrx_word' id='word_1_186' title='bbox 2389 1426 2459 1481; x_wconf 81' lang='grc' dir='ltr'><strong>τά</strong></span> <span class='ocrx_word' id='word_1_187' title='bbox 2490 1427 2644 1495; x_wconf 77' lang='grc' dir='ltr'>αὐτῷ</span> <span class='ocrx_word' id='word_1_188' title='bbox 2693 1424 3050 1495; x_wconf 74' lang='grc' dir='ltr'><strong>καταθύμια,</strong></span> <span class='ocrx_word' id='word_1_189' title='bbox 3099 1423 3208 1478; x_wconf 88' lang='grc' dir='ltr'><strong>τῶν</strong></span> <span class='ocrx_word' id='word_1_190' title='bbox 3233 1421 3510 1476; x_wconf 79' lang='grc' dir='ltr'>δυσκόλων</span> <span class='ocrx_word' id='word_1_191' title='bbox 3555 1420 3614 1475; x_wconf 81' lang='grc' dir='ltr'><strong>δέ</strong></span> <span class='ocrx_word' id='word_1_192' title='bbox 3644 1437 3700 1474; x_wconf 89' lang='grc' dir='ltr'><strong>τι</strong></span> <span class='ocrx_word' id='word_1_193' title='bbox 3736 1419 3814 1491; x_wconf 74' lang='grc' dir='ltr'>μὴ</span> 
     </span>
    </p>
   </div>
   <div class='ocr_carea' id='block_1_29' title="bbox 2230 1511 3814 1591">
    <p class='ocr_par' dir='ltr' id='par_1_29' title="bbox 2230 1511 3814 1591">
     <span class='ocr_line' id='line_1_29' title="bbox 2230 1511 3814 1591; baseline -0.004 -19"><span class='ocrx_word' id='word_1_194' title='bbox 2230 1518 2548 1591; x_wconf 82' lang='grc' dir='ltr'>προσδοκῶν</span> <span class='ocrx_word' id='word_1_195' title='bbox 2570 1516 2723 1589; x_wconf 83' lang='grc' dir='ltr'>αὐτῷ</span> <span class='ocrx_word' id='word_1_196' title='bbox 2749 1517 2795 1549; x_wconf 68' lang='grc' dir='ltr'>δι</span> <span class='ocrx_word' id='word_1_197' title='bbox 2824 1515 3159 1587; x_wconf 86' lang='grc' dir='ltr'>γενήσεσθαι</span> <span class='ocrx_word' id='word_1_198' title='bbox 3180 1514 3229 1547; x_wconf 72' lang='grc'><strong>⁸⁸</strong></span> <span class='ocrx_word' id='word_1_199' title='bbox 3261 1512 3443 1587; x_wconf 81' lang='grc' dir='ltr'>χαίρει</span> <span class='ocrx_word' id='word_1_200' title='bbox 3464 1529 3481 1545; x_wconf 71' lang='grc'><strong><em>⁸</em></strong></span> <span class='ocrx_word' id='word_1_201' title='bbox 3512 1514 3541 1567; x_wconf 86' lang='grc' dir='ltr'><strong>ό</strong></span> <span class='ocrx_word' id='word_1_202' title='bbox 3568 1512 3627 1567; x_wconf 83' lang='grc' dir='ltr'>δὲ</span> <span class='ocrx_word' id='word_1_203' title='bbox 3652 1511 3814 1566; x_wconf 81' lang='grc' dir='ltr'>πενό-</span> 
     </span>
    </p>
   </div>
   <div class='ocr_carea' id='block_1_30' title="bbox 2231 1601 3812 1681">
    <p class='ocr_par' dir='ltr' id='par_1_30' title="bbox 2231 1601 3812 1681">
     <span class='ocr_line' id='line_1_30' title="bbox 2231 1601 3812 1681; baseline -0.006 -18"><span class='ocrx_word' id='word_1_204' title='bbox 2231 1627 2412 1681; x_wconf 86' lang='grc' dir='ltr'>μενος,</span> <span class='ocrx_word' id='word_1_205' title='bbox 2462 1609 2497 1680; x_wconf 80' lang='grc' dir='ltr'>ἢ</span> <span class='ocrx_word' id='word_1_206' title='bbox 2544 1608 2924 1679; x_wconf 79' lang='grc' dir='ltr'>τυπτόμενος,</span> <span class='ocrx_word' id='word_1_207' title='bbox 2968 1607 3007 1678; x_wconf 70' lang='grc' dir='ltr'><strong>ἦ</strong></span> <span class='ocrx_word' id='word_1_208' title='bbox 3054 1604 3465 1678; x_wconf 79' lang='grc' dir='ltr'>ζημιούμενος,</span> <span class='ocrx_word' id='word_1_209' title='bbox 3505 1604 3541 1675; x_wconf 72' lang='grc' dir='ltr'>ἦ</span> <span class='ocrx_word' id='word_1_210' title='bbox 3592 1619 3648 1656; x_wconf 91' lang='grc' dir='ltr'><strong>τι</strong></span> <span class='ocrx_word' id='word_1_211' title='bbox 3699 1601 3812 1655; x_wconf 88' lang='grc' dir='ltr'><strong>τῶν</strong></span> 
     </span>
    </p>
   </div>
   <div class='ocr_carea' id='block_1_31' title="bbox 2228 1691 3807 1771">
    <p class='ocr_par' dir='ltr' id='par_1_31' title="bbox 2228 1691 3807 1771">
     <span class='ocr_line' id='line_1_31' title="bbox 2228 1691 3807 1771; baseline -0.007 -16"><span class='ocrx_word' id='word_1_212' title='bbox 2228 1702 2328 1755; x_wconf 81' lang='grc' dir='ltr'>οὐκ</span> <span class='ocrx_word' id='word_1_213' title='bbox 2353 1700 2398 1733; x_wconf 66' lang='grc'>⁸³</span> <span class='ocrx_word' id='word_1_214' title='bbox 2425 1697 2652 1769; x_wconf 82' lang='grc' dir='ltr'>ἀγαθῶν</span> <span class='ocrx_word' id='word_1_215' title='bbox 2678 1699 2769 1753; x_wconf 70' lang='grc' dir='ltr'>ἀεὶ</span> <span class='ocrx_word' id='word_1_216' title='bbox 2799 1695 3142 1771; x_wconf 81' lang='grc' dir='ltr'>προσδοκῶν,</span> <span class='ocrx_word' id='word_1_217' title='bbox 3175 1695 3394 1767; x_wconf 81' lang='grc' dir='ltr'>ἀνάγκη</span> <span class='ocrx_word' id='word_1_218' title='bbox 3421 1691 3719 1749; x_wconf 79' lang='grc' dir='ltr'>λυπεῖσθαι</span> <span class='ocrx_word' id='word_1_219' title='bbox 3738 1691 3807 1744; x_wconf 67' lang='grc'><strong>⁵⁸.</strong></span> 
     </span>
    </p>
   </div>
   <div class='ocr_carea' id='block_1_32' title="bbox 611 1995 2119 2096">
    <p class='ocr_par' dir='ltr' id='par_1_32' title="bbox 611 2018 2119 2093">
     <span class='ocr_line' id='line_1_32' title="bbox 611 2018 2119 2093; baseline 0.002 -19"><span class='ocrx_word' id='word_1_220' title='bbox 611 2018 749 2075; x_wconf 87' lang='lat' dir='ltr'><strong>Nam</strong></span> <span class='ocrx_word' id='word_1_221' title='bbox 774 2019 923 2075; x_wconf 82' lang='lat' dir='ltr'><strong>risus</strong></span> <span class='ocrx_word' id='word_1_222' title='bbox 955 2021 1201 2077; x_wconf 81' lang='lat' dir='ltr'><strong>deﬂuens</strong></span> <span class='ocrx_word' id='word_1_223' title='bbox 1232 2038 1261 2076; x_wconf 92' lang='lat' dir='ltr'><strong>a</strong></span> <span class='ocrx_word' id='word_1_224' title='bbox 1289 2022 1488 2093; x_wconf 84' lang='lat' dir='ltr'><strong>gaudio</strong></span> <span class='ocrx_word' id='word_1_225' title='bbox 1523 2021 1809 2089; x_wconf 88' lang='lat' dir='ltr'><strong>nascitur;</strong></span> <span class='ocrx_word' id='word_1_226' title='bbox 1845 2038 1875 2078; x_wconf 91' lang='lat' dir='ltr'><strong>a</strong></span> <span class='ocrx_word' id='word_1_227' title='bbox 1903 2022 2119 2079; x_wconf 83' lang='lat' dir='ltr'><strong>tristitia</strong></span> 
     </span>
    </p>
   </div>
   <div class='ocr_carea' id='block_1_33' title="bbox 2221 1995 3809 2096">
    <p class='ocr_par' dir='ltr' id='par_1_33' title="bbox 2298 2018 3809 2096">
     <span class='ocr_line' id='line_1_33' title="bbox 2298 2018 3809 2096; baseline -0.006 -17"><span class='ocrx_word' id='word_1_228' title='bbox 2298 2025 2555 2080; x_wconf 83' lang='grc' dir='ltr'>Τίκτεται</span> <span class='ocrx_word' id='word_1_229' title='bbox 2576 2024 2621 2055; x_wconf 70' lang='grc'><strong>⁸⁸</strong></span> <span class='ocrx_word' id='word_1_230' title='bbox 2645 2022 2762 2088; x_wconf 80' lang='grc' dir='ltr'>οὖν,</span> <span class='ocrx_word' id='word_1_231' title='bbox 2790 2024 2855 2078; x_wconf 85' lang='grc' dir='ltr'>ὲκ</span> <span class='ocrx_word' id='word_1_232' title='bbox 2877 2023 2925 2057; x_wconf 69' lang='grc'><strong>⁸⁸</strong></span> <span class='ocrx_word' id='word_1_233' title='bbox 2960 2022 3061 2096; x_wconf 80' lang='grc' dir='ltr'>μὲν</span> <span class='ocrx_word' id='word_1_234' title='bbox 3084 2024 3185 2095; x_wconf 81' lang='grc' dir='ltr'>τῆς</span> <span class='ocrx_word' id='word_1_235' title='bbox 3213 2022 3409 2094; x_wconf 79' lang='grc' dir='ltr'>χαρᾶς,</span> <span class='ocrx_word' id='word_1_236' title='bbox 3436 2019 3685 2090; x_wconf 82' lang='grc' dir='ltr'>διάχυσις</span> <span class='ocrx_word' id='word_1_237' title='bbox 3713 2018 3809 2072; x_wconf 76' lang='grc' dir='ltr'>καὶ</span> 
     </span>
    </p>
   </div>
   <div class='ocr_carea' id='block_1_34' title="bbox 542 2115 2124 2188">
    <p class='ocr_par' dir='ltr' id='par_1_34' title="bbox 542 2115 2124 2188">
     <span class='ocr_line' id='line_1_34' title="bbox 542 2115 2124 2188; baseline 0.004 -23"><span class='ocrx_word' id='word_1_238' title='bbox 542 2128 674 2167; x_wconf 85' lang='lat' dir='ltr'><strong>vero</strong></span> <span class='ocrx_word' id='word_1_239' title='bbox 717 2116 956 2185; x_wconf 76' lang='lat' dir='ltr'><strong>gemitus</strong></span> <span class='ocrx_word' id='word_1_240' title='bbox 997 2124 1052 2170; x_wconf 85' lang='lat' dir='ltr'><strong>et</strong></span> <span class='ocrx_word' id='word_1_241' title='bbox 1095 2115 1354 2187; x_wconf 66' lang='lat' dir='ltr'><strong>lacrytnaa</strong></span> <span class='ocrx_word' id='word_1_242' title='bbox 1400 2126 1854 2187; x_wconf 83' lang='lat' dir='ltr'><strong>progenerantur.</strong></span> <span class='ocrx_word' id='word_1_243' title='bbox 1934 2115 2124 2188; x_wconf 88' lang='lat' dir='ltr'><strong>Siqui-</strong></span> 
     </span>
    </p>
   </div>
   <div class='ocr_carea' id='block_1_35' title="bbox 542 2204 2121 2280">
    <p class='ocr_par' dir='ltr' id='par_1_35' title="bbox 542 2204 2121 2280">
     <span class='ocr_line' id='line_1_35' title="bbox 542 2204 2121 2280; baseline 0.002 -21"><span class='ocrx_word' id='word_1_244' title='bbox 542 2205 665 2259; x_wconf 89' lang='lat' dir='ltr'><strong>dem</strong></span> <span class='ocrx_word' id='word_1_245' title='bbox 733 2204 962 2263; x_wconf 77' lang='lat' dir='ltr'><strong>aﬂectus</strong></span> <span class='ocrx_word' id='word_1_246' title='bbox 1033 2206 1233 2262; x_wconf 76' lang='lat' dir='ltr'><strong>anima:</strong></span> <span class='ocrx_word' id='word_1_247' title='bbox 1301 2205 1413 2280; x_wconf 71' lang='grc' dir='ltr'>ω</span> <span class='ocrx_word' id='word_1_248' title='bbox 1463 2206 1559 2277; x_wconf 90' lang='lat' dir='ltr'><strong>qni</strong></span> <span class='ocrx_word' id='word_1_249' title='bbox 1617 2207 1895 2278; x_wconf 85' lang='lat' dir='ltr'><strong>voluptate</strong></span> <span class='ocrx_word' id='word_1_250' title='bbox 1952 2220 2121 2273; x_wconf 88' lang='lat' dir='ltr'><strong>caret,</strong></span> 
     </span>
    </p>
   </div>
   <div class='ocr_carea' id='block_1_36' title="bbox 540 2297 2126 2373">
    <p class='ocr_par' dir='ltr' id='par_1_36' title="bbox 540 2297 2126 2373">
     <span class='ocr_line' id='line_1_36' title="bbox 540 2297 2126 2373; baseline 0.002 -22"><span class='ocrx_word' id='word_1_251' title='bbox 540 2297 764 2354; x_wconf 88' lang='lat' dir='ltr'><strong>tristitia</strong></span> <span class='ocrx_word' id='word_1_252' title='bbox 802 2307 909 2363; x_wconf 89' lang='lat' dir='ltr'><strong>est,</strong></span> <span class='ocrx_word' id='word_1_253' title='bbox 940 2303 1064 2370; x_wconf 55' lang='lat' dir='ltr'><strong>qua?</strong></span> <span class='ocrx_word' id='word_1_254' title='bbox 1093 2315 1217 2357; x_wconf 92' lang='lat' dir='ltr'><strong>cum</strong></span> <span class='ocrx_word' id='word_1_255' title='bbox 1258 2299 1445 2356; x_wconf 83' lang='lat' dir='ltr'><strong>Graece</strong></span> <span class='ocrx_word' id='word_1_256' title='bbox 1496 2299 1641 2371; x_wconf 83' lang='grc' dir='ltr'>λύπη</span> <span class='ocrx_word' id='word_1_257' title='bbox 1699 2300 1936 2368; x_wconf 87' lang='lat' dir='ltr'><strong>dicatur,</strong></span> <span class='ocrx_word' id='word_1_258' title='bbox 1972 2301 2126 2373; x_wconf 73' lang='grc' dir='ltr'>παρὰ</span> 
     </span>
    </p>
   </div>
   <div class='ocr_carea' id='block_1_37' title="bbox 537 2388 2123 2462">
    <p class='ocr_par' dir='ltr' id='par_1_37' title="bbox 537 2388 2123 2462">
     <span class='ocr_line' id='line_1_37' title="bbox 537 2388 2123 2462; baseline 0.004 -21"><span class='ocrx_word' id='word_1_259' title='bbox 537 2388 602 2442; x_wconf 81' lang='grc' dir='ltr'>τὸ</span> <span class='ocrx_word' id='word_1_260' title='bbox 626 2390 795 2458; x_wconf 86' lang='grc' dir='ltr'>λύειν,</span> <span class='ocrx_word' id='word_1_261' title='bbox 837 2391 985 2462; x_wconf 90' lang='lat' dir='ltr'><strong>quod</strong></span> <span class='ocrx_word' id='word_1_262' title='bbox 1054 2392 1252 2447; x_wconf 82' lang='lat' dir='ltr'><strong>solvere</strong></span> <span class='ocrx_word' id='word_1_263' title='bbox 1307 2392 1547 2457; x_wconf 82' lang='lat' dir='ltr'><strong>diceres,</strong></span> <span class='ocrx_word' id='word_1_264' title='bbox 1596 2406 1662 2446; x_wconf 80' lang='lat' dir='ltr'><strong>ex</strong></span> <span class='ocrx_word' id='word_1_265' title='bbox 1692 2405 1759 2446; x_wconf 89' lang='lat' dir='ltr'><strong>eo</strong></span> <span class='ocrx_word' id='word_1_266' title='bbox 1792 2390 1961 2457; x_wconf 87' lang='lat' dir='ltr'><strong>dicta,</strong></span> <span class='ocrx_word' id='word_1_267' title='bbox 1992 2392 2123 2462; x_wconf 87' lang='lat' dir='ltr'><strong>quia</strong></span> 
     </span>
    </p>
   </div>
   <div class='ocr_carea' id='block_1_38' title="bbox 538 2481 2118 2555">
    <p class='ocr_par' dir='ltr' id='par_1_38' title="bbox 538 2481 2118 2555">
     <span class='ocr_line' id='line_1_38' title="bbox 538 2481 2118 2555; baseline -0.001 -19"><span class='ocrx_word' id='word_1_268' title='bbox 538 2482 728 2537; x_wconf 88' lang='lat' dir='ltr'><strong>oculos</strong></span> <span class='ocrx_word' id='word_1_269' title='bbox 786 2481 841 2537; x_wconf 90' lang='lat' dir='ltr'><strong>in</strong></span> <span class='ocrx_word' id='word_1_270' title='bbox 908 2482 1180 2555; x_wconf 82' lang='lat' dir='ltr'><strong>lacrymas</strong></span> <span class='ocrx_word' id='word_1_271' title='bbox 1232 2484 1427 2539; x_wconf 89' lang='lat' dir='ltr'><strong>solvat.</strong></span> <span class='ocrx_word' id='word_1_272' title='bbox 1493 2481 1621 2538; x_wconf 88' lang='lat' dir='ltr'><strong>Sive</strong></span> <span class='ocrx_word' id='word_1_273' title='bbox 1670 2499 1702 2538; x_wconf 92' lang='lat' dir='ltr'><strong>a</strong></span> <span class='ocrx_word' id='word_1_274' title='bbox 1741 2482 2118 2553; x_wconf 74' lang='grc' dir='ltr'>λυμαίνεσθαι,</span> 
     </span>
    </p>
   </div>
   <div class='ocr_carea' id='block_1_39' title="bbox 536 2572 2120 2647">
    <p class='ocr_par' dir='ltr' id='par_1_39' title="bbox 536 2572 2120 2647">
     <span class='ocr_line' id='line_1_39' title="bbox 536 2572 2120 2647; baseline 0.004 -22"><span class='ocrx_word' id='word_1_275' title='bbox 536 2573 685 2641; x_wconf 77' lang='lat' dir='ltr'><strong>quod</strong></span> <span class='ocrx_word' id='word_1_276' title='bbox 741 2572 868 2628; x_wconf 68' lang='lat' dir='ltr'><strong>(edi</strong></span> <span class='ocrx_word' id='word_1_277' title='bbox 918 2575 1245 2645; x_wconf 78' lang='lat' dir='ltr'><strong>explicares,</strong></span> <span class='ocrx_word' id='word_1_278' title='bbox 1310 2577 1468 2647; x_wconf 89' lang='lat' dir='ltr'><strong>quasi</strong></span> <span class='ocrx_word' id='word_1_279' title='bbox 1531 2576 1781 2647; x_wconf 67' lang='lat' dir='ltr'><strong>quaedam</strong></span> <span class='ocrx_word' id='word_1_280' title='bbox 1834 2577 2120 2633; x_wconf 89' lang='lat' dir='ltr'><strong>oculorum</strong></span> 
     </span>
    </p>
   </div>
   <div class='ocr_carea' id='block_1_40' title="bbox 537 2664 2123 2737">
    <p class='ocr_par' dir='ltr' id='par_1_40' title="bbox 537 2664 2123 2737">
     <span class='ocr_line' id='line_1_40' title="bbox 537 2664 2123 2737; baseline 0.004 -20"><span class='ocrx_word' id='word_1_281' title='bbox 537 2664 691 2719; x_wconf 69' lang='lat' dir='ltr'><strong>laesio</strong></span> <span class='ocrx_word' id='word_1_282' title='bbox 716 2664 809 2720; x_wconf 87' lang='lat' dir='ltr'><strong>sit.</strong></span> <span class='ocrx_word' id='word_1_283' title='bbox 841 2664 1035 2722; x_wconf 76' lang='lat' dir='ltr'><strong>Passio</strong></span> <span class='ocrx_word' id='word_1_284' title='bbox 1061 2666 1208 2721; x_wconf 90' lang='lat' dir='ltr'><strong>enim</strong></span> <span class='ocrx_word' id='word_1_285' title='bbox 1240 2667 1398 2737; x_wconf 89' lang='lat' dir='ltr'><strong>plena</strong></span> <span class='ocrx_word' id='word_1_286' title='bbox 1423 2667 1651 2735; x_wconf 89' lang='lat' dir='ltr'><strong>doloris,</strong></span> <span class='ocrx_word' id='word_1_287' title='bbox 1688 2669 1891 2725; x_wconf 77' lang='lat' dir='ltr'><strong>solutio</strong></span> <span class='ocrx_word' id='word_1_288' title='bbox 1923 2669 2123 2724; x_wconf 84' lang='lat' dir='ltr'><strong>anima:</strong></span> 
     </span>
    </p>
   </div>
   <div class='ocr_carea' id='block_1_41' title="bbox 534 2755 2118 2831">
    <p class='ocr_par' dir='ltr' id='par_1_41' title="bbox 534 2755 2118 2831">
     <span class='ocr_line' id='line_1_41' title="bbox 534 2755 2118 2831; baseline 0.001 -19"><span class='ocrx_word' id='word_1_289' title='bbox 534 2764 638 2812; x_wconf 86' lang='lat' dir='ltr'><strong>est.</strong></span> <span class='ocrx_word' id='word_1_290' title='bbox 670 2755 942 2813; x_wconf 81' lang='lat' dir='ltr'><strong>Gaudium</strong></span> <span class='ocrx_word' id='word_1_291' title='bbox 990 2773 1143 2827; x_wconf 90' lang='lat' dir='ltr'><strong>vero,</strong></span> <span class='ocrx_word' id='word_1_292' title='bbox 1202 2759 1459 2815; x_wconf 80' lang='lat' dir='ltr'><strong>aﬂ‘ectum</strong></span> <span class='ocrx_word' id='word_1_293' title='bbox 1516 2769 1766 2816; x_wconf 86' lang='lat' dir='ltr'><strong>votorum</strong></span> <span class='ocrx_word' id='word_1_294' title='bbox 1805 2768 2118 2831; x_wconf 89' lang='lat' dir='ltr'><strong>compotem</strong></span> 
     </span>
    </p>
   </div>
   <div class='ocr_carea' id='block_1_42' title="bbox 532 2848 2121 2923">
    <p class='ocr_par' dir='ltr' id='par_1_42' title="bbox 532 2848 2121 2923">
     <span class='ocr_line' id='line_1_42' title="bbox 532 2848 2121 2923; baseline 0 -19"><span class='ocrx_word' id='word_1_295' title='bbox 532 2862 678 2913; x_wconf 87' lang='lat' dir='ltr'><strong>esse,</strong></span> <span class='ocrx_word' id='word_1_296' title='bbox 740 2848 966 2919; x_wconf 84' lang='lat' dir='ltr'><strong>quidam</strong></span> <span class='ocrx_word' id='word_1_297' title='bbox 1047 2858 1315 2905; x_wconf 89' lang='lat' dir='ltr'><strong>statuunt.</strong></span> <span class='ocrx_word' id='word_1_298' title='bbox 1372 2849 1653 2923; x_wconf 66' lang='lat' dir='ltr'><strong>Lacryma:</strong></span> <span class='ocrx_word' id='word_1_299' title='bbox 1700 2860 1927 2915; x_wconf 89' lang='lat' dir='ltr'><strong>autem,</strong></span> <span class='ocrx_word' id='word_1_300' title='bbox 1998 2865 2121 2921; x_wconf 69' lang='lat' dir='ltr'><strong>quae</strong></span> 
     </span>
    </p>
   </div>
   <div class='ocr_carea' id='block_1_43' title="bbox 534 2937 2118 3014">
    <p class='ocr_par' dir='ltr' id='par_1_43' title="bbox 534 2937 2118 3014">
     <span class='ocr_line' id='line_1_43' title="bbox 534 2937 2118 3014; baseline 0.001 -20"><span class='ocrx_word' id='word_1_301' title='bbox 534 2938 727 2997; x_wconf 73' lang='lat' dir='ltr'><strong>Grteco</strong></span> <span class='ocrx_word' id='word_1_302' title='bbox 754 2942 978 2997; x_wconf 87' lang='lat' dir='ltr'><strong>nomine</strong></span> <span class='ocrx_word' id='word_1_303' title='bbox 1024 2942 1236 3014; x_wconf 74' lang='grc' dir='ltr'>δάκρυα</span> <span class='ocrx_word' id='word_1_304' title='bbox 1267 2953 1676 3012; x_wconf 88' lang='lat' dir='ltr'><strong>nuncupantur,</strong></span> <span class='ocrx_word' id='word_1_305' title='bbox 1735 2937 1847 2997; x_wconf 78' lang='grc' dir='ltr'>οἷον</span> <span class='ocrx_word' id='word_1_306' title='bbox 1886 2943 2118 3013; x_wconf 84' lang='grc' dir='ltr'>δάκρυον</span> 
     </span>
    </p>
   </div>
   <div class='ocr_carea' id='block_1_44' title="bbox 532 3028 2119 3105">
    <p class='ocr_par' dir='ltr' id='par_1_44' title="bbox 532 3028 2119 3105">
     <span class='ocr_line' id='line_1_44' title="bbox 532 3028 2119 3105; baseline 0.004 -24"><span class='ocrx_word' id='word_1_307' title='bbox 532 3028 588 3081; x_wconf 89' lang='grc' dir='ltr'><strong>τί</strong></span> <span class='ocrx_word' id='word_1_308' title='bbox 609 3030 747 3094; x_wconf 67' lang='grc' dir='ltr'>ἐστι,</span> <span class='ocrx_word' id='word_1_309' title='bbox 777 3032 933 3102; x_wconf 80' lang='lat' dir='ltr'><strong>quasi</strong></span> <span class='ocrx_word' id='word_1_310' title='bbox 962 3048 1224 3086; x_wconf 69' lang='lat' dir='ltr'><strong>remorati:</strong></span> <span class='ocrx_word' id='word_1_311' title='bbox 1263 3034 1480 3104; x_wconf 84' lang='lat' dir='ltr'><strong>quidam</strong></span> <span class='ocrx_word' id='word_1_312' title='bbox 1518 3034 1587 3088; x_wconf 78' lang='lat' dir='ltr'><strong>sit</strong></span> <span class='ocrx_word' id='word_1_313' title='bbox 1636 3050 1655 3087; x_wconf 90' lang='lat'><strong><em>:</em></strong></span> <span class='ocrx_word' id='word_1_314' title='bbox 1682 3048 1808 3088; x_wconf 86' lang='lat' dir='ltr'><strong>nam</strong></span> <span class='ocrx_word' id='word_1_315' title='bbox 1868 3034 2119 3105; x_wconf 76' lang='lat' dir='ltr'><strong>lacrymte</strong></span> 
     </span>
    </p>
   </div>
   <div class='ocr_carea' id='block_1_45' title="bbox 536 3123 2116 3196">
    <p class='ocr_par' dir='ltr' id='par_1_45' title="bbox 536 3123 2116 3196">
     <span class='ocr_line' id='line_1_45' title="bbox 536 3123 2116 3196; baseline 0.003 -21"><span class='ocrx_word' id='word_1_316' title='bbox 536 3136 566 3175; x_wconf 87' lang='lat' dir='ltr'><strong>a</strong></span> <span class='ocrx_word' id='word_1_317' title='bbox 600 3137 844 3178; x_wconf 86' lang='lat' dir='ltr'><strong>retnorso</strong></span> <span class='ocrx_word' id='word_1_318' title='bbox 870 3123 1037 3179; x_wconf 85' lang='lat' dir='ltr'><strong>corde</strong></span> <span class='ocrx_word' id='word_1_319' title='bbox 1096 3125 1425 3195; x_wconf 87' lang='lat' dir='ltr'><strong>proveniunt</strong></span> <span class='ocrx_word' id='word_1_320' title='bbox 1461 3144 1475 3179; x_wconf 90' lang='lat'><strong>:</strong></span> <span class='ocrx_word' id='word_1_321' title='bbox 1512 3126 1595 3181; x_wconf 66' lang='lat' dir='ltr'><strong>lim</strong></span> <span class='ocrx_word' id='word_1_322' title='bbox 1633 3135 1811 3181; x_wconf 89' lang='lat' dir='ltr'><strong>autem</strong></span> <span class='ocrx_word' id='word_1_323' title='bbox 1874 3126 1953 3181; x_wconf 91' lang='lat' dir='ltr'><strong>sic</strong></span> <span class='ocrx_word' id='word_1_324' title='bbox 1988 3141 2116 3196; x_wconf 90' lang='lat' dir='ltr'><strong>pro-</strong></span> 
     </span>
    </p>
   </div>
   <div class='ocr_carea' id='block_1_46' title="bbox 534 3213 2116 3290">
    <p class='ocr_par' dir='ltr' id='par_1_46' title="bbox 534 3213 2116 3290">
     <span class='ocr_line' id='line_1_46' title="bbox 534 3213 2116 3290; baseline 0.003 -23"><span class='ocrx_word' id='word_1_325' title='bbox 534 3222 810 3268; x_wconf 84' lang='lat' dir='ltr'><strong>creantur.</strong></span> <span class='ocrx_word' id='word_1_326' title='bbox 844 3213 979 3270; x_wconf 88' lang='lat' dir='ltr'><strong>Cutn</strong></span> <span class='ocrx_word' id='word_1_327' title='bbox 1015 3215 1181 3272; x_wconf 89' lang='lat' dir='ltr'><strong>homo</strong></span> <span class='ocrx_word' id='word_1_328' title='bbox 1239 3217 1460 3273; x_wconf 89' lang='lat' dir='ltr'><strong>tristitia</strong></span> <span class='ocrx_word' id='word_1_329' title='bbox 1494 3227 1817 3290; x_wconf 81' lang='lat' dir='ltr'><strong>occupatur,</strong></span> <span class='ocrx_word' id='word_1_330' title='bbox 1849 3234 1971 3289; x_wconf 66' lang='lat' dir='ltr'><strong>quae</strong></span> <span class='ocrx_word' id='word_1_331' title='bbox 1993 3219 2116 3273; x_wconf 87' lang='lat' dir='ltr'><strong>ani-</strong></span> 
     </span>
    </p>
   </div>
   <div class='ocr_carea' id='block_1_47' title="bbox 532 3307 2185 3407">
    <p class='ocr_par' dir='ltr' id='par_1_47' title="bbox 532 3307 2185 3407">
     <span class='ocr_line' id='line_1_47' title="bbox 532 3307 2185 3407; baseline 0.004 -48"><span class='ocrx_word' id='word_1_332' title='bbox 532 3318 679 3359; x_wconf 89' lang='lat' dir='ltr'><strong>mam</strong></span> <span class='ocrx_word' id='word_1_333' title='bbox 713 3307 1005 3375; x_wconf 83' lang='lat' dir='ltr'><strong>contrahit,</strong></span> <span class='ocrx_word' id='word_1_334' title='bbox 1063 3310 1354 3366; x_wconf 85' lang='lat' dir='ltr'><strong>concussio</strong></span> <span class='ocrx_word' id='word_1_335' title='bbox 1401 3326 1525 3381; x_wconf 73' lang='lat' dir='ltr'><strong>quae</strong></span> <span class='ocrx_word' id='word_1_336' title='bbox 1551 3312 1859 3384; x_wconf 77' lang='lat' dir='ltr'><strong>angustiam</strong></span> <span class='ocrx_word' id='word_1_337' title='bbox 1925 3310 2110 3378; x_wconf 82' lang='lat' dir='ltr'><strong>infert,</strong></span> <span class='ocrx_word' id='word_1_338' title='bbox 2142 3347 2185 3407; x_wconf 79' lang='lat' dir='ltr'><strong><em>C</em></strong></span> 
     </span>
    </p>
   </div>
   <div class='ocr_carea' id='block_1_48' title="bbox 531 3398 2113 3476">
    <p class='ocr_par' dir='ltr' id='par_1_48' title="bbox 531 3398 2113 3476">
     <span class='ocr_line' id='line_1_48' title="bbox 531 3398 2113 3476; baseline 0.004 -24"><span class='ocrx_word' id='word_1_339' title='bbox 531 3411 656 3466; x_wconf 72' lang='lat' dir='ltr'><strong>qua:</strong></span> <span class='ocrx_word' id='word_1_340' title='bbox 689 3398 839 3455; x_wconf 90' lang='lat' dir='ltr'><strong>intus</strong></span> <span class='ocrx_word' id='word_1_341' title='bbox 868 3408 998 3455; x_wconf 91' lang='lat' dir='ltr'><strong>sunt</strong></span> <span class='ocrx_word' id='word_1_342' title='bbox 1034 3399 1243 3457; x_wconf 85' lang='lat' dir='ltr'><strong>viscera</strong></span> <span class='ocrx_word' id='word_1_343' title='bbox 1266 3413 1519 3474; x_wconf 89' lang='lat' dir='ltr'><strong>occupat,</strong></span> <span class='ocrx_word' id='word_1_344' title='bbox 1554 3404 1701 3460; x_wconf 90' lang='lat' dir='ltr'><strong>unde</strong></span> <span class='ocrx_word' id='word_1_345' title='bbox 1734 3404 1969 3476; x_wconf 89' lang='lat' dir='ltr'><strong>plurima</strong></span> <span class='ocrx_word' id='word_1_346' title='bbox 2014 3403 2113 3459; x_wconf 84' lang='lat' dir='ltr'><strong>bu-</strong></span> 
     </span>
    </p>
   </div>
   <div class='ocr_carea' id='block_1_49' title="bbox 534 3492 2114 3554">
    <p class='ocr_par' dir='ltr' id='par_1_49' title="bbox 534 3492 2114 3554">
     <span class='ocr_line' id='line_1_49' title="bbox 534 3492 2114 3554; baseline 0.005 -9"><span class='ocrx_word' id='word_1_347' title='bbox 534 3504 750 3546; x_wconf 87' lang='lat' dir='ltr'><strong>momm</strong></span> <span class='ocrx_word' id='word_1_348' title='bbox 804 3492 1078 3550; x_wconf 84' lang='lat' dir='ltr'><strong>exhalatio</strong></span> <span class='ocrx_word' id='word_1_349' title='bbox 1124 3493 1194 3550; x_wconf 90' lang='lat' dir='ltr'><strong>ad</strong></span> <span class='ocrx_word' id='word_1_350' title='bbox 1257 3496 1546 3552; x_wconf 90' lang='lat' dir='ltr'><strong>cerebrum</strong></span> <span class='ocrx_word' id='word_1_351' title='bbox 1596 3498 1784 3553; x_wconf 90' lang='lat' dir='ltr'><strong>tendit.</strong></span> <span class='ocrx_word' id='word_1_352' title='bbox 1814 3497 1952 3553; x_wconf 87' lang='lat' dir='ltr'><strong>Cum</strong></span> <span class='ocrx_word' id='word_1_353' title='bbox 1985 3513 2114 3554; x_wconf 87' lang='lat' dir='ltr'><strong>vero</strong></span> 
     </span>
    </p>
   </div>
   <div class='ocr_carea' id='block_1_50' title="bbox 532 3583 2113 3661">
    <p class='ocr_par' dir='ltr' id='par_1_50' title="bbox 532 3583 2113 3661">
     <span class='ocr_line' id='line_1_50' title="bbox 532 3583 2113 3661; baseline 0.006 -24"><span class='ocrx_word' id='word_1_354' title='bbox 532 3597 666 3638; x_wconf 89' lang='lat' dir='ltr'><strong>cava</strong></span> <span class='ocrx_word' id='word_1_355' title='bbox 702 3583 822 3654; x_wconf 84' lang='lat' dir='ltr'><strong>ejus</strong></span> <span class='ocrx_word' id='word_1_356' title='bbox 880 3584 1230 3643; x_wconf 79' lang='lat' dir='ltr'><strong>exhalatione</strong></span> <span class='ocrx_word' id='word_1_357' title='bbox 1284 3602 1351 3644; x_wconf 77' lang='lat' dir='ltr'><strong>ex</strong></span> <span class='ocrx_word' id='word_1_358' title='bbox 1386 3589 1608 3646; x_wconf 87' lang='lat' dir='ltr'><strong>tristitia</strong></span> <span class='ocrx_word' id='word_1_359' title='bbox 1636 3589 1991 3661; x_wconf 89' lang='lat' dir='ltr'><strong>proveniente</strong></span> <span class='ocrx_word' id='word_1_360' title='bbox 2025 3604 2113 3646; x_wconf 88' lang='lat' dir='ltr'><strong>re-</strong></span> 
     </span>
    </p>
   </div>
   <div class='ocr_carea' id='block_1_51' title="bbox 532 3674 2113 3752">
    <p class='ocr_par' dir='ltr' id='par_1_51' title="bbox 532 3674 2113 3752">
     <span class='ocr_line' id='line_1_51' title="bbox 532 3674 2113 3752; baseline 0.006 -24"><span class='ocrx_word' id='word_1_361' title='bbox 532 3674 766 3743; x_wconf 85' lang='lat' dir='ltr'><strong>plentur,</strong></span> <span class='ocrx_word' id='word_1_362' title='bbox 796 3676 863 3732; x_wconf 90' lang='lat' dir='ltr'><strong>ad</strong></span> <span class='ocrx_word' id='word_1_363' title='bbox 894 3676 1180 3733; x_wconf 91' lang='lat' dir='ltr'><strong>oculorum</strong></span> <span class='ocrx_word' id='word_1_364' title='bbox 1215 3678 1428 3736; x_wconf 84' lang='lat' dir='ltr'><strong>tunicas</strong></span> <span class='ocrx_word' id='word_1_365' title='bbox 1454 3680 1652 3736; x_wconf 82' lang='lat' dir='ltr'><strong>humor</strong></span> <span class='ocrx_word' id='word_1_366' title='bbox 1700 3681 2019 3752; x_wconf 87' lang='lat' dir='ltr'><strong>impellitur,</strong></span> <span class='ocrx_word' id='word_1_367' title='bbox 2056 3689 2113 3737; x_wconf 90' lang='lat' dir='ltr'><strong>et</strong></span> 
     </span>
    </p>
   </div>
   <div class='ocr_carea' id='block_1_52' title="bbox 531 3767 2111 3844">
    <p class='ocr_par' dir='ltr' id='par_1_52' title="bbox 531 3767 2111 3844">
     <span class='ocr_line' id='line_1_52' title="bbox 531 3767 2111 3844; baseline 0.006 -24"><span class='ocrx_word' id='word_1_368' title='bbox 531 3767 598 3822; x_wconf 80' lang='lat' dir='ltr'><strong>ad</strong></span> <span class='ocrx_word' id='word_1_369' title='bbox 652 3769 1075 3827; x_wconf 84' lang='lat' dir='ltr'><strong>ostentationem</strong></span> <span class='ocrx_word' id='word_1_370' title='bbox 1136 3771 1293 3827; x_wconf 90' lang='lat' dir='ltr'><strong>inviti</strong></span> <span class='ocrx_word' id='word_1_371' title='bbox 1327 3781 1512 3829; x_wconf 90' lang='lat' dir='ltr'><strong>motus</strong></span> <span class='ocrx_word' id='word_1_372' title='bbox 1563 3772 1826 3844; x_wconf 74' lang='lat' dir='ltr'><strong>disiectus</strong></span> <span class='ocrx_word' id='word_1_373' title='bbox 1861 3773 2111 3830; x_wconf 85' lang='lat' dir='ltr'><strong>humoris</strong></span> 
     </span>
    </p>
   </div>
   <div class='ocr_carea' id='block_1_53' title="bbox 532 3859 2114 3927">
    <p class='ocr_par' dir='ltr' id='par_1_53' title="bbox 532 3859 2114 3927">
     <span class='ocr_line' id='line_1_53' title="bbox 532 3859 2114 3927; baseline 0.004 -14"><span class='ocrx_word' id='word_1_374' title='bbox 532 3859 770 3927; x_wconf 86' lang='lat' dir='ltr'><strong>pondus,</strong></span> <span class='ocrx_word' id='word_1_375' title='bbox 801 3875 900 3916; x_wconf 90' lang='lat' dir='ltr'><strong>ceu</strong></span> <span class='ocrx_word' id='word_1_376' title='bbox 929 3876 1056 3917; x_wconf 89' lang='lat' dir='ltr'><strong>cum</strong></span> <span class='ocrx_word' id='word_1_377' title='bbox 1109 3863 1395 3919; x_wconf 72' lang='lat' dir='ltr'><strong>nubeculae</strong></span> <span class='ocrx_word' id='word_1_378' title='bbox 1430 3865 1483 3918; x_wconf 95' lang='lat' dir='ltr'><strong>in</strong></span> <span class='ocrx_word' id='word_1_379' title='bbox 1516 3880 1695 3921; x_wconf 92' lang='lat' dir='ltr'><strong>rorem</strong></span> <span class='ocrx_word' id='word_1_380' title='bbox 1739 3867 1983 3922; x_wconf 85' lang='lat' dir='ltr'><strong>converti</strong></span> <span class='ocrx_word' id='word_1_381' title='bbox 2023 3880 2114 3921; x_wconf 87' lang='lat' dir='ltr'><strong>so-</strong></span> 
     </span>
    </p>
   </div>
   <div class='ocr_carea' id='block_1_54' title="bbox 534 3952 2112 4027">
    <p class='ocr_par' dir='ltr' id='par_1_54' title="bbox 534 3952 2112 4027">
     <span class='ocr_line' id='line_1_54' title="bbox 534 3952 2112 4027; baseline 0.006 -22"><span class='ocrx_word' id='word_1_382' title='bbox 534 3953 666 4017; x_wconf 85' lang='lat' dir='ltr'><strong>lent,</strong></span> <span class='ocrx_word' id='word_1_383' title='bbox 695 3952 763 4007; x_wconf 82' lang='lat' dir='ltr'><strong>ad</strong></span> <span class='ocrx_word' id='word_1_384' title='bbox 799 3953 905 4008; x_wconf 88' lang='lat' dir='ltr'><strong>ima</strong></span> <span class='ocrx_word' id='word_1_385' title='bbox 929 3954 1122 4021; x_wconf 86' lang='lat' dir='ltr'><strong>tendit,</strong></span> <span class='ocrx_word' id='word_1_386' title='bbox 1141 3963 1197 4010; x_wconf 93' lang='lat' dir='ltr'><strong>et</strong></span> <span class='ocrx_word' id='word_1_387' title='bbox 1228 3956 1334 4012; x_wconf 93' lang='lat' dir='ltr'><strong>hoc</strong></span> <span class='ocrx_word' id='word_1_388' title='bbox 1358 3965 1519 4027; x_wconf 89' lang='lat' dir='ltr'><strong>pacto</strong></span> <span class='ocrx_word' id='word_1_389' title='bbox 1548 3966 1957 4014; x_wconf 80' lang='lat' dir='ltr'><strong>crassescentes</strong></span> <span class='ocrx_word' id='word_1_390' title='bbox 1988 3959 2112 4015; x_wconf 90' lang='lat' dir='ltr'><strong>illos</strong></span> 
     </span>
    </p>
   </div>
   <div class='ocr_carea' id='block_1_55' title="bbox 530 4045 2111 4120">
    <p class='ocr_par' dir='ltr' id='par_1_55' title="bbox 530 4045 2111 4120">
     <span class='ocr_line' id='line_1_55' title="bbox 530 4045 2111 4120; baseline 0.006 -24"><span class='ocrx_word' id='word_1_391' title='bbox 530 4057 761 4114; x_wconf 90' lang='lat' dir='ltr'><strong>vapores</strong></span> <span class='ocrx_word' id='word_1_392' title='bbox 791 4045 843 4100; x_wconf 93' lang='lat' dir='ltr'><strong>in</strong></span> <span class='ocrx_word' id='word_1_393' title='bbox 863 4046 1135 4118; x_wconf 88' lang='lat' dir='ltr'><strong>lacrymas</strong></span> <span class='ocrx_word' id='word_1_394' title='bbox 1168 4047 1369 4104; x_wconf 83' lang='lat' dir='ltr'><strong>resolvi</strong></span> <span class='ocrx_word' id='word_1_395' title='bbox 1404 4048 1690 4120; x_wconf 79' lang='lat' dir='ltr'><strong>contingit.</strong></span> <span class='ocrx_word' id='word_1_396' title='bbox 1722 4047 1879 4105; x_wconf 91' lang='lat' dir='ltr'><strong>Unde</strong></span> <span class='ocrx_word' id='word_1_397' title='bbox 1896 4048 2111 4118; x_wconf 84' lang='lat' dir='ltr'><strong>ﬂentes,</strong></span> 
     </span>
    </p>
   </div>
   <div class='ocr_carea' id='block_1_56' title="bbox 2225 2110 3809 2188">
    <p class='ocr_par' dir='ltr' id='par_1_56' title="bbox 2225 2110 3809 2188">
     <span class='ocr_line' id='line_1_56' title="bbox 2225 2110 3809 2188; baseline -0.006 -14"><span class='ocrx_word' id='word_1_398' title='bbox 2225 2121 2431 2188; x_wconf 76' lang='grc' dir='ltr'>γέλωςο</span> <span class='ocrx_word' id='word_1_399' title='bbox 2467 2117 2533 2169; x_wconf 73' lang='grc' dir='ltr'>ἐκ</span> <span class='ocrx_word' id='word_1_400' title='bbox 2554 2114 2612 2167; x_wconf 84' lang='grc' dir='ltr'>δὲ</span> <span class='ocrx_word' id='word_1_401' title='bbox 2642 2114 2742 2186; x_wconf 81' lang='grc' dir='ltr'>τῆς</span> <span class='ocrx_word' id='word_1_402' title='bbox 2770 2115 2981 2188; x_wconf 83' lang='grc' dir='ltr'>λύπης,</span> <span class='ocrx_word' id='word_1_403' title='bbox 3017 2113 3317 2184; x_wconf 88' lang='grc' dir='ltr'>στεναγμοί</span> <span class='ocrx_word' id='word_1_404' title='bbox 3347 2129 3407 2166; x_wconf 90' lang='grc' dir='ltr'><strong>τε</strong></span> <span class='ocrx_word' id='word_1_405' title='bbox 3445 2113 3542 2166; x_wconf 70' lang='grc' dir='ltr'>καὶ</span> <span class='ocrx_word' id='word_1_406' title='bbox 3570 2110 3809 2181; x_wconf 78' lang='grc' dir='ltr'>δάκρυα.</span> 
     </span>
    </p>
   </div>
   <div class='ocr_carea' id='block_1_57' title="bbox 2228 2204 3806 2287">
    <p class='ocr_par' dir='ltr' id='par_1_57' title="bbox 2228 2204 3806 2287">
     <span class='ocr_line' id='line_1_57' title="bbox 2228 2204 3806 2287; baseline -0.013 -17"><span class='ocrx_word' id='word_1_407' title='bbox 2228 2215 2386 2269; x_wconf 87' lang='grc' dir='ltr'>Ἐστι</span> <span class='ocrx_word' id='word_1_408' title='bbox 2409 2215 2467 2270; x_wconf 81' lang='grc' dir='ltr'>δὲ</span> <span class='ocrx_word' id='word_1_409' title='bbox 2491 2216 2638 2287; x_wconf 89' lang='grc' dir='ltr'>λύπη</span> <span class='ocrx_word' id='word_1_410' title='bbox 2658 2211 2900 2273; x_wconf 85' lang='grc' dir='ltr'>διάθεσις</span> <span class='ocrx_word' id='word_1_411' title='bbox 2921 2209 3101 2281; x_wconf 77' lang='grc' dir='ltr'>ψυχῆς</span> <span class='ocrx_word' id='word_1_412' title='bbox 3124 2206 3329 2279; x_wconf 77' lang='grc' dir='ltr'>ἡδονῶν</span> <span class='ocrx_word' id='word_1_413' title='bbox 3352 2205 3695 2276; x_wconf 74' lang='grc' dir='ltr'>ἐστερημένη</span> <span class='ocrx_word' id='word_1_414' title='bbox 3725 2204 3771 2236; x_wconf 50' lang='lat' dir='ltr'><strong>it</strong></span> <span class='ocrx_word' id='word_1_415' title='bbox 3790 2220 3806 2233; x_wconf 84' lang='lat'><strong>-</strong></span> 
     </span>
    </p>
   </div>
   <div class='ocr_carea' id='block_1_58' title="bbox 2225 2290 3810 2381">
    <p class='ocr_par' dir='ltr' id='par_1_58' title="bbox 2225 2290 3810 2381">
     <span class='ocr_line' id='line_1_58' title="bbox 2225 2290 3810 2381; baseline -0.009 -17"><span class='ocrx_word' id='word_1_416' title='bbox 2225 2308 2539 2381; x_wconf 84' lang='grc' dir='ltr'>παράγεται</span> <span class='ocrx_word' id='word_1_417' title='bbox 2572 2309 2631 2363; x_wconf 80' lang='grc' dir='ltr'>δὲ</span> <span class='ocrx_word' id='word_1_418' title='bbox 2670 2306 2838 2373; x_wconf 72' lang='grc' dir='ltr'>λύπη</span> <span class='ocrx_word' id='word_1_419' title='bbox 2871 2303 3024 2377; x_wconf 84' lang='grc' dir='ltr'>παρὰ</span> <span class='ocrx_word' id='word_1_420' title='bbox 3075 2301 3137 2356; x_wconf 82' lang='grc' dir='ltr'><strong>τὺ</strong></span> <span class='ocrx_word' id='word_1_421' title='bbox 3182 2300 3332 2354; x_wconf 86' lang='grc' dir='ltr'>λύειν</span> <span class='ocrx_word' id='word_1_422' title='bbox 3360 2299 3488 2363; x_wconf 75' lang='grc' dir='ltr'>τοὺς</span> <span class='ocrx_word' id='word_1_423' title='bbox 3524 2290 3682 2361; x_wconf 82' lang='grc' dir='ltr'>ὦπας</span> <span class='ocrx_word' id='word_1_424' title='bbox 3726 2298 3810 2360; x_wconf 75' lang='grc' dir='ltr'><strong>εἰς</strong></span> 
     </span>
    </p>
   </div>
   <div class='ocr_carea' id='block_1_59' title="bbox 2221 2386 3810 2473">
    <p class='ocr_par' dir='ltr' id='par_1_59' title="bbox 2221 2386 3810 2473">
     <span class='ocr_line' id='line_1_59' title="bbox 2221 2386 3810 2473; baseline -0.009 -18"><span class='ocrx_word' id='word_1_425' title='bbox 2221 2401 2435 2473; x_wconf 85' lang='grc' dir='ltr'>δάκρυα</span> <span class='ocrx_word' id='word_1_426' title='bbox 2457 2400 2502 2433; x_wconf 73' lang='grc'><strong>⁸⁸</strong></span> <span class='ocrx_word' id='word_1_427' title='bbox 2528 2440 2544 2466; x_wconf 96' lang='grc'><strong>,</strong></span> <span class='ocrx_word' id='word_1_428' title='bbox 2575 2399 2673 2454; x_wconf 68' lang='grc' dir='ltr'>καὶ</span> <span class='ocrx_word' id='word_1_429' title='bbox 2698 2394 3063 2469; x_wconf 83' lang='grc' dir='ltr'>λυμαίνεσθαι</span> <span class='ocrx_word' id='word_1_430' title='bbox 3088 2391 3315 2455; x_wconf 89' lang='grc' dir='ltr'>τούτους</span> <span class='ocrx_word' id='word_1_431' title='bbox 3342 2407 3357 2422; x_wconf 79' lang='grc' dir='ltr'><strong>ο</strong></span> <span class='ocrx_word' id='word_1_432' title='bbox 3397 2390 3589 2461; x_wconf 84' lang='grc' dir='ltr'>λυὼπη</span> <span class='ocrx_word' id='word_1_433' title='bbox 3633 2387 3680 2421; x_wconf 73' lang='grc'><strong>⁸⁸</strong></span> <span class='ocrx_word' id='word_1_434' title='bbox 3720 2386 3810 2451; x_wconf 85' lang='grc' dir='ltr'><strong>τίς</strong></span> 
     </span>
    </p>
   </div>
   <div class='ocr_carea' id='block_1_60' title="bbox 2221 2480 3810 2562">
    <p class='ocr_par' dir='ltr' id='par_1_60' title="bbox 2221 2480 3810 2562">
     <span class='ocr_line' id='line_1_60' title="bbox 2221 2480 3810 2562; baseline -0.01 -14"><span class='ocrx_word' id='word_1_435' title='bbox 2221 2489 2383 2548; x_wconf 81' lang='grc' dir='ltr'>οὖσα.</span> <span class='ocrx_word' id='word_1_436' title='bbox 2414 2491 2586 2555; x_wconf 87' lang='grc' dir='ltr'>Λύσις</span> <span class='ocrx_word' id='word_1_437' title='bbox 2614 2491 2725 2562; x_wconf 80' lang='grc' dir='ltr'><strong>γὰρ</strong></span> <span class='ocrx_word' id='word_1_438' title='bbox 2762 2490 2862 2557; x_wconf 85' lang='grc' dir='ltr'>τῆς</span> <span class='ocrx_word' id='word_1_439' title='bbox 2890 2487 3068 2557; x_wconf 76' lang='grc' dir='ltr'>ψυχῆς</span> <span class='ocrx_word' id='word_1_440' title='bbox 3095 2488 3213 2539; x_wconf 76' lang='grc' dir='ltr'>ἐστι</span> <span class='ocrx_word' id='word_1_441' title='bbox 3245 2484 3308 2537; x_wconf 81' lang='grc' dir='ltr'>τὸ</span> <span class='ocrx_word' id='word_1_442' title='bbox 3336 2482 3509 2546; x_wconf 85' lang='grc' dir='ltr'>πάθος</span> <span class='ocrx_word' id='word_1_443' title='bbox 3543 2481 3605 2535; x_wconf 84' lang='grc' dir='ltr'>τὸ</span> <span class='ocrx_word' id='word_1_444' title='bbox 3636 2480 3810 2549; x_wconf 88' lang='grc' dir='ltr'>λυπη-</span> 
     </span>
    </p>
   </div>
   <div class='ocr_carea' id='block_1_61' title="bbox 2226 2572 3809 2654">
    <p class='ocr_par' dir='ltr' id='par_1_61' title="bbox 2226 2572 3809 2654">
     <span class='ocr_line' id='line_1_61' title="bbox 2226 2572 3809 2654; baseline -0.008 -17"><span class='ocrx_word' id='word_1_445' title='bbox 2226 2582 2317 2654; x_wconf 87' lang='grc' dir='ltr'><strong>ρόν</strong></span> <span class='ocrx_word' id='word_1_446' title='bbox 2343 2598 2355 2612; x_wconf 86' lang='grc'><strong>·</strong></span> <span class='ocrx_word' id='word_1_447' title='bbox 2393 2582 2573 2654; x_wconf 82' lang='grc' dir='ltr'>χαρὰν</span> <span class='ocrx_word' id='word_1_448' title='bbox 2623 2581 2680 2634; x_wconf 73' lang='grc' dir='ltr'>δὲ</span> <span class='ocrx_word' id='word_1_449' title='bbox 2720 2579 2996 2651; x_wconf 72' lang='grc' dir='ltr'>ὁρίζονται</span> <span class='ocrx_word' id='word_1_450' title='bbox 3028 2576 3127 2648; x_wconf 82' lang='grc' dir='ltr'>τὴν</span> <span class='ocrx_word' id='word_1_451' title='bbox 3156 2574 3267 2629; x_wconf 88' lang='grc' dir='ltr'><strong>τῶν</strong></span> <span class='ocrx_word' id='word_1_452' title='bbox 3311 2572 3669 2644; x_wconf 87' lang='grc' dir='ltr'>καταθυμίων</span> <span class='ocrx_word' id='word_1_453' title='bbox 3715 2573 3809 2625; x_wconf 85' lang='grc' dir='ltr'><strong>ὲκ-</strong></span> 
     </span>
    </p>
   </div>
   <div class='ocr_carea' id='block_1_62' title="bbox 2222 2660 3805 2742">
    <p class='ocr_par' dir='ltr' id='par_1_62' title="bbox 2222 2660 3805 2742">
     <span class='ocr_line' id='line_1_62' title="bbox 2222 2660 3805 2742; baseline -0.009 -16"><span class='ocrx_word' id='word_1_454' title='bbox 2222 2670 2530 2742; x_wconf 87' lang='grc' dir='ltr'>πλήρωσιν.</span> <span class='ocrx_word' id='word_1_455' title='bbox 2569 2669 2643 2721; x_wconf 85' lang='grc' dir='ltr'><strong>Τὸ</strong></span> <span class='ocrx_word' id='word_1_456' title='bbox 2678 2667 2736 2722; x_wconf 83' lang='grc' dir='ltr'>δὲ</span> <span class='ocrx_word' id='word_1_457' title='bbox 2787 2667 3055 2736; x_wconf 80' lang='grc' dir='ltr'>δάκρυον</span> <span class='ocrx_word' id='word_1_458' title='bbox 3082 2660 3195 2719; x_wconf 76' lang='grc' dir='ltr'>οἷόν</span> <span class='ocrx_word' id='word_1_459' title='bbox 3226 2681 3279 2718; x_wconf 90' lang='grc' dir='ltr'><strong>τι</strong></span> <span class='ocrx_word' id='word_1_460' title='bbox 3309 2664 3539 2718; x_wconf 87' lang='grc' dir='ltr'>δάκνυόν</span> <span class='ocrx_word' id='word_1_461' title='bbox 3571 2664 3690 2715; x_wconf 79' lang='grc' dir='ltr'>ἐστι</span> <span class='ocrx_word' id='word_1_462' title='bbox 3714 2661 3763 2693; x_wconf 79' lang='grc'><strong><em>⁸⁸</em></strong></span> <span class='ocrx_word' id='word_1_463' title='bbox 3787 2677 3805 2693; x_wconf 80' lang='grc' dir='ltr'><strong>ο</strong></span> 
     </span>
    </p>
   </div>
   <div class='ocr_carea' id='block_1_63' title="bbox 2218 2747 3806 2831">
    <p class='ocr_par' dir='ltr' id='par_1_63' title="bbox 2218 2747 3806 2831">
     <span class='ocr_line' id='line_1_63' title="bbox 2218 2747 3806 2831; baseline -0.009 -17"><span class='ocrx_word' id='word_1_464' title='bbox 2218 2759 2560 2831; x_wconf 87' lang='grc' dir='ltr'>δακνομένης</span> <span class='ocrx_word' id='word_1_465' title='bbox 2580 2760 2625 2791; x_wconf 75' lang='grc'><strong>⁵⁸</strong></span> <span class='ocrx_word' id='word_1_466' title='bbox 2666 2758 2777 2829; x_wconf 81' lang='grc' dir='ltr'><strong>γάρ</strong></span> <span class='ocrx_word' id='word_1_467' title='bbox 2825 2756 2927 2827; x_wconf 81' lang='grc' dir='ltr'>τῆς</span> <span class='ocrx_word' id='word_1_468' title='bbox 2981 2754 3164 2825; x_wconf 75' lang='grc' dir='ltr'>ψυχῆς</span> <span class='ocrx_word' id='word_1_469' title='bbox 3189 2753 3235 2785; x_wconf 82' lang='grc'><strong>³⁸</strong></span> <span class='ocrx_word' id='word_1_470' title='bbox 3285 2751 3572 2823; x_wconf 70' lang='grc' dir='ltr'>ἐξέρχεται</span> <span class='ocrx_word' id='word_1_471' title='bbox 3617 2749 3678 2802; x_wconf 83' lang='grc' dir='ltr'>τὸ</span> <span class='ocrx_word' id='word_1_472' title='bbox 3705 2747 3806 2802; x_wconf 80' lang='grc' dir='ltr'>δά-</span> 
     </span>
    </p>
   </div>
   <div class='ocr_carea' id='block_1_64' title="bbox 2220 2838 3806 2922">
    <p class='ocr_par' dir='ltr' id='par_1_64' title="bbox 2220 2838 3806 2922">
     <span class='ocr_line' id='line_1_64' title="bbox 2220 2838 3806 2922; baseline -0.009 -17"><span class='ocrx_word' id='word_1_473' title='bbox 2220 2867 2407 2922; x_wconf 91' lang='grc' dir='ltr'>κρυον.</span> <span class='ocrx_word' id='word_1_474' title='bbox 2454 2850 2519 2904; x_wconf 85' lang='grc' dir='ltr'><strong>Ἦ</strong></span> <span class='ocrx_word' id='word_1_475' title='bbox 2552 2849 2610 2902; x_wconf 81' lang='grc' dir='ltr'>δὲ</span> <span class='ocrx_word' id='word_1_476' title='bbox 2636 2849 2851 2918; x_wconf 79' lang='grc' dir='ltr'>γένεσις</span> <span class='ocrx_word' id='word_1_477' title='bbox 2884 2845 3049 2901; x_wconf 78' lang='grc' dir='ltr'>αὐτοῦ</span> <span class='ocrx_word' id='word_1_478' title='bbox 3074 2845 3275 2899; x_wconf 83' lang='grc' dir='ltr'>τοιάδε·</span> <span class='ocrx_word' id='word_1_479' title='bbox 3323 2842 3439 2913; x_wconf 84' lang='grc' dir='ltr'><strong>Τῆς</strong></span> <span class='ocrx_word' id='word_1_480' title='bbox 3465 2838 3806 2909; x_wconf 72' lang='grc' dir='ltr'>ἐπελθούσης</span> 
     </span>
    </p>
   </div>
   <div class='ocr_carea' id='block_1_65' title="bbox 2219 2932 3806 3014">
    <p class='ocr_par' dir='ltr' id='par_1_65' title="bbox 2219 2932 3806 3014">
     <span class='ocr_line' id='line_1_65' title="bbox 2219 2932 3806 3014; baseline -0.008 -16"><span class='ocrx_word' id='word_1_481' title='bbox 2219 2942 2373 3007; x_wconf 84' lang='grc' dir='ltr'>ἀνίας</span> <span class='ocrx_word' id='word_1_482' title='bbox 2393 2942 2469 3013; x_wconf 83' lang='grc' dir='ltr'>τῷ</span> <span class='ocrx_word' id='word_1_483' title='bbox 2491 2939 2765 3014; x_wconf 84' lang='grc' dir='ltr'>ἀνθρώπῳ</span> <span class='ocrx_word' id='word_1_484' title='bbox 2788 2940 2834 2973; x_wconf 87' lang='grc'><strong><em>⁸³</em></strong></span> <span class='ocrx_word' id='word_1_485' title='bbox 2856 2939 2958 3011; x_wconf 78' lang='grc' dir='ltr'>τὴν</span> <span class='ocrx_word' id='word_1_486' title='bbox 2980 2940 3159 3009; x_wconf 76' lang='grc' dir='ltr'>ψυχὴν</span> <span class='ocrx_word' id='word_1_487' title='bbox 3184 2934 3597 3006; x_wconf 74' lang='grc' dir='ltr'>συστελλούσης,</span> <span class='ocrx_word' id='word_1_488' title='bbox 3632 2932 3806 3003; x_wconf 84' lang='grc' dir='ltr'>βρασ-</span> 
     </span>
    </p>
   </div>
   <div class='ocr_carea' id='block_1_66' title="bbox 2224 3023 3803 3107">
    <p class='ocr_par' dir='ltr' id='par_1_66' title="bbox 2224 3023 3803 3107">
     <span class='ocr_line' id='line_1_66' title="bbox 2224 3023 3803 3107; baseline -0.008 -19"><span class='ocrx_word' id='word_1_489' title='bbox 2224 3033 2410 3107; x_wconf 85' lang='grc' dir='ltr'>μὼδης</span> <span class='ocrx_word' id='word_1_490' title='bbox 2465 3032 2800 3104; x_wconf 85' lang='grc' dir='ltr'>στενοχωρία</span> <span class='ocrx_word' id='word_1_491' title='bbox 2836 3034 2949 3092; x_wconf 84' lang='grc' dir='ltr'>τοῖς</span> <span class='ocrx_word' id='word_1_492' title='bbox 2996 3029 3209 3085; x_wconf 74' lang='grc' dir='ltr'>ἔνδοθεν</span> <span class='ocrx_word' id='word_1_493' title='bbox 3254 3026 3559 3096; x_wconf 79' lang='grc' dir='ltr'>ἐπιγίνεται</span> <span class='ocrx_word' id='word_1_494' title='bbox 3590 3023 3803 3092; x_wconf 85' lang='grc' dir='ltr'>σπλάγ-</span> 
     </span>
    </p>
   </div>
   <div class='ocr_carea' id='block_1_67' title="bbox 2219 3115 3805 3200">
    <p class='ocr_par' dir='ltr' id='par_1_67' title="bbox 2219 3115 3805 3200">
     <span class='ocr_line' id='line_1_67' title="bbox 2219 3115 3805 3200; baseline -0.008 -19"><span class='ocrx_word' id='word_1_495' title='bbox 2219 3144 2370 3200; x_wconf 87' lang='grc' dir='ltr'>χνοις</span> <span class='ocrx_word' id='word_1_496' title='bbox 2390 3142 2405 3157; x_wconf 79' lang='grc'><strong><em>⁸</em></strong></span> <span class='ocrx_word' id='word_1_497' title='bbox 2448 3123 2510 3191; x_wconf 82' lang='grc' dir='ltr'>ὲξ</span> <span class='ocrx_word' id='word_1_498' title='bbox 2542 3120 2610 3197; x_wconf 79' lang='grc' dir='ltr'>ἧς</span> <span class='ocrx_word' id='word_1_499' title='bbox 2642 3123 3009 3191; x_wconf 88' lang='grc' dir='ltr'>ἀναθυμίασις</span> <span class='ocrx_word' id='word_1_500' title='bbox 3044 3122 3271 3192; x_wconf 79' lang='grc' dir='ltr'>πλείστη</span> <span class='ocrx_word' id='word_1_501' title='bbox 3305 3119 3491 3190; x_wconf 85' lang='grc' dir='ltr'>ύγρῶν</span> <span class='ocrx_word' id='word_1_502' title='bbox 3538 3115 3678 3187; x_wconf 76' lang='grc' dir='ltr'>πρὸς</span> <span class='ocrx_word' id='word_1_503' title='bbox 3705 3115 3805 3169; x_wconf 75' lang='grc' dir='ltr'><strong>τὸν</strong></span> 
     </span>
    </p>
   </div>
   <div class='ocr_carea' id='block_1_68' title="bbox 2216 3207 3804 3291">
    <p class='ocr_par' dir='ltr' id='par_1_68' title="bbox 2216 3207 3804 3291">
     <span class='ocr_line' id='line_1_68' title="bbox 2216 3207 3804 3291; baseline -0.01 -15"><span class='ocrx_word' id='word_1_504' title='bbox 2216 3220 2521 3291; x_wconf 79' lang='grc' dir='ltr'>ἐγκέφαλον</span> <span class='ocrx_word' id='word_1_505' title='bbox 2563 3219 2773 3289; x_wconf 88' lang='grc' dir='ltr'>γίνεται</span> <span class='ocrx_word' id='word_1_506' title='bbox 2797 3232 2812 3248; x_wconf 90' lang='grc'><strong>·</strong></span> <span class='ocrx_word' id='word_1_507' title='bbox 2843 3218 2972 3271; x_wconf 83' lang='grc' dir='ltr'>ὅταν</span> <span class='ocrx_word' id='word_1_508' title='bbox 3013 3215 3071 3269; x_wconf 83' lang='grc' dir='ltr'>δὲ</span> <span class='ocrx_word' id='word_1_509' title='bbox 3101 3214 3267 3268; x_wconf 82' lang='grc' dir='ltr'>αὐτοῦ</span> <span class='ocrx_word' id='word_1_510' title='bbox 3309 3211 3379 3266; x_wconf 82' lang='grc' dir='ltr'><strong>τά</strong></span> <span class='ocrx_word' id='word_1_511' title='bbox 3408 3210 3565 3265; x_wconf 84' lang='grc' dir='ltr'>κοῖλα</span> <span class='ocrx_word' id='word_1_512' title='bbox 3595 3207 3707 3262; x_wconf 89' lang='grc' dir='ltr'><strong>τῶν</strong></span> <span class='ocrx_word' id='word_1_513' title='bbox 3733 3209 3804 3261; x_wconf 74' lang='grc' dir='ltr'>ὲκ</span> 
     </span>
    </p>
   </div>
   <div class='ocr_carea' id='block_1_69' title="bbox 2218 3301 3801 3385">
    <p class='ocr_par' dir='ltr' id='par_1_69' title="bbox 2218 3301 3801 3385">
     <span class='ocr_line' id='line_1_69' title="bbox 2218 3301 3801 3385; baseline -0.009 -16"><span class='ocrx_word' id='word_1_514' title='bbox 2218 3314 2322 3385; x_wconf 82' lang='grc' dir='ltr'>τῆς</span> <span class='ocrx_word' id='word_1_515' title='bbox 2368 3314 2548 3385; x_wconf 84' lang='grc' dir='ltr'>λύπης</span> <span class='ocrx_word' id='word_1_516' title='bbox 2593 3311 3014 3382; x_wconf 86' lang='grc' dir='ltr'>ἀναθυμιάσεων</span> <span class='ocrx_word' id='word_1_517' title='bbox 3055 3306 3432 3380; x_wconf 87' lang='grc' dir='ltr'>πληρωθῶσι,</span> <span class='ocrx_word' id='word_1_518' title='bbox 3492 3304 3633 3376; x_wconf 80' lang='grc' dir='ltr'>πρὸς</span> <span class='ocrx_word' id='word_1_519' title='bbox 3672 3301 3801 3366; x_wconf 76' lang='grc' dir='ltr'>τοὺς</span> 
     </span>
    </p>
   </div>
   <div class='ocr_carea' id='block_1_70' title="bbox 2220 3395 3796 3477">
    <p class='ocr_par' dir='ltr' id='par_1_70' title="bbox 2220 3395 3796 3477">
     <span class='ocr_line' id='line_1_70' title="bbox 2220 3395 3796 3477; baseline -0.009 -16"><span class='ocrx_word' id='word_1_520' title='bbox 2220 3405 2518 3477; x_wconf 84' lang='grc' dir='ltr'>ὀφθαλμῶν</span> <span class='ocrx_word' id='word_1_521' title='bbox 2541 3406 2588 3437; x_wconf 69' lang='grc'><strong><em>⁵⁵</em></strong></span> <span class='ocrx_word' id='word_1_522' title='bbox 2621 3403 2926 3458; x_wconf 80' lang='grc' dir='ltr'>ἀπωθεῖται</span> <span class='ocrx_word' id='word_1_523' title='bbox 2967 3400 3204 3474; x_wconf 88' lang='grc' dir='ltr'>χιτῶνας</span> <span class='ocrx_word' id='word_1_524' title='bbox 3231 3400 3333 3471; x_wconf 77' lang='grc' dir='ltr'>τὴν</span> <span class='ocrx_word' id='word_1_525' title='bbox 3363 3396 3633 3470; x_wconf 78' lang='grc' dir='ltr'>ὑγρασίαν</span> <span class='ocrx_word' id='word_1_526' title='bbox 3657 3410 3672 3426; x_wconf 88' lang='grc'><strong>·</strong></span> <span class='ocrx_word' id='word_1_527' title='bbox 3700 3395 3796 3448; x_wconf 75' lang='grc' dir='ltr'><strong>καὶ</strong></span> 
     </span>
    </p>
   </div>
   <div class='ocr_carea' id='block_1_71' title="bbox 2219 3486 3790 3572">
    <p class='ocr_par' dir='ltr' id='par_1_71' title="bbox 2219 3486 3790 3572">
     <span class='ocr_line' id='line_1_71' title="bbox 2219 3486 3790 3572; baseline -0.009 -19"><span class='ocrx_word' id='word_1_528' title='bbox 2219 3503 2287 3572; x_wconf 81' lang='grc' dir='ltr'><strong>τῇ</strong></span> <span class='ocrx_word' id='word_1_529' title='bbox 2314 3498 2406 3555; x_wconf 81' lang='grc' dir='ltr'><strong>τοῦ</strong></span> <span class='ocrx_word' id='word_1_530' title='bbox 2438 3497 2740 3570; x_wconf 80' lang='grc' dir='ltr'>ἀϐουλήτου</span> <span class='ocrx_word' id='word_1_531' title='bbox 2763 3497 2810 3529; x_wconf 86' lang='grc'><strong><em>⁸⁸</em></strong></span> <span class='ocrx_word' id='word_1_532' title='bbox 2840 3495 2990 3568; x_wconf 82' lang='grc' dir='ltr'>δήξει</span> <span class='ocrx_word' id='word_1_533' title='bbox 3018 3495 3064 3530; x_wconf 83' lang='grc'><strong>⁸⁸</strong></span> <span class='ocrx_word' id='word_1_534' title='bbox 3088 3492 3184 3549; x_wconf 83' lang='grc' dir='ltr'><strong>τοῦ</strong></span> <span class='ocrx_word' id='word_1_535' title='bbox 3214 3491 3385 3565; x_wconf 82' lang='grc' dir='ltr'>ὑγροῦ</span> <span class='ocrx_word' id='word_1_536' title='bbox 3425 3486 3790 3551; x_wconf 79' lang='grc' dir='ltr'>ἀποσκευαζό-</span> 
     </span>
    </p>
   </div>
   <div class='ocr_carea' id='block_1_72' title="bbox 2223 3577 3791 3665">
    <p class='ocr_par' dir='ltr' id='par_1_72' title="bbox 2223 3577 3791 3665">
     <span class='ocr_line' id='line_1_72' title="bbox 2223 3577 3791 3665; baseline -0.021 0"><span class='ocrx_word' id='word_1_537' title='bbox 2223 3609 2386 3665; x_wconf 80' lang='grc' dir='ltr'>μενον</span> <span class='ocrx_word' id='word_1_538' title='bbox 2428 3592 2491 3645; x_wconf 85' lang='grc' dir='ltr'>τδ</span> <span class='ocrx_word' id='word_1_539' title='bbox 2523 3590 2690 3663; x_wconf 83' lang='grc' dir='ltr'>βάρος</span> <span class='ocrx_word' id='word_1_540' title='bbox 2721 3588 3127 3659; x_wconf 79' lang='grc' dir='ltr'>καταφέρεται,</span> <span class='ocrx_word' id='word_1_541' title='bbox 3162 3586 3353 3659; x_wconf 85' lang='grc' dir='ltr'>ῶσπερ</span> <span class='ocrx_word' id='word_1_542' title='bbox 3398 3584 3563 3653; x_wconf 78' lang='grc' dir='ltr'>νέφος</span> <span class='ocrx_word' id='word_1_543' title='bbox 3590 3582 3665 3643; x_wconf 75' lang='grc' dir='ltr'><strong>είς</strong></span> <span class='ocrx_word' id='word_1_544' title='bbox 3691 3577 3791 3649; x_wconf 66' lang='grc' dir='ltr'>ψει</span> 
     </span>
    </p>
   </div>
   <div class='ocr_carea' id='block_1_73' title="bbox 2220 3667 3796 3749">
    <p class='ocr_par' dir='ltr' id='par_1_73' title="bbox 2220 3667 3796 3749">
     <span class='ocr_line' id='line_1_73' title="bbox 2220 3667 3796 3749; baseline -0.013 -10"><span class='ocrx_word' id='word_1_545' title='bbox 2220 3682 2381 3743; x_wconf 86' lang='grc' dir='ltr'>κάδα,</span> <span class='ocrx_word' id='word_1_546' title='bbox 2436 3679 2611 3746; x_wconf 76' lang='grc' dir='ltr'>οὕτως</span> <span class='ocrx_word' id='word_1_547' title='bbox 2656 3678 2752 3734; x_wconf 80' lang='grc' dir='ltr'><strong>τοῦ</strong></span> <span class='ocrx_word' id='word_1_548' title='bbox 2783 3678 2991 3749; x_wconf 86' lang='grc' dir='ltr'>πάχους</span> <span class='ocrx_word' id='word_1_549' title='bbox 3006 3678 3052 3712; x_wconf 84' lang='grc'><strong>⁸⁷</strong></span> <span class='ocrx_word' id='word_1_550' title='bbox 3092 3674 3203 3731; x_wconf 86' lang='grc' dir='ltr'><strong>τῶν</strong></span> <span class='ocrx_word' id='word_1_551' title='bbox 3233 3672 3424 3745; x_wconf 88' lang='grc' dir='ltr'>ἀτμῶν</span> <span class='ocrx_word' id='word_1_552' title='bbox 3456 3667 3796 3728; x_wconf 73' lang='grc' dir='ltr'>διαλυθέντος</span> 
     </span>
    </p>
   </div>
   <div class='ocr_carea' id='block_1_74' title="bbox 2219 3758 3802 3844">
    <p class='ocr_par' dir='ltr' id='par_1_74' title="bbox 2219 3758 3802 3844">
     <span class='ocr_line' id='line_1_74' title="bbox 2219 3758 3802 3844; baseline -0.011 -16"><span class='ocrx_word' id='word_1_553' title='bbox 2219 3775 2300 3837; x_wconf 88' lang='grc' dir='ltr'><strong>είς</strong></span> <span class='ocrx_word' id='word_1_554' title='bbox 2338 3773 2598 3844; x_wconf 85' lang='grc' dir='ltr'>δάκρυον.</span> <span class='ocrx_word' id='word_1_555' title='bbox 2658 3770 2829 3825; x_wconf 86' lang='grc' dir='ltr'>Ἔνθα</span> <span class='ocrx_word' id='word_1_556' title='bbox 2872 3769 2970 3824; x_wconf 77' lang='grc' dir='ltr'>καὶ</span> <span class='ocrx_word' id='word_1_557' title='bbox 3020 3766 3189 3839; x_wconf 75' lang='grc' dir='ltr'>ἡδονή</span> <span class='ocrx_word' id='word_1_558' title='bbox 3218 3765 3303 3830; x_wconf 83' lang='grc' dir='ltr'><strong>τίς</strong></span> <span class='ocrx_word' id='word_1_559' title='bbox 3350 3767 3508 3830; x_wconf 76' lang='grc' dir='ltr'>ἑστι,</span> <span class='ocrx_word' id='word_1_560' title='bbox 3566 3759 3733 3830; x_wconf 73' lang='grc' dir='ltr'>φησὶν</span> <span class='ocrx_word' id='word_1_561' title='bbox 3770 3758 3802 3811; x_wconf 88' lang='grc' dir='ltr'><strong>ό</strong></span> 
     </span>
    </p>
   </div>
   <div class='ocr_carea' id='block_1_75' title="bbox 2220 3852 3800 3937">
    <p class='ocr_par' dir='ltr' id='par_1_75' title="bbox 2220 3852 3800 3937">
     <span class='ocr_line' id='line_1_75' title="bbox 2220 3852 3800 3937; baseline -0.012 -15"><span class='ocrx_word' id='word_1_562' title='bbox 2220 3866 2395 3937; x_wconf 80' lang='grc' dir='ltr'>μέγας</span> <span class='ocrx_word' id='word_1_563' title='bbox 2426 3863 2730 3928; x_wconf 83' lang='grc' dir='ltr'>Βασίλειος,</span> <span class='ocrx_word' id='word_1_564' title='bbox 2759 3865 2873 3927; x_wconf 85' lang='grc' dir='ltr'>τοῖς</span> <span class='ocrx_word' id='word_1_565' title='bbox 2897 3859 3264 3932; x_wconf 79' lang='grc' dir='ltr'>λυπουμένοις</span> <span class='ocrx_word' id='word_1_566' title='bbox 3289 3856 3419 3929; x_wconf 71' lang='grc' dir='ltr'>περὶ</span> <span class='ocrx_word' id='word_1_567' title='bbox 3445 3855 3538 3909; x_wconf 78' lang='grc' dir='ltr'>τὸν</span> <span class='ocrx_word' id='word_1_568' title='bbox 3561 3852 3765 3926; x_wconf 78' lang='grc' dir='ltr'>θρῆνον</span> <span class='ocrx_word' id='word_1_569' title='bbox 3783 3864 3800 3879; x_wconf 80' lang='lat'>&#39;</span> 
     </span>
    </p>
   </div>
   <div class='ocr_carea' id='block_1_76' title="bbox 2215 3939 3923 4035">
    <p class='ocr_par' dir='ltr' id='par_1_76' title="bbox 2215 3939 3923 4035">
     <span class='ocr_line' id='line_1_76' title="bbox 2215 3939 3923 4035; baseline -0.008 -27"><span class='ocrx_word' id='word_1_570' title='bbox 2215 3955 2590 4018; x_wconf 85' lang='grc' dir='ltr'>λανθανόντως</span> <span class='ocrx_word' id='word_1_571' title='bbox 2618 3954 2707 4008; x_wconf 85' lang='grc' dir='ltr'>διὰ</span> <span class='ocrx_word' id='word_1_572' title='bbox 2731 3952 2829 4009; x_wconf 80' lang='grc' dir='ltr'><strong>τοῦ</strong></span> <span class='ocrx_word' id='word_1_573' title='bbox 2861 3951 3074 4009; x_wconf 87' lang='grc' dir='ltr'>κλαίειν</span> <span class='ocrx_word' id='word_1_574' title='bbox 3102 3950 3436 4023; x_wconf 85' lang='grc' dir='ltr'>κενουμένου</span> <span class='ocrx_word' id='word_1_575' title='bbox 3468 3946 3655 4009; x_wconf 73' lang='grc' dir='ltr'>αὐτοῖς</span> <span class='ocrx_word' id='word_1_576' title='bbox 3702 3939 3803 3996; x_wconf 76' lang='grc' dir='ltr'>τοῦ</span> <span class='ocrx_word' id='word_1_577' title='bbox 3916 4024 3923 4035; x_wconf 36' lang='lat'>’</span> 
     </span>
    </p>
   </div>
   <div class='ocr_carea' id='block_1_77' title="bbox 2215 4048 2567 4120">
    <p class='ocr_par' dir='ltr' id='par_1_77' title="bbox 2215 4048 2567 4120">
     <span class='ocr_line' id='line_1_77' title="bbox 2215 4048 2567 4120; baseline 0.011 -20"><span class='ocrx_word' id='word_1_578' title='bbox 2215 4048 2567 4120; x_wconf 86' lang='grc' dir='ltr'>βαρύνοντος.</span> 
     </span>
    </p>
   </div>
   <div class='ocr_carea' id='block_1_78' title="bbox 532 4130 3805 4222">
    <p class='ocr_par' dir='ltr' id='par_1_78' title="bbox 532 4130 3805 4222">
     <span class='ocr_line' id='line_1_78' title="bbox 532 4130 3805 4222; baseline -0.002 -26"><span class='ocrx_word' id='word_1_579' title='bbox 532 4152 590 4197; x_wconf 90' lang='lat' dir='ltr'><strong>ut</strong></span> <span class='ocrx_word' id='word_1_580' title='bbox 619 4157 850 4212; x_wconf 75' lang='lat' dir='ltr'><strong>magnus</strong></span> <span class='ocrx_word' id='word_1_581' title='bbox 879 4141 1113 4222; x_wconf 81' lang='lat' dir='ltr'><strong>Basilius</strong></span> <span class='ocrx_word' id='word_1_582' title='bbox 1160 4154 1459 4210; x_wconf 89' lang='lat' dir='ltr'><strong>asseverat,</strong></span> <span class='ocrx_word' id='word_1_583' title='bbox 1524 4144 1654 4201; x_wconf 90' lang='lat' dir='ltr'><strong>dum</strong></span> <span class='ocrx_word' id='word_1_584' title='bbox 1707 4145 1840 4217; x_wconf 89' lang='lat' dir='ltr'><strong>ipsis</strong></span> <span class='ocrx_word' id='word_1_585' title='bbox 1869 4146 2012 4217; x_wconf 86' lang='lat' dir='ltr'><strong>quod</strong></span> <span class='ocrx_word' id='word_1_586' title='bbox 2044 4145 2327 4203; x_wconf 88' lang='lat' dir='ltr'><strong>cerebrum</strong></span> <span class='ocrx_word' id='word_1_587' title='bbox 2379 4144 2640 4215; x_wconf 77' lang='lat' dir='ltr'><strong>degravat</strong></span> <span class='ocrx_word' id='word_1_588' title='bbox 2694 4141 3029 4206; x_wconf 79' lang='lat' dir='ltr'><strong>exiuanitur,</strong></span> <span class='ocrx_word' id='word_1_589' title='bbox 3086 4138 3368 4209; x_wconf 85' lang='lat' dir='ltr'><strong>voluptate</strong></span> <span class='ocrx_word' id='word_1_590' title='bbox 3427 4134 3663 4208; x_wconf 83' lang='lat' dir='ltr'><strong>quadam</strong></span> <span class='ocrx_word' id='word_1_591' title='bbox 3695 4130 3805 4190; x_wconf 85' lang='lat' dir='ltr'><strong>sub</strong></span> 
     </span>
    </p>
   </div>
   <div class='ocr_carea' id='block_1_79' title="bbox 530 4240 1300 4299">
    <p class='ocr_par' dir='ltr' id='par_1_79' title="bbox 530 4240 1300 4299">
     <span class='ocr_line' id='line_1_79' title="bbox 530 4240 1300 4299; baseline 0.005 -4"><span class='ocrx_word' id='word_1_592' title='bbox 530 4242 680 4296; x_wconf 88' lang='lat' dir='ltr'><strong>luctu</strong></span> <span class='ocrx_word' id='word_1_593' title='bbox 719 4240 921 4296; x_wconf 89' lang='lat' dir='ltr'><strong>latente</strong></span> <span class='ocrx_word' id='word_1_594' title='bbox 968 4240 1300 4299; x_wconf 78' lang='lat' dir='ltr'><strong>afﬁciuntur.</strong></span> 
     </span>
    </p>
   </div>
   <div class='ocr_carea' id='block_1_80' title="bbox 602 4397 2108 4470">
    <p class='ocr_par' dir='ltr' id='par_1_80' title="bbox 602 4397 2108 4470">
     <span class='ocr_line' id='line_1_80' title="bbox 602 4397 2108 4470; baseline 0.003 -19"><span class='ocrx_word' id='word_1_595' title='bbox 602 4397 677 4451; x_wconf 80' lang='lat' dir='ltr'><strong>Ex</strong></span> <span class='ocrx_word' id='word_1_596' title='bbox 700 4397 803 4454; x_wconf 91' lang='lat' dir='ltr'><strong>hac</strong></span> <span class='ocrx_word' id='word_1_597' title='bbox 827 4438 842 4463; x_wconf 94' lang='lat'><strong>,</strong></span> <span class='ocrx_word' id='word_1_598' title='bbox 865 4398 1114 4470; x_wconf 89' lang='lat' dir='ltr'><strong>inquam,</strong></span> <span class='ocrx_word' id='word_1_599' title='bbox 1142 4415 1307 4470; x_wconf 86' lang='lat' dir='ltr'><strong>quam</strong></span> <span class='ocrx_word' id='word_1_600' title='bbox 1328 4401 1670 4457; x_wconf 88' lang='lat' dir='ltr'><strong>asseruimus</strong></span> <span class='ocrx_word' id='word_1_601' title='bbox 1702 4402 1974 4456; x_wconf 88' lang='lat' dir='ltr'><strong>viscerum</strong></span> <span class='ocrx_word' id='word_1_602' title='bbox 2007 4417 2108 4456; x_wconf 85' lang='lat' dir='ltr'><strong>an-</strong></span> 
     </span>
    </p>
   </div>
   <div class='ocr_carea' id='block_1_81' title="bbox 526 4489 2109 4561">
    <p class='ocr_par' dir='ltr' id='par_1_81' title="bbox 526 4489 2109 4561">
     <span class='ocr_line' id='line_1_81' title="bbox 526 4489 2109 4561; baseline 0.001 -16"><span class='ocrx_word' id='word_1_603' title='bbox 526 4489 731 4558; x_wconf 73' lang='lat' dir='ltr'><strong>gustia,</strong></span> <span class='ocrx_word' id='word_1_604' title='bbox 762 4504 828 4546; x_wconf 90' lang='lat' dir='ltr'><strong>ac</strong></span> <span class='ocrx_word' id='word_1_605' title='bbox 860 4491 1095 4559; x_wconf 83' lang='lat' dir='ltr'><strong>plurima</strong></span> <span class='ocrx_word' id='word_1_606' title='bbox 1130 4490 1501 4558; x_wconf 79' lang='lat' dir='ltr'><strong>exhalatione,</strong></span> <span class='ocrx_word' id='word_1_607' title='bbox 1534 4497 1660 4548; x_wconf 79' lang='lat' dir='ltr'><strong>cum</strong></span> <span class='ocrx_word' id='word_1_608' title='bbox 1709 4501 1763 4547; x_wconf 91' lang='lat' dir='ltr'><strong>et</strong></span> <span class='ocrx_word' id='word_1_609' title='bbox 1789 4491 2109 4561; x_wconf 81' lang='lat' dir='ltr'><strong>respiratio-</strong></span> 
     </span>
    </p>
   </div>
   <div class='ocr_carea' id='block_1_82' title="bbox 528 4580 2110 4651">
    <p class='ocr_par' dir='ltr' id='par_1_82' title="bbox 528 4580 2110 4651">
     <span class='ocr_line' id='line_1_82' title="bbox 528 4580 2110 4651; baseline 0.003 -17"><span class='ocrx_word' id='word_1_610' title='bbox 528 4580 615 4636; x_wconf 87' lang='lat' dir='ltr'><strong>nis</strong></span> <span class='ocrx_word' id='word_1_611' title='bbox 668 4580 1034 4637; x_wconf 89' lang='lat' dir='ltr'><strong>instrumenta</strong></span> <span class='ocrx_word' id='word_1_612' title='bbox 1098 4582 1557 4651; x_wconf 84' lang='lat' dir='ltr'><strong>comprimantur,</strong></span> <span class='ocrx_word' id='word_1_613' title='bbox 1614 4595 1994 4651; x_wconf 79' lang='lat' dir='ltr'><strong>saepenumero</strong></span> <span class='ocrx_word' id='word_1_614' title='bbox 2040 4582 2110 4638; x_wconf 84' lang='lat' dir='ltr'><strong>ab</strong></span> 
     </span>
    </p>
   </div>
   <div class='ocr_carea' id='block_1_83' title="bbox 528 4672 2104 4745">
    <p class='ocr_par' dir='ltr' id='par_1_83' title="bbox 528 4672 2104 4745">
     <span class='ocr_line' id='line_1_83' title="bbox 528 4672 2104 4745; baseline 0.003 -19"><span class='ocrx_word' id='word_1_615' title='bbox 528 4676 644 4743; x_wconf 91' lang='lat' dir='ltr'><strong>ipsa</strong></span> <span class='ocrx_word' id='word_1_616' title='bbox 675 4681 867 4729; x_wconf 88' lang='lat' dir='ltr'><strong>natura</strong></span> <span class='ocrx_word' id='word_1_617' title='bbox 888 4674 1118 4745; x_wconf 80' lang='lat' dir='ltr'><strong>spiritus</strong></span> <span class='ocrx_word' id='word_1_618' title='bbox 1149 4681 1357 4730; x_wconf 87' lang='lat' dir='ltr'><strong>tractus</strong></span> <span class='ocrx_word' id='word_1_619' title='bbox 1382 4672 1736 4728; x_wconf 90' lang='lat' dir='ltr'><strong>violentiores</strong></span> <span class='ocrx_word' id='word_1_620' title='bbox 1757 4674 2104 4743; x_wconf 88' lang='lat' dir='ltr'><strong>emittuntur,</strong></span> 
     </span>
    </p>
   </div>
   <div class='ocr_carea' id='block_1_84' title="bbox 529 4765 2105 4838">
    <p class='ocr_par' dir='ltr' id='par_1_84' title="bbox 529 4765 2105 4838">
     <span class='ocr_line' id='line_1_84' title="bbox 529 4765 2105 4838; baseline 0.001 -14"><span class='ocrx_word' id='word_1_621' title='bbox 529 4783 637 4838; x_wconf 69' lang='lat' dir='ltr'><strong>quo</strong></span> <span class='ocrx_word' id='word_1_622' title='bbox 658 4766 743 4823; x_wconf 89' lang='lat' dir='ltr'><strong>his</strong></span> <span class='ocrx_word' id='word_1_623' title='bbox 765 4783 888 4838; x_wconf 75' lang='lat' dir='ltr'><strong>quae</strong></span> <span class='ocrx_word' id='word_1_624' title='bbox 923 4775 1223 4822; x_wconf 86' lang='lat' dir='ltr'><strong>evenerant</strong></span> <span class='ocrx_word' id='word_1_625' title='bbox 1251 4766 1545 4821; x_wconf 78' lang='lat' dir='ltr'><strong>dilatandis</strong></span> <span class='ocrx_word' id='word_1_626' title='bbox 1609 4765 1886 4837; x_wconf 89' lang='lat' dir='ltr'><strong>suppetias</strong></span> <span class='ocrx_word' id='word_1_627' title='bbox 1943 4770 2105 4824; x_wconf 86' lang='lat' dir='ltr'><strong>ades-</strong></span> 
     </span>
    </p>
   </div>
   <div class='ocr_carea' id='block_1_85' title="bbox 527 4857 2105 4930">
    <p class='ocr_par' dir='ltr' id='par_1_85' title="bbox 527 4857 2105 4930">
     <span class='ocr_line' id='line_1_85' title="bbox 527 4857 2105 4930; baseline -0.001 -15"><span class='ocrx_word' id='word_1_628' title='bbox 527 4869 626 4915; x_wconf 79' lang='lat' dir='ltr'><strong>set.</strong></span> <span class='ocrx_word' id='word_1_629' title='bbox 687 4858 788 4915; x_wconf 90' lang='lat' dir='ltr'><strong>Cui</strong></span> <span class='ocrx_word' id='word_1_630' title='bbox 837 4860 1057 4930; x_wconf 90' lang='lat' dir='ltr'><strong>quidem</strong></span> <span class='ocrx_word' id='word_1_631' title='bbox 1100 4858 1370 4915; x_wconf 88' lang='lat' dir='ltr'><strong>accidenti</strong></span> <span class='ocrx_word' id='word_1_632' title='bbox 1429 4857 1669 4913; x_wconf 67' lang='lat' dir='ltr'><strong>tristitiae</strong></span> <span class='ocrx_word' id='word_1_633' title='bbox 1730 4873 1929 4915; x_wconf 92' lang='lat' dir='ltr'><strong>nomen</strong></span> <span class='ocrx_word' id='word_1_634' title='bbox 1998 4860 2105 4913; x_wconf 90' lang='lat' dir='ltr'><strong>im-</strong></span> 
     </span>
    </p>
   </div>
   <div class='ocr_carea' id='block_1_86' title="bbox 526 4948 2106 5023">
    <p class='ocr_par' dir='ltr' id='par_1_86' title="bbox 526 4948 2106 5023">
     <span class='ocr_line' id='line_1_86' title="bbox 526 4948 2106 5023; baseline 0.002 -22"><span class='ocrx_word' id='word_1_635' title='bbox 526 4965 732 5019; x_wconf 78' lang='lat' dir='ltr'><strong>pones;</strong></span> <span class='ocrx_word' id='word_1_636' title='bbox 768 4959 1126 5023; x_wconf 86' lang='lat' dir='ltr'><strong>quapropter,</strong></span> <span class='ocrx_word' id='word_1_637' title='bbox 1175 4949 1463 5021; x_wconf 74' lang='lat' dir='ltr'><strong>gemitum,</strong></span> <span class='ocrx_word' id='word_1_638' title='bbox 1521 4948 1628 5005; x_wconf 86' lang='lat' dir='ltr'><strong>hoc</strong></span> <span class='ocrx_word' id='word_1_639' title='bbox 1681 4949 2106 5007; x_wconf 82' lang='lat' dir='ltr'><strong>exhalationcm-</strong></span> 
     </span>
    </p>
   </div>
   <div class='ocr_carea' id='block_1_87' title="bbox 521 5042 2105 5114">
    <p class='ocr_par' dir='ltr' id='par_1_87' title="bbox 521 5042 2105 5114">
     <span class='ocr_line' id='line_1_87' title="bbox 521 5042 2105 5114; baseline 0.002 -20"><span class='ocrx_word' id='word_1_640' title='bbox 521 5056 627 5112; x_wconf 78' lang='lat' dir='ltr'><strong>que</strong></span> <span class='ocrx_word' id='word_1_641' title='bbox 667 5057 1072 5114; x_wconf 85' lang='lat' dir='ltr'><strong>nuncupamus.</strong></span> <span class='ocrx_word' id='word_1_642' title='bbox 1129 5042 1325 5096; x_wconf 81' lang='lat' dir='ltr'><strong>Anima</strong></span> <span class='ocrx_word' id='word_1_643' title='bbox 1384 5057 1619 5112; x_wconf 85' lang='lat' dir='ltr'><strong>namque</strong></span> <span class='ocrx_word' id='word_1_644' title='bbox 1659 5043 1775 5114; x_wconf 92' lang='lat' dir='ltr'><strong>ipsa</strong></span> <span class='ocrx_word' id='word_1_645' title='bbox 1825 5057 1922 5114; x_wconf 92' lang='lat' dir='ltr'><strong>per</strong></span> <span class='ocrx_word' id='word_1_646' title='bbox 1962 5044 2105 5099; x_wconf 90' lang='lat' dir='ltr'><strong>hunc</strong></span> 
     </span>
    </p>
   </div>
   <div class='ocr_carea' id='block_1_88' title="bbox 522 5133 2104 5205">
    <p class='ocr_par' dir='ltr' id='par_1_88' title="bbox 522 5133 2104 5205">
     <span class='ocr_line' id='line_1_88' title="bbox 522 5133 2104 5205; baseline -0.003 -13"><span class='ocrx_word' id='word_1_647' title='bbox 522 5135 783 5200; x_wconf 68' lang='lat' dir='ltr'><strong>gemitum</strong></span> <span class='ocrx_word' id='word_1_648' title='bbox 819 5149 940 5191; x_wconf 85' lang='lat' dir='ltr'><strong>sese</strong></span> <span class='ocrx_word' id='word_1_649' title='bbox 983 5134 1143 5205; x_wconf 89' lang='lat' dir='ltr'><strong>quasi</strong></span> <span class='ocrx_word' id='word_1_650' title='bbox 1186 5133 1379 5195; x_wconf 84' lang='lat' dir='ltr'><strong>reﬁcit.</strong></span> <span class='ocrx_word' id='word_1_651' title='bbox 1434 5134 1503 5188; x_wconf 91' lang='lat' dir='ltr'><strong>ab</strong></span> <span class='ocrx_word' id='word_1_652' title='bbox 1544 5135 1639 5190; x_wconf 93' lang='lat' dir='ltr'><strong>illo</strong></span> <span class='ocrx_word' id='word_1_653' title='bbox 1662 5137 1861 5190; x_wconf 85' lang='lat' dir='ltr'><strong>ardore</strong></span> <span class='ocrx_word' id='word_1_654' title='bbox 1893 5135 1988 5203; x_wconf 87' lang='lat' dir='ltr'><strong>qui</strong></span> <span class='ocrx_word' id='word_1_655' title='bbox 2033 5134 2104 5188; x_wconf 88' lang='lat' dir='ltr'><strong>ob</strong></span> 
     </span>
    </p>
   </div>
   <div class='ocr_carea' id='block_1_89' title="bbox 521 5222 2094 5297">
    <p class='ocr_par' dir='ltr' id='par_1_89' title="bbox 521 5222 2094 5297">
     <span class='ocr_line' id='line_1_89' title="bbox 521 5222 2094 5297; baseline -0.003 -16"><span class='ocrx_word' id='word_1_656' title='bbox 521 5224 995 5297; x_wconf 81' lang='lat' dir='ltr'><strong>supervenientem</strong></span> <span class='ocrx_word' id='word_1_657' title='bbox 1020 5222 1256 5278; x_wconf 61' lang='lat' dir='ltr'><strong>tristitiae</strong></span> <span class='ocrx_word' id='word_1_658' title='bbox 1313 5239 1603 5279; x_wconf 73' lang='lat' dir='ltr'><strong>mmrorcm</strong></span> <span class='ocrx_word' id='word_1_659' title='bbox 1641 5225 1693 5279; x_wconf 92' lang='lat' dir='ltr'><strong>in</strong></span> <span class='ocrx_word' id='word_1_660' title='bbox 1742 5224 1906 5282; x_wconf 89' lang='lat' dir='ltr'><strong>corde</strong></span> <span class='ocrx_word' id='word_1_661' title='bbox 1940 5240 2094 5280; x_wconf 86' lang='lat' dir='ltr'><strong>cras-</strong></span> 
     </span>
    </p>
   </div>
   <div class='ocr_carea' id='block_1_90' title="bbox 592 5441 3354 5517">
    <p class='ocr_par' dir='ltr' id='par_1_90' title="bbox 592 5441 3354 5517">
     <span class='ocr_line' id='line_1_90' title="bbox 592 5441 3354 5517; baseline 0 -22"><span class='ocrx_word' id='word_1_662' title='bbox 592 5444 637 5475; x_wconf 79' lang='grc'>³³</span> <span class='ocrx_word' id='word_1_663' title='bbox 669 5442 778 5517; x_wconf 74' lang='grc' dir='ltr'><strong>γάρ</strong></span> <span class='ocrx_word' id='word_1_664' title='bbox 809 5441 897 5517; x_wconf 87' lang='lat' dir='ltr'><strong>B._</strong></span> <span class='ocrx_word' id='word_1_665' title='bbox 943 5442 1317 5517; x_wconf 61' lang='lat' dir='ltr'><strong>“_t&#39;i7t_siav_B.</strong></span> <span class='ocrx_word' id='word_1_666' title='bbox 1399 5446 1443 5517; x_wconf 53' lang='lat' dir='ltr'><strong>’f‘</strong></span> <span class='ocrx_word' id='word_1_667' title='bbox 1476 5444 1563 5498; x_wconf 82' lang='grc' dir='ltr'><strong>ἐπ’</strong></span> <span class='ocrx_word' id='word_1_668' title='bbox 1595 5445 1817 5517; x_wconf 75' lang='grc' dir='ltr'>ἀγαθῶν</span> <span class='ocrx_word' id='word_1_669' title='bbox 1851 5446 1913 5497; x_wconf 71' lang='grc' dir='ltr'><strong>(Ζ.</strong></span> <span class='ocrx_word' id='word_1_670' title='bbox 1976 5446 2025 5517; x_wconf 18' lang='grc' dir='ltr'><strong>³⁶λ</strong></span> <span class='ocrx_word' id='word_1_671' title='bbox 2047 5463 2101 5498; x_wconf 86' lang='grc' dir='ltr'><strong>κ.</strong></span> <span class='ocrx_word' id='word_1_672' title='bbox 2145 5463 2200 5498; x_wconf 91' lang='grc' dir='ltr'><strong>α.</strong></span> <span class='ocrx_word' id='word_1_673' title='bbox 2232 5445 2327 5497; x_wconf 73' lang='grc' dir='ltr'>τοῦ</span> <span class='ocrx_word' id='word_1_674' title='bbox 2354 5445 2699 5517; x_wconf 38' lang='grc' dir='ltr'>κάμνοντος-</span> <span class='ocrx_word' id='word_1_675' title='bbox 2719 5459 2831 5500; x_wconf 90' lang='lat' dir='ltr'><strong>om.</strong></span> <span class='ocrx_word' id='word_1_676' title='bbox 2859 5445 2929 5517; x_wconf 57' lang='grc' dir='ltr'><strong>Β.</strong></span> <span class='ocrx_word' id='word_1_677' title='bbox 3000 5445 3046 5517; x_wconf 54' lang='grc'><strong>³⁸(</strong></span> <span class='ocrx_word' id='word_1_678' title='bbox 3070 5444 3135 5517; x_wconf 73' lang='grc' dir='ltr'><strong>λ.</strong></span> <span class='ocrx_word' id='word_1_679' title='bbox 3170 5443 3225 5517; x_wconf 59' lang='grc' dir='ltr'>δὲ</span> <span class='ocrx_word' id='word_1_680' title='bbox 3260 5443 3354 5497; x_wconf 76' lang='grc' dir='ltr'>καὶ</span> 
     </span>
    </p>
   </div>
   <div class='ocr_carea' id='block_1_91' title="bbox 519 5513 2245 5584">
    <p class='ocr_par' dir='ltr' id='par_1_91' title="bbox 519 5513 2245 5584">
     <span class='ocr_line' id='line_1_91' title="bbox 519 5513 2245 5584; baseline 0 -18"><span class='ocrx_word' id='word_1_681' title='bbox 519 5515 564 5547; x_wconf 75' lang='grc'><strong>⁸⁸</strong></span> <span class='ocrx_word' id='word_1_682' title='bbox 590 5514 789 5584; x_wconf 81' lang='grc' dir='ltr'>χαράή</span> <span class='ocrx_word' id='word_1_683' title='bbox 818 5515 932 5569; x_wconf 83' lang='grc' dir='ltr'>καὶ.</span> <span class='ocrx_word' id='word_1_684' title='bbox 962 5515 1064 5567; x_wconf 84' lang='grc' dir='ltr'>οὐκ</span> <span class='ocrx_word' id='word_1_685' title='bbox 1098 5513 1159 5568; x_wconf 86' lang='grc' dir='ltr'><strong>Ρ.</strong></span> <span class='ocrx_word' id='word_1_686' title='bbox 1237 5515 1281 5548; x_wconf 75' lang='grc'><strong>³³</strong></span> <span class='ocrx_word' id='word_1_687' title='bbox 1315 5516 1470 5569; x_wconf 79' lang='grc' dir='ltr'>ἀκολ.</span> <span class='ocrx_word' id='word_1_688' title='bbox 1510 5529 1622 5568; x_wconf 76' lang='lat' dir='ltr'><strong>orn.</strong></span> <span class='ocrx_word' id='word_1_689' title='bbox 1654 5515 1717 5568; x_wconf 84' lang='lat' dir='ltr'><strong>B.</strong></span> <span class='ocrx_word' id='word_1_690' title='bbox 1753 5531 1874 5569; x_wconf 83' lang='lat' dir='ltr'><strong>mox</strong></span> <span class='ocrx_word' id='word_1_691' title='bbox 1909 5515 2245 5568; x_wconf 81' lang='grc' dir='ltr'>συνίσταται.</span> 
     </span>
    </p>
   </div>
   <div class='ocr_carea' id='block_1_92' title="bbox 649 5584 3803 5656">
    <p class='ocr_par' dir='ltr' id='par_1_92' title="bbox 649 5584 3803 5656">
     <span class='ocr_line' id='line_1_92' title="bbox 649 5584 3803 5656; baseline -0 -20"><span class='ocrx_word' id='word_1_692' title='bbox 649 5584 857 5656; x_wconf 40' lang='grc' dir='ltr'>γενηΒ.</span> <span class='ocrx_word' id='word_1_693' title='bbox 936 5584 982 5617; x_wconf 69' lang='grc'><strong>⁸⁸</strong></span> <span class='ocrx_word' id='word_1_694' title='bbox 1023 5585 1281 5656; x_wconf 77' lang='grc' dir='ltr'>γενέσθαι</span> <span class='ocrx_word' id='word_1_695' title='bbox 1318 5586 1381 5638; x_wconf 91' lang='grc' dir='ltr'><strong>Ρ.</strong></span> <span class='ocrx_word' id='word_1_696' title='bbox 1459 5585 1505 5617; x_wconf 78' lang='grc'><em>⁸³</em></span> <span class='ocrx_word' id='word_1_697' title='bbox 1544 5587 1644 5656; x_wconf 84' lang='grc' dir='ltr'>οὐκ</span> <span class='ocrx_word' id='word_1_698' title='bbox 1678 5601 1786 5638; x_wconf 88' lang='lat' dir='ltr'><strong>om.</strong></span> <span class='ocrx_word' id='word_1_699' title='bbox 1818 5586 1882 5656; x_wconf 85' lang='lat' dir='ltr'><strong>A.</strong></span> <span class='ocrx_word' id='word_1_700' title='bbox 1961 5585 2009 5618; x_wconf 71' lang='lat'>“</span> <span class='ocrx_word' id='word_1_701' title='bbox 2033 5603 2130 5656; x_wconf 76' lang='grc' dir='ltr'><strong>πρ.</strong></span> <span class='ocrx_word' id='word_1_702' title='bbox 2158 5585 2384 5655; x_wconf 82' lang='grc' dir='ltr'>εὔδηλον</span> <span class='ocrx_word' id='word_1_703' title='bbox 2420 5586 2503 5639; x_wconf 79' lang='grc' dir='ltr'><strong>ὅτι</strong></span> <span class='ocrx_word' id='word_1_704' title='bbox 2525 5584 2777 5640; x_wconf 83' lang='grc' dir='ltr'>λυπεῖται</span> <span class='ocrx_word' id='word_1_705' title='bbox 2805 5585 2871 5656; x_wconf 87' lang='grc' dir='ltr'>Ρ.</span> <span class='ocrx_word' id='word_1_706' title='bbox 2946 5586 2991 5617; x_wconf 72' lang='grc'><strong>⁸⁸</strong></span> <span class='ocrx_word' id='word_1_707' title='bbox 3030 5589 3260 5656; x_wconf 72' lang='grc' dir='ltr'>τήκεται</span> <span class='ocrx_word' id='word_1_708' title='bbox 3287 5584 3354 5656; x_wconf 71' lang='grc' dir='ltr'>ᾼ.</span> <span class='ocrx_word' id='word_1_709' title='bbox 3381 5586 3652 5656; x_wconf 15' lang='grc' dir='ltr'>ᾲτίκτεται</span> <span class='ocrx_word' id='word_1_710' title='bbox 3693 5585 3803 5656; x_wconf 61' lang='grc' dir='ltr'><strong>μεν</strong></span> 
     </span>
    </p>
   </div>
   <div class='ocr_carea' id='block_1_93' title="bbox 515 5601 1396 5712">
    <p class='ocr_par' dir='ltr' id='par_1_93' title="bbox 515 5601 1396 5712">
     <span class='ocr_line' id='line_1_93' title="bbox 516 5601 1381 5654; baseline 0.002 -18"><span class='ocrx_word' id='word_1_711' title='bbox 516 5601 612 5639; x_wconf 83' lang='grc' dir='ltr'><strong>του</strong></span> <span class='ocrx_word' id='word_1_712' title='bbox 649 5601 763 5654; x_wconf 78' lang='grc' dir='ltr'>γεν.</span> <span class='ocrx_word' id='word_1_713' title='bbox 796 5601 857 5639; x_wconf 76' lang='lat'><strong>15.</strong></span> <span class='ocrx_word' id='word_1_714' title='bbox 936 5601 982 5617; x_wconf 82' lang='lat'><strong>&quot;</strong></span> <span class='ocrx_word' id='word_1_715' title='bbox 1023 5601 1281 5653; x_wconf 81' lang='grc' dir='ltr'>γενεσυαι</span> <span class='ocrx_word' id='word_1_716' title='bbox 1318 5601 1381 5638; x_wconf 75' lang='grc' dir='ltr'>ι’.</span> 
     </span>
     <span class='ocr_line' id='line_1_94' title="bbox 515 5654 1396 5712; baseline 0.005 -4"><span class='ocrx_word' id='word_1_717' title='bbox 515 5654 610 5712; x_wconf 79' lang='grc' dir='ltr'>οὖν</span> <span class='ocrx_word' id='word_1_718' title='bbox 651 5656 711 5708; x_wconf 88' lang='grc' dir='ltr'><strong>Β.</strong></span> <span class='ocrx_word' id='word_1_719' title='bbox 736 5654 983 5709; x_wconf 85' lang='grc' dir='ltr'>τίκτεται</span> <span class='ocrx_word' id='word_1_720' title='bbox 1017 5655 1076 5709; x_wconf 87' lang='grc' dir='ltr'>δὲ</span> <span class='ocrx_word' id='word_1_721' title='bbox 1101 5656 1142 5709; x_wconf 81' lang='lat' dir='ltr'><strong><em>C</em></strong></span> <span class='ocrx_word' id='word_1_722' title='bbox 1171 5657 1235 5711; x_wconf 84' lang='grc' dir='ltr'><strong>Ρ.</strong></span> <span class='ocrx_word' id='word_1_723' title='bbox 1350 5656 1396 5687; x_wconf 66' lang='grc'><strong>⁸⁸</strong></span> 
     </span>
    </p>
   </div>
   <div class='ocr_carea' id='block_1_94' title="bbox 514 5719 1620 5794">
    <p class='ocr_par' dir='ltr' id='par_1_94' title="bbox 514 5719 1620 5794">
     <span class='ocr_line' id='line_1_95' title="bbox 514 5719 1620 5794; baseline -0.003 -14"><span class='ocrx_word' id='word_1_724' title='bbox 514 5725 560 5758; x_wconf 78' lang='grc'><strong>⁸⁸</strong></span> <span class='ocrx_word' id='word_1_725' title='bbox 594 5727 675 5789; x_wconf 88' lang='grc' dir='ltr'><strong>είς</strong></span> <span class='ocrx_word' id='word_1_726' title='bbox 709 5725 757 5779; x_wconf 88' lang='grc' dir='ltr'><strong>δ.</strong></span> <span class='ocrx_word' id='word_1_727' title='bbox 786 5728 914 5789; x_wconf 76' lang='grc' dir='ltr'>τοὺς</span> <span class='ocrx_word' id='word_1_728' title='bbox 936 5719 1092 5789; x_wconf 81' lang='grc' dir='ltr'>ὦπας</span> <span class='ocrx_word' id='word_1_729' title='bbox 1134 5726 1195 5781; x_wconf 90' lang='grc' dir='ltr'><strong>Β.</strong></span> <span class='ocrx_word' id='word_1_730' title='bbox 1271 5726 1317 5758; x_wconf 75' lang='grc'><strong>⁸⁸</strong></span> <span class='ocrx_word' id='word_1_731' title='bbox 1360 5719 1533 5794; x_wconf 72' lang='grc' dir='ltr'>λυόπη</span> <span class='ocrx_word' id='word_1_732' title='bbox 1558 5724 1620 5777; x_wconf 85' lang='grc' dir='ltr'><strong>Β.</strong></span> 
     </span>
    </p>
   </div>
   <div class='ocr_carea' id='block_1_95' title="bbox 1434 5652 2119 5723">
    <p class='ocr_par' dir='ltr' id='par_1_95' title="bbox 1434 5652 2107 5723">
     <span class='ocr_line' id='line_1_96' title="bbox 1434 5652 2107 5723; baseline 0.004 -16"><span class='ocrx_word' id='word_1_733' title='bbox 1434 5655 1723 5723; x_wconf 83' lang='lat' dir='ltr'><strong>qni&#39;habet</strong></span> <span class='ocrx_word' id='word_1_734' title='bbox 1751 5655 1860 5707; x_wconf 87' lang='grc' dir='ltr'><strong>ἀπό</strong></span> <span class='ocrx_word' id='word_1_735' title='bbox 1891 5670 1988 5721; x_wconf 85' lang='lat' dir='ltr'><strong>pro</strong></span> <span class='ocrx_word' id='word_1_736' title='bbox 2011 5652 2107 5710; x_wconf 79' lang='grc' dir='ltr'>οὖν</span> 
     </span>
    </p>
   </div>
   <div class='ocr_carea' id='block_1_96' title="bbox 2221 5652 3800 5723">
    <p class='ocr_par' dir='ltr' id='par_1_96' title="bbox 2275 5652 3800 5723">
     <span class='ocr_line' id='line_1_97' title="bbox 2275 5652 3800 5723; baseline 0.003 -21"><span class='ocrx_word' id='word_1_737' title='bbox 2275 5652 2284 5655; x_wconf 60' lang='grc'>⁷</span> <span class='ocrx_word' id='word_1_738' title='bbox 2330 5657 2374 5689; x_wconf 61' lang='grc'><strong>⁸⁷</strong></span> <span class='ocrx_word' id='word_1_739' title='bbox 2415 5657 2539 5723; x_wconf 66' lang='lat' dir='ltr'><strong>hazc</strong></span> <span class='ocrx_word' id='word_1_740' title='bbox 2577 5670 2686 5710; x_wconf 91' lang='lat' dir='ltr'><strong>om.</strong></span> <span class='ocrx_word' id='word_1_741' title='bbox 2724 5656 2788 5708; x_wconf 78' lang='grc' dir='ltr'>Α.</span> <span class='ocrx_word' id='word_1_742' title='bbox 2848 5652 3247 5723; x_wconf 76' lang='grc' dir='ltr'>ὲστεριγμένης</span> <span class='ocrx_word' id='word_1_743' title='bbox 3303 5655 3345 5708; x_wconf 87' lang='grc' dir='ltr'>Ρ</span> <span class='ocrx_word' id='word_1_744' title='bbox 3380 5654 3527 5723; x_wconf 85' lang='grc' dir='ltr'>λύπη</span> <span class='ocrx_word' id='word_1_745' title='bbox 3580 5669 3693 5707; x_wconf 88' lang='lat' dir='ltr'><strong>om.</strong></span> <span class='ocrx_word' id='word_1_746' title='bbox 3728 5655 3800 5722; x_wconf 85' lang='lat' dir='ltr'><strong>P,</strong></span> 
     </span>
    </p>
   </div>
   <div class='ocr_carea' id='block_1_97' title="bbox 1725 5720 3800 5791">
    <p class='ocr_par' dir='ltr' id='par_1_97' title="bbox 1725 5720 3800 5791">
     <span class='ocr_line' id='line_1_98' title="bbox 1725 5720 3800 5791; baseline 0 -13"><span class='ocrx_word' id='word_1_747' title='bbox 1725 5725 1772 5755; x_wconf 76' lang='grc' dir='ltr'><strong>⁸ο</strong></span> <span class='ocrx_word' id='word_1_748' title='bbox 1801 5726 2089 5779; x_wconf 86' lang='grc' dir='ltr'>τίδάκνιον</span> <span class='ocrx_word' id='word_1_749' title='bbox 2133 5727 2185 5779; x_wconf 90' lang='grc' dir='ltr'><strong>τί</strong></span> <span class='ocrx_word' id='word_1_750' title='bbox 2217 5728 2333 5780; x_wconf 75' lang='grc' dir='ltr'>ἐστι</span> <span class='ocrx_word' id='word_1_751' title='bbox 2376 5727 2442 5789; x_wconf 84' lang='grc' dir='ltr'>Δ,</span> <span class='ocrx_word' id='word_1_752' title='bbox 2469 5720 2596 5789; x_wconf 65' lang='grc' dir='ltr'>τοῖον</span> <span class='ocrx_word' id='word_1_753' title='bbox 2648 5724 2879 5779; x_wconf 87' lang='grc' dir='ltr'>δάκνυον</span> <span class='ocrx_word' id='word_1_754' title='bbox 2925 5720 3130 5791; x_wconf 67' lang='grc' dir='ltr'>ἐστι’Β,</span> <span class='ocrx_word' id='word_1_755' title='bbox 3167 5720 3280 5780; x_wconf 80' lang='grc' dir='ltr'>οἷόν</span> <span class='ocrx_word' id='word_1_756' title='bbox 3304 5741 3357 5778; x_wconf 88' lang='grc' dir='ltr'><strong>τι</strong></span> <span class='ocrx_word' id='word_1_757' title='bbox 3394 5720 3630 5778; x_wconf 83' lang='grc' dir='ltr'>δάκνυον</span> <span class='ocrx_word' id='word_1_758' title='bbox 3651 5724 3699 5777; x_wconf 75' lang='lat' dir='ltr'><strong><em>C</em></strong></span> <span class='ocrx_word' id='word_1_759' title='bbox 3725 5720 3800 5779; x_wconf 63' lang='grc' dir='ltr'><strong>Ρ.</strong></span> 
     </span>
    </p>
   </div>
   <div class='ocr_carea' id='block_1_98' title="bbox 2296 4391 3801 4469">
    <p class='ocr_par' dir='ltr' id='par_1_98' title="bbox 2296 4391 3801 4469">
     <span class='ocr_line' id='line_1_99' title="bbox 2296 4391 3801 4469; baseline -0.007 -15"><span class='ocrx_word' id='word_1_760' title='bbox 2296 4399 2391 4454; x_wconf 84' lang='grc' dir='ltr'>Ἐκ</span> <span class='ocrx_word' id='word_1_761' title='bbox 2411 4399 2467 4453; x_wconf 74' lang='grc' dir='ltr'>δὲ</span> <span class='ocrx_word' id='word_1_762' title='bbox 2494 4398 2597 4469; x_wconf 84' lang='grc' dir='ltr'>τῆς</span> <span class='ocrx_word' id='word_1_763' title='bbox 2623 4395 2922 4469; x_wconf 82' lang='grc' dir='ltr'>εἰρημένης</span> <span class='ocrx_word' id='word_1_764' title='bbox 2941 4396 3053 4449; x_wconf 89' lang='grc' dir='ltr'><strong>τῶν</strong></span> <span class='ocrx_word' id='word_1_765' title='bbox 3085 4395 3409 4466; x_wconf 87' lang='grc' dir='ltr'>σπλάγχνων</span> <span class='ocrx_word' id='word_1_766' title='bbox 3433 4391 3801 4464; x_wconf 78' lang='grc' dir='ltr'>στενοχωρίας</span> 
     </span>
    </p>
   </div>
   <div class='ocr_carea' id='block_1_99' title="bbox 2214 4484 3801 4563">
    <p class='ocr_par' dir='ltr' id='par_1_99' title="bbox 2214 4484 3801 4563">
     <span class='ocr_line' id='line_1_100' title="bbox 2214 4484 3801 4563; baseline -0.006 -16"><span class='ocrx_word' id='word_1_767' title='bbox 2214 4492 2439 4563; x_wconf 80' lang='grc' dir='ltr'>καὶτῆς</span> <span class='ocrx_word' id='word_1_768' title='bbox 2487 4490 2691 4562; x_wconf 74' lang='grc' dir='ltr'>πολλῆς</span> <span class='ocrx_word' id='word_1_769' title='bbox 2737 4487 3193 4559; x_wconf 84' lang='grc' dir='ltr'>ἀναθυμιάσεως,</span> <span class='ocrx_word' id='word_1_770' title='bbox 3229 4487 3326 4540; x_wconf 78' lang='grc' dir='ltr'>καὶ</span> <span class='ocrx_word' id='word_1_771' title='bbox 3374 4484 3486 4540; x_wconf 88' lang='grc' dir='ltr'><strong>τῶν</strong></span> <span class='ocrx_word' id='word_1_772' title='bbox 3516 4487 3801 4541; x_wconf 72' lang='grc' dir='ltr'>ἀνάπνευ-</span> 
     </span>
    </p>
   </div>
   <div class='ocr_carea' id='block_1_100' title="bbox 2215 4575 3801 4653">
    <p class='ocr_par' dir='ltr' id='par_1_100' title="bbox 2215 4575 3801 4653">
     <span class='ocr_line' id='line_1_101' title="bbox 2215 4575 3801 4653; baseline -0.006 -15"><span class='ocrx_word' id='word_1_773' title='bbox 2215 4583 2417 4638; x_wconf 87' lang='grc' dir='ltr'>στικῶν</span> <span class='ocrx_word' id='word_1_774' title='bbox 2489 4580 3018 4653; x_wconf 87' lang='grc' dir='ltr'>στενοχωρουμένων</span> <span class='ocrx_word' id='word_1_775' title='bbox 3071 4579 3322 4650; x_wconf 87' lang='grc' dir='ltr'>ὀργάνων</span> <span class='ocrx_word' id='word_1_776' title='bbox 3362 4578 3409 4612; x_wconf 80' lang='grc'><strong>⁸⁸</strong></span> <span class='ocrx_word' id='word_1_777' title='bbox 3433 4619 3451 4646; x_wconf 96' lang='grc'><strong>,</strong></span> <span class='ocrx_word' id='word_1_778' title='bbox 3515 4575 3801 4648; x_wconf 83' lang='grc' dir='ltr'>βιαιοτέρα</span> 
     </span>
    </p>
   </div>
   <div class='ocr_carea' id='block_1_101' title="bbox 2212 4666 3800 4746">
    <p class='ocr_par' dir='ltr' id='par_1_101' title="bbox 2212 4666 3800 4746">
     <span class='ocr_line' id='line_1_102' title="bbox 2212 4666 3800 4746; baseline -0.006 -16"><span class='ocrx_word' id='word_1_779' title='bbox 2212 4676 2475 4739; x_wconf 83' lang='grc' dir='ltr'>πολλάκις</span> <span class='ocrx_word' id='word_1_780' title='bbox 2506 4675 2540 4746; x_wconf 76' lang='grc' dir='ltr'><strong>ἡ</strong></span> <span class='ocrx_word' id='word_1_781' title='bbox 2573 4673 2709 4745; x_wconf 83' lang='grc' dir='ltr'>ὁλκὴ</span> <span class='ocrx_word' id='word_1_782' title='bbox 2735 4672 2829 4727; x_wconf 82' lang='grc' dir='ltr'>τοῦ</span> <span class='ocrx_word' id='word_1_783' title='bbox 2885 4671 3201 4743; x_wconf 83' lang='grc' dir='ltr'>πνεύματος</span> <span class='ocrx_word' id='word_1_784' title='bbox 3252 4670 3505 4740; x_wconf 81' lang='grc' dir='ltr'>γίνεται,</span> <span class='ocrx_word' id='word_1_785' title='bbox 3554 4667 3663 4723; x_wconf 75' lang='grc' dir='ltr'><strong>ὑπὸ</strong></span> <span class='ocrx_word' id='word_1_786' title='bbox 3693 4666 3800 4738; x_wconf 85' lang='grc' dir='ltr'>τῆς</span> 
     </span>
    </p>
   </div>
   <div class='ocr_carea' id='block_1_102' title="bbox 2211 4759 3800 4839">
    <p class='ocr_par' dir='ltr' id='par_1_102' title="bbox 2211 4759 3800 4839">
     <span class='ocr_line' id='line_1_103' title="bbox 2211 4759 3800 4839; baseline -0.006 -17"><span class='ocrx_word' id='word_1_787' title='bbox 2211 4769 2429 4839; x_wconf 80' lang='grc' dir='ltr'>φύσεως</span> <span class='ocrx_word' id='word_1_788' title='bbox 2461 4767 2597 4838; x_wconf 83' lang='grc' dir='ltr'>πρὸς</span> <span class='ocrx_word' id='word_1_789' title='bbox 2627 4766 2728 4837; x_wconf 81' lang='grc' dir='ltr'>τὴν</span> <span class='ocrx_word' id='word_1_790' title='bbox 2778 4764 2890 4820; x_wconf 89' lang='grc' dir='ltr'><strong>τῶν</strong></span> <span class='ocrx_word' id='word_1_791' title='bbox 2925 4763 3409 4836; x_wconf 87' lang='grc' dir='ltr'>συμπεπτωκότων</span> <span class='ocrx_word' id='word_1_792' title='bbox 3428 4764 3473 4796; x_wconf 77' lang='grc'><strong>⁵³</strong></span> <span class='ocrx_word' id='word_1_793' title='bbox 3505 4759 3800 4833; x_wconf 85' lang='grc' dir='ltr'>διαστολὴν</span> 
     </span>
    </p>
   </div>
   <div class='ocr_carea' id='block_1_103' title="bbox 2205 4851 3801 4929">
    <p class='ocr_par' dir='ltr' id='par_1_103' title="bbox 2205 4851 3801 4929">
     <span class='ocr_line' id='line_1_104' title="bbox 2205 4851 3801 4929; baseline -0.004 -18"><span class='ocrx_word' id='word_1_794' title='bbox 2205 4859 2268 4911; x_wconf 75' lang='grc' dir='ltr'><strong>τὸ</strong></span> <span class='ocrx_word' id='word_1_795' title='bbox 2313 4857 2590 4912; x_wconf 82' lang='grc' dir='ltr'>στενωθὲν</span> <span class='ocrx_word' id='word_1_796' title='bbox 2618 4854 2977 4929; x_wconf 88' lang='grc' dir='ltr'>εύρυνούσης.</span> <span class='ocrx_word' id='word_1_797' title='bbox 3007 4854 3082 4909; x_wconf 76' lang='grc' dir='ltr'>Τὸ</span> <span class='ocrx_word' id='word_1_798' title='bbox 3108 4854 3166 4910; x_wconf 79' lang='grc' dir='ltr'>δὲ</span> <span class='ocrx_word' id='word_1_799' title='bbox 3195 4852 3440 4908; x_wconf 81' lang='grc' dir='ltr'>τοιοῦτον</span> <span class='ocrx_word' id='word_1_800' title='bbox 3472 4851 3801 4924; x_wconf 86' lang='grc' dir='ltr'>σύμπτωμα</span> 
     </span>
    </p>
   </div>
   <div class='ocr_carea' id='block_1_104' title="bbox 2206 4943 3799 5022">
    <p class='ocr_par' dir='ltr' id='par_1_104' title="bbox 2206 4943 3799 5022">
     <span class='ocr_line' id='line_1_105' title="bbox 2206 4943 3799 5022; baseline -0.004 -19"><span class='ocrx_word' id='word_1_801' title='bbox 2206 4949 2387 5022; x_wconf 87' lang='grc' dir='ltr'>λύπης</span> <span class='ocrx_word' id='word_1_802' title='bbox 2416 4948 2535 5003; x_wconf 82' lang='grc' dir='ltr'>ὲστί</span> <span class='ocrx_word' id='word_1_803' title='bbox 2559 4966 2574 4982; x_wconf 80' lang='grc' dir='ltr'><strong><em>ο</em></strong></span> <span class='ocrx_word' id='word_1_804' title='bbox 2611 4949 2696 5003; x_wconf 81' lang='grc' dir='ltr'>διὸ</span> <span class='ocrx_word' id='word_1_805' title='bbox 2727 4947 3034 5020; x_wconf 77' lang='grc' dir='ltr'>στεναγμὸν</span> <span class='ocrx_word' id='word_1_806' title='bbox 3070 4946 3205 5002; x_wconf 76' lang='grc' dir='ltr'>αὐτὸ</span> <span class='ocrx_word' id='word_1_807' title='bbox 3248 4946 3346 5001; x_wconf 61' lang='grc' dir='ltr'><strong>καὶ⁵</strong></span> <span class='ocrx_word' id='word_1_808' title='bbox 3377 4943 3725 5015; x_wconf 84' lang='grc' dir='ltr'>ἀποπιεσμὸν</span> <span class='ocrx_word' id='word_1_809' title='bbox 3751 4943 3799 4976; x_wconf 78' lang='grc' dir='ltr'><strong>⁸ο</strong></span> 
     </span>
    </p>
   </div>
   <div class='ocr_carea' id='block_1_105' title="bbox 2204 5034 3796 5115">
    <p class='ocr_par' dir='ltr' id='par_1_105' title="bbox 2204 5034 3796 5115">
     <span class='ocr_line' id='line_1_106' title="bbox 2204 5034 3796 5115; baseline -0.003 -19"><span class='ocrx_word' id='word_1_810' title='bbox 2204 5042 2569 5115; x_wconf 84' lang='grc' dir='ltr'>ὀνομάζομεν.</span> <span class='ocrx_word' id='word_1_811' title='bbox 2614 5043 2942 5099; x_wconf 81' lang='grc' dir='ltr'>’Δνακτᾶται</span> <span class='ocrx_word' id='word_1_812' title='bbox 2969 5040 3078 5111; x_wconf 81' lang='grc' dir='ltr'><strong>γὰρ</strong></span> <span class='ocrx_word' id='word_1_813' title='bbox 3099 5042 3158 5094; x_wconf 79' lang='grc' dir='ltr'>ὲν</span> <span class='ocrx_word' id='word_1_814' title='bbox 3184 5040 3362 5112; x_wconf 86' lang='grc' dir='ltr'>τούτῳ</span> <span class='ocrx_word' id='word_1_815' title='bbox 3381 5038 3462 5109; x_wconf 84' lang='grc' dir='ltr'>τῷ</span> <span class='ocrx_word' id='word_1_816' title='bbox 3496 5034 3796 5108; x_wconf 85' lang='grc' dir='ltr'>στεναγμῷ</span> 
     </span>
    </p>
   </div>
   <div class='ocr_carea' id='block_1_106' title="bbox 2203 5128 3794 5207">
    <p class='ocr_par' dir='ltr' id='par_1_106' title="bbox 2203 5128 3794 5207">
     <span class='ocr_line' id='line_1_107' title="bbox 2203 5128 3794 5207; baseline -0.003 -20"><span class='ocrx_word' id='word_1_817' title='bbox 2203 5129 2315 5187; x_wconf 77' lang='grc' dir='ltr'>οἷον</span> <span class='ocrx_word' id='word_1_818' title='bbox 2344 5134 2545 5205; x_wconf 78' lang='grc' dir='ltr'>ἑαυτὴν</span> <span class='ocrx_word' id='word_1_819' title='bbox 2575 5136 2608 5205; x_wconf 78' lang='grc' dir='ltr'><strong>ἡ</strong></span> <span class='ocrx_word' id='word_1_820' title='bbox 2646 5133 2817 5207; x_wconf 78' lang='grc' dir='ltr'>ψυχὴ,</span> <span class='ocrx_word' id='word_1_821' title='bbox 2861 5136 2929 5205; x_wconf 81' lang='grc' dir='ltr'>τῇ</span> <span class='ocrx_word' id='word_1_822' title='bbox 2967 5132 3258 5205; x_wconf 86' lang='grc' dir='ltr'>ἀποκρίσει</span> <span class='ocrx_word' id='word_1_823' title='bbox 3281 5131 3383 5203; x_wconf 88' lang='grc' dir='ltr'>τῆς</span> <span class='ocrx_word' id='word_1_824' title='bbox 3416 5128 3794 5203; x_wconf 85' lang='grc' dir='ltr'>παχυνθείσης</span> 
     </span>
    </p>
   </div>
   <div class='ocr_carea' id='block_1_107' title="bbox 2203 5222 3794 5300">
    <p class='ocr_par' dir='ltr' id='par_1_107' title="bbox 2203 5222 3794 5300">
     <span class='ocr_line' id='line_1_108' title="bbox 2203 5222 3794 5300; baseline -0.002 -20"><span class='ocrx_word' id='word_1_825' title='bbox 2203 5228 2262 5280; x_wconf 81' lang='grc' dir='ltr'>ὲν</span> <span class='ocrx_word' id='word_1_826' title='bbox 2287 5230 2354 5299; x_wconf 80' lang='grc' dir='ltr'><strong>τῇ</strong></span> <span class='ocrx_word' id='word_1_827' title='bbox 2388 5227 2587 5300; x_wconf 79' lang='grc' dir='ltr'>καρδίᾳ</span> <span class='ocrx_word' id='word_1_828' title='bbox 2608 5226 2698 5281; x_wconf 82' lang='grc' dir='ltr'>διὰ</span> <span class='ocrx_word' id='word_1_829' title='bbox 2720 5227 2821 5298; x_wconf 81' lang='grc' dir='ltr'>τῆς</span> <span class='ocrx_word' id='word_1_830' title='bbox 2854 5225 3035 5297; x_wconf 81' lang='grc' dir='ltr'>λύπης</span> <span class='ocrx_word' id='word_1_831' title='bbox 3057 5226 3100 5259; x_wconf 80' lang='grc'><strong>⁶¹</strong></span> <span class='ocrx_word' id='word_1_832' title='bbox 3140 5225 3371 5298; x_wconf 86' lang='grc' dir='ltr'>αἱθάλης</span> <span class='ocrx_word' id='word_1_833' title='bbox 3392 5266 3408 5292; x_wconf 93' lang='grc'><strong>,</strong></span> <span class='ocrx_word' id='word_1_834' title='bbox 3438 5224 3537 5280; x_wconf 75' lang='grc' dir='ltr'>καὶ</span> <span class='ocrx_word' id='word_1_835' title='bbox 3567 5226 3635 5296; x_wconf 82' lang='grc' dir='ltr'>τῇ</span> <span class='ocrx_word' id='word_1_836' title='bbox 3668 5222 3794 5277; x_wconf 79' lang='grc' dir='ltr'>ἀντ-</span> 
     </span>
    </p>
   </div>
   <div class='ocr_carea' id='block_1_108' title="bbox 2322 5442 3801 5585">
    <p class='ocr_par' dir='ltr' id='par_1_108' title="bbox 2322 5442 3801 5585">
     <span class='ocr_line' id='line_1_109' title="bbox 2322 5442 3794 5517; baseline 0 -18"><span class='ocrx_word' id='word_1_837' title='bbox 2322 5446 2327 5492; x_wconf 77' lang='lat' dir='ltr'><strong>i</strong></span> <span class='ocrx_word' id='word_1_838' title='bbox 2378 5445 2682 5517; x_wconf 86' lang='grc' dir='ltr'>κάμνοντος</span> <span class='ocrx_word' id='word_1_839' title='bbox 2719 5459 2831 5500; x_wconf 90' lang='lat' dir='ltr'><strong>om.</strong></span> <span class='ocrx_word' id='word_1_840' title='bbox 2859 5445 2921 5497; x_wconf 94' lang='grc' dir='ltr'><strong>Β.</strong></span> <span class='ocrx_word' id='word_1_841' title='bbox 3000 5445 3046 5478; x_wconf 89' lang='grc'><strong>³⁷</strong></span> <span class='ocrx_word' id='word_1_842' title='bbox 3084 5444 3135 5497; x_wconf 90' lang='grc' dir='ltr'><strong>λ.</strong></span> <span class='ocrx_word' id='word_1_843' title='bbox 3170 5443 3225 5496; x_wconf 81' lang='grc' dir='ltr'>δὲ</span> <span class='ocrx_word' id='word_1_844' title='bbox 3260 5443 3354 5497; x_wconf 77' lang='grc' dir='ltr'>καὶ</span> <span class='ocrx_word' id='word_1_845' title='bbox 3397 5462 3450 5513; x_wconf 82' lang='grc' dir='ltr'>χ.</span> <span class='ocrx_word' id='word_1_846' title='bbox 3492 5458 3604 5499; x_wconf 89' lang='lat' dir='ltr'><strong>om.</strong></span> <span class='ocrx_word' id='word_1_847' title='bbox 3652 5443 3694 5495; x_wconf 92' lang='grc' dir='ltr'><strong>Β</strong></span> <span class='ocrx_word' id='word_1_848' title='bbox 3728 5442 3794 5499; x_wconf 88' lang='lat' dir='ltr'><strong>C.</strong></span> 
     </span>
     <span class='ocr_line' id='line_1_110' title="bbox 2322 5512 3801 5585; baseline -0.001 -17"><span class='ocrx_word' id='word_1_849' title='bbox 2322 5516 2368 5548; x_wconf 77' lang='grc' dir='ltr'><strong>ὀ</strong></span> <span class='ocrx_word' id='word_1_850' title='bbox 2409 5513 2871 5585; x_wconf 84' lang='grc' dir='ltr'>ὲνευθηνούμενος</span> <span class='ocrx_word' id='word_1_851' title='bbox 2903 5516 2963 5568; x_wconf 92' lang='grc' dir='ltr'><strong>Β.</strong></span> <span class='ocrx_word' id='word_1_852' title='bbox 2996 5512 3391 5581; x_wconf 85' lang='grc' dir='ltr'>εὐθυνούμενος</span> <span class='ocrx_word' id='word_1_853' title='bbox 3423 5514 3485 5569; x_wconf 84' lang='lat' dir='ltr'><strong>C.</strong></span> <span class='ocrx_word' id='word_1_854' title='bbox 3556 5514 3598 5546; x_wconf 76' lang='lat'>“</span> <span class='ocrx_word' id='word_1_855' title='bbox 3641 5514 3801 5584; x_wconf 80' lang='grc' dir='ltr'>αὐτῷ</span> 
     </span>
    </p>
   </div>
   <div class='ocr_carea' id='block_1_109' title="bbox 2330 5654 3772 5742">
    <p class='ocr_par' dir='ltr' id='par_1_109' title="bbox 2330 5654 3772 5742">
     <span class='ocr_line' id='line_1_111' title="bbox 2330 5654 3772 5742; baseline -0.003 -31"><span class='ocrx_word' id='word_1_856' title='bbox 2330 5657 2540 5742; x_wconf 46' lang='lat' dir='ltr'><strong>&quot;.hazt;</strong></span> <span class='ocrx_word' id='word_1_857' title='bbox 2577 5656 2809 5742; x_wconf 11' lang='lat' dir='ltr'><strong>omoaA.’</strong></span> <span class='ocrx_word' id='word_1_858' title='bbox 2848 5654 3247 5742; x_wconf 62' lang='grc' dir='ltr'>ὲστεριγμένης</span> <span class='ocrx_word' id='word_1_859' title='bbox 3303 5655 3351 5742; x_wconf 88' lang='grc' dir='ltr'><strong>Ρ</strong></span> <span class='ocrx_word' id='word_1_860' title='bbox 3380 5654 3527 5742; x_wconf 33' lang='grc' dir='ltr'>λὲύνπη</span> <span class='ocrx_word' id='word_1_861' title='bbox 3578 5669 3697 5742; x_wconf 55' lang='lat' dir='ltr'><strong>oin:</strong></span> <span class='ocrx_word' id='word_1_862' title='bbox 3728 5655 3772 5742; x_wconf 62' lang='grc' dir='ltr'>Ξ</span> 
     </span>
    </p>
   </div>
   <div class='ocr_carea' id='block_1_110' title="bbox 515 5793 3800 5868">
    <p class='ocr_par' dir='ltr' id='par_1_110' title="bbox 515 5793 3800 5868">
     <span class='ocr_line' id='line_1_112' title="bbox 515 5793 3800 5868; baseline -0.002 -17"><span class='ocrx_word' id='word_1_863' title='bbox 515 5797 558 5868; x_wconf 56' lang='lat' dir='ltr'><strong>f‘</strong></span> <span class='ocrx_word' id='word_1_864' title='bbox 583 5796 940 5868; x_wconf 81' lang='grc' dir='ltr'>δακνωμένης</span> <span class='ocrx_word' id='word_1_865' title='bbox 963 5797 1029 5851; x_wconf 82' lang='grc' dir='ltr'>Α.</span> <span class='ocrx_word' id='word_1_866' title='bbox 1075 5794 1152 5868; x_wconf 78' lang='lat'><strong>_&quot;</strong></span> <span class='ocrx_word' id='word_1_867' title='bbox 1183 5796 1409 5868; x_wconf 82' lang='grc' dir='ltr'>καρδίας</span> <span class='ocrx_word' id='word_1_868' title='bbox 1508 5793 1637 5868; x_wconf 53' lang='lat' dir='ltr'><strong>QP.</strong></span> <span class='ocrx_word' id='word_1_869' title='bbox 1798 5796 1889 5868; x_wconf 66' lang='grc' dir='ltr'>τὸν</span> <span class='ocrx_word' id='word_1_870' title='bbox 1921 5796 2211 5868; x_wconf 82' lang='grc' dir='ltr'>ἄνθρωπον</span> <span class='ocrx_word' id='word_1_871' title='bbox 2250 5798 2310 5851; x_wconf 85' lang='grc' dir='ltr'><strong>Β.</strong></span> <span class='ocrx_word' id='word_1_872' title='bbox 2386 5796 2433 5828; x_wconf 68' lang='grc'><strong>⁸⁵</strong></span> <span class='ocrx_word' id='word_1_873' title='bbox 2457 5797 2568 5849; x_wconf 88' lang='grc' dir='ltr'><strong>τῶν</strong></span> <span class='ocrx_word' id='word_1_874' title='bbox 2607 5794 2733 5868; x_wconf 75' lang='grc' dir='ltr'>ὀφθ.</span> <span class='ocrx_word' id='word_1_875' title='bbox 2766 5795 2807 5847; x_wconf 92' lang='grc' dir='ltr'><strong>Β</strong></span> <span class='ocrx_word' id='word_1_876' title='bbox 2831 5796 2872 5868; x_wconf 69' lang='grc' dir='ltr'><strong>ρ</strong></span> <span class='ocrx_word' id='word_1_877' title='bbox 2906 5797 2970 5849; x_wconf 88' lang='grc' dir='ltr'><strong>Ρ.</strong></span> <span class='ocrx_word' id='word_1_878' title='bbox 3045 5795 3416 5868; x_wconf 16' lang='grc' dir='ltr'><strong>ΙΝ’ξιίιὸουλίτου</strong></span> <span class='ocrx_word' id='word_1_879' title='bbox 3442 5795 3505 5850; x_wconf 88' lang='lat' dir='ltr'><strong>C.</strong></span> <span class='ocrx_word' id='word_1_880' title='bbox 3567 5794 3629 5868; x_wconf 29' lang='lat' dir='ltr'><strong>A“</strong></span> <span class='ocrx_word' id='word_1_881' title='bbox 3658 5793 3800 5867; x_wconf 79' lang='grc' dir='ltr'>δόξη</span> 
     </span>
    </p>
   </div>
   <div class='ocr_carea' id='block_1_111' title="bbox 515 5864 1619 5936">
    <p class='ocr_par' dir='ltr' id='par_1_111' title="bbox 515 5864 1619 5936">
     <span class='ocr_line' id='line_1_113' title="bbox 515 5864 1619 5936; baseline 0 -18"><span class='ocrx_word' id='word_1_882' title='bbox 515 5866 577 5919; x_wconf 81' lang='grc' dir='ltr'><strong>Β.</strong></span> <span class='ocrx_word' id='word_1_883' title='bbox 668 5867 712 5898; x_wconf 82' lang='grc'><strong>⁸⁷</strong></span> <span class='ocrx_word' id='word_1_884' title='bbox 753 5864 814 5920; x_wconf 76' lang='grc' dir='ltr'>τὸ</span> <span class='ocrx_word' id='word_1_885' title='bbox 847 5864 1023 5936; x_wconf 84' lang='grc' dir='ltr'>πάχος</span> <span class='ocrx_word' id='word_1_886' title='bbox 1074 5865 1138 5919; x_wconf 89' lang='grc' dir='ltr'><strong>Β.</strong></span> <span class='ocrx_word' id='word_1_887' title='bbox 1170 5864 1295 5921; x_wconf 67' lang='lat' dir='ltr'><strong>mox</strong></span> <span class='ocrx_word' id='word_1_888' title='bbox 1348 5864 1619 5936; x_wconf 80' lang='grc' dir='ltr'>διαλυθέν.</span> 
     </span>
    </p>
   </div>
   <div class='ocr_carea' id='block_1_112' title="bbox 1720 5864 3794 5987">
    <p class='ocr_par' dir='ltr' id='par_1_112' title="bbox 1720 5864 3794 5987">
     <span class='ocr_line' id='line_1_114' title="bbox 1720 5864 3794 5987; baseline 0 -69"><span class='ocrx_word' id='word_1_889' title='bbox 1720 5865 1766 5897; x_wconf 73' lang='grc'><strong>⁸⁸</strong></span> <span class='ocrx_word' id='word_1_890' title='bbox 1797 5866 1867 5920; x_wconf 87' lang='grc' dir='ltr'><strong>τά</strong></span> <span class='ocrx_word' id='word_1_891' title='bbox 1886 5864 2297 5921; x_wconf 73' lang='grc' dir='ltr'>ἀναπένευστικά</span> <span class='ocrx_word' id='word_1_892' title='bbox 2329 5865 2809 5987; x_wconf 54' lang='grc' dir='ltr'>στενοχωρούμενα</span> <span class='ocrx_word' id='word_1_893' title='bbox 2840 5864 3050 5937; x_wconf 77' lang='grc' dir='ltr'>ὄργανα</span> <span class='ocrx_word' id='word_1_894' title='bbox 3103 5865 3161 5921; x_wconf 84' lang='grc' dir='ltr'><strong>Β.</strong></span> <span class='ocrx_word' id='word_1_895' title='bbox 3231 5867 3277 5900; x_wconf 83' lang='grc'><strong>⁹⁹</strong></span> <span class='ocrx_word' id='word_1_896' title='bbox 3318 5864 3691 5920; x_wconf 77' lang='grc' dir='ltr'>πεπτωκότων</span> <span class='ocrx_word' id='word_1_897' title='bbox 3722 5864 3794 5919; x_wconf 68' lang='grc' dir='ltr'>Α.</span> 
     </span>
     <span class='ocr_line' id='line_1_115' title="bbox 1720 5934 2731 5987; baseline 0 0"><span class='ocrx_word' id='word_1_898' title='bbox 1720 5936 1750 5987; x_wconf 75' lang='grc'>5.</span> <span class='ocrx_word' id='word_1_899' title='bbox 1788 5953 1836 5987; x_wconf 87' lang='grc' dir='ltr'><strong>ν.</strong></span> <span class='ocrx_word' id='word_1_900' title='bbox 1870 5936 2049 5987; x_wconf 76' lang='grc' dir='ltr'>λύπης</span> <span class='ocrx_word' id='word_1_901' title='bbox 2072 5953 2182 5987; x_wconf 86' lang='grc' dir='ltr'>οιη.</span> <span class='ocrx_word' id='word_1_902' title='bbox 2221 5939 2278 5987; x_wconf 87' lang='grc' dir='ltr'><strong>Β.</strong></span> <span class='ocrx_word' id='word_1_903' title='bbox 2313 5934 2418 5987; x_wconf 70' lang='grc' dir='ltr'>ὑπὸ</span> <span class='ocrx_word' id='word_1_904' title='bbox 2452 5953 2502 5987; x_wconf 89' lang='grc' dir='ltr'><strong>τ.</strong></span> <span class='ocrx_word' id='word_1_905' title='bbox 2535 5935 2646 5987; x_wconf 73' lang='grc' dir='ltr'>λ.(ἷ</span> <span class='ocrx_word' id='word_1_906' title='bbox 2714 5974 2731 5987; x_wconf 90' lang='grc'><strong>.</strong></span> 
     </span>
    </p>
   </div>
   <div class='ocr_carea' id='block_1_113' title="bbox 514 5934 2646 6008">
    <p class='ocr_par' dir='ltr' id='par_1_113' title="bbox 514 5934 2646 6008">
     <span class='ocr_line' id='line_1_116' title="bbox 514 5934 2646 6008; baseline -0.001 -16"><span class='ocrx_word' id='word_1_907' title='bbox 514 5937 560 5970; x_wconf 79' lang='grc'><strong>⁸⁸</strong></span> <span class='ocrx_word' id='word_1_908' title='bbox 588 5934 1007 6008; x_wconf 70' lang='grc' dir='ltr'>ποτνιατμὸνᾹ,</span> <span class='ocrx_word' id='word_1_909' title='bbox 1042 5935 1452 6004; x_wconf 69' lang='grc' dir='ltr'>ἀποπνειασμὸν</span> <span class='ocrx_word' id='word_1_910' title='bbox 1487 5935 1548 5989; x_wconf 80' lang='grc' dir='ltr'><strong>Β.</strong></span> <span class='ocrx_word' id='word_1_911' title='bbox 1624 5934 1664 5966; x_wconf 84' lang='grc'><strong>⁶¹</strong></span> <span class='ocrx_word' id='word_1_912' title='bbox 1703 5934 1750 5987; x_wconf 87' lang='grc' dir='ltr'><strong>δ.</strong></span> <span class='ocrx_word' id='word_1_913' title='bbox 1788 5953 1836 5989; x_wconf 92' lang='grc' dir='ltr'><strong>ν.</strong></span> <span class='ocrx_word' id='word_1_914' title='bbox 1870 5936 2049 6008; x_wconf 83' lang='grc' dir='ltr'>λύπης</span> <span class='ocrx_word' id='word_1_915' title='bbox 2072 5953 2182 5994; x_wconf 88' lang='grc' dir='ltr'>οιη.</span> <span class='ocrx_word' id='word_1_916' title='bbox 2221 5939 2278 5991; x_wconf 89' lang='grc' dir='ltr'><strong>Β.</strong></span> <span class='ocrx_word' id='word_1_917' title='bbox 2313 5934 2418 5991; x_wconf 68' lang='grc' dir='ltr'>ὑπὸ</span> <span class='ocrx_word' id='word_1_918' title='bbox 2452 5934 2646 5990; x_wconf 62' lang='grc' dir='ltr'>τξλζίῖ</span> 
     </span>
    </p>
   </div>
  </div>
