4138 6470
473 438 617 495 “59
1790 425 2075 483 usti-31'"
2115 423 2431 483 MONACHI
3507 379 3528 400 ’
3623 415 3767 499 me

543 557 641 614 Dei
669 571 798 612 vero
829 556 884 611 in
918 555 1007 612 his
1069 555 1199 611 item
1231 552 1392 611 nobis
1443 561 1530 609 est
1559 550 1824 607 auxilium
1861 551 2059 622 implo—
2090 573 2112 627 λ

2240 549 2436 604 Ἔσται
2463 544 2560 602 καὶ
2603 546 2662 600 ὲν
2702 542 2882 615 τούτῳ
2929 541 2978 576 ⁸⁸
3016 538 3152 612 εὐχὴ
3182 537 3336 612 παρὰ
3377 536 3588 611 Κυρίου
3624 538 3763 592 Θεοῦ

473 650 732 716 randum,
783 666 896 722 quo
943 649 1227 721 proposito
1265 657 1456 704 nostro
1489 648 1546 703 in
1594 647 1789 703 horum
1855 655 2058 702 conatu

2185 641 2263 696 τοῦ
2300 638 2570 712 βοηθῆσαι
2599 638 2735 708 ἡμῖν
2767 636 2882 698 τοῖς
2931 633 3299 704 διανοήμασιν
3346 629 3441 684 ἐπὶ
3488 627 3667 702 ταύτῃ
3694 630 3765 700 τῇ

476 744 798 814 opituletur,
834 758 903 797 ne
962 742 1174 798 scilicet
1216 740 1500 811 sapientiae
1546 739 1667 810 ejus
1697 754 1839 809 opus
1868 740 2062 810 depre-

2185 736 2396 806 τκέψειο
2431 736 2582 799 ὅπως
2618 734 2693 806 μὴ
2724 729 3115 803 πληθυνθῶσιν
3153 730 3210 783 αἱ
3262 726 3478 797 ἀγνοιαί
3512 743 3639 798 μου,
3668 726 3768 780 καὶ

477 836 716 893 hendere
744 843 1028 901 conantes,
1046 834 1115 889 ab
1133 833 1349 888 inscitia
1381 846 1484 888 nos
1511 833 1633 901 plus
1661 832 1835 886 nimio
1855 832 2062 901 impru—

2185 832 2228 886 ιὶ
2260 829 2544 884 ἀσυνεσίαι
2570 846 2675 900 μου
2699 826 3098 888 πλεονάσωσιν,
3126 822 3269 893 ἔργα
3300 819 3496 889 σοφίας
3526 818 3697 873 αὐτοῦ
3717 818 3769 852 ⁸⁸

476 929 773 1000 dentiaquc
832 926 1034 983 irretiri
1078 926 1337 996 patiatur.
1390 923 1697 995 Siquidem,
1752 924 1848 994 qui
1894 938 2063 993 supra

2185 924 2421 992 ἱνάγνως
2448 922 2547 977 καὶ
2584 919 2818 991 ἀμαθῶς
2868 916 3186 987 ἰρευνῶντι.
3223 915 3288 970 Ol
3335 914 3447 984 γὰρ
3475 912 3588 967 τῶν
3626 911 3772 981 ὑπὲρ

478 1022 622 1077 vires
648 1020 925 1091 quidpiam
950 1018 1272 1083 moliuntur,
1306 1017 1361 1073 in
1381 1016 1612 1072 modicis
1638 1016 1805 1071 etiam
1834 1014 2071 1069 frustra-

2185 1015 2402 1086 ῑύναμιν
2430 1014 2710 1084 ἐφιέμενοι
2745 1012 2844 1067 καὶ
2876 1010 2987 1064 τῶν
3022 1008 3262 1082 μετρίων
3295 1006 3770 1077 ἀποτυγχάνουσι.

2171 1108 2322 1179 Πλὴν
2363 1108 2466 1162 οὑκ
2496 1105 2837 1177 ἀποκνητέον
2884 1102 3008 1157 οὐδὲ
3044 1100 3429 1171 ἀπογνωστέον
3452 1099 3554 1170 τῆς
3583 1098 3771 1168 ἐγχειο

2176 1201 2408 1272 ρήσεωςξ
2440 1199 2605 1264 αὐτὸς
2631 1198 2742 1269 γάρ
2757 1198 2915 1256 ,ἐστιν
2935 1196 2965 1249 6
2988 1194 3035 1227 ⁸⁸
3061 1212 3081 1245 ι
3107 1194 3223 1256 Πᾶς
3249 1195 3278 1247 6
3300 1191 3472 1246 αίτῶν
3499 1188 3772 1260 λαμϐάνει

2171 1292 2366 1347 εἰπών·
2394 1292 2494 1347 καὶ
2529 1293 2560 1346 ὀ
2597 1288 2781 1361 ζητῶν
2810 1286 3062 1361 εὑρήσει,
3092 1285 3191 1341 καὶ
3221 1283 3304 1355 τῷ
3331 1280 3589 1355 κρούοντι
3616 1281 3770 1335 ἀνοι-

2171 1388 2425 1459 γήσεται.
2458 1404 2479 1438 ι

477 1114 521 1168 ri
564 1111 759 1169 solent.
821 1110 1327 1176 Vernmenimvero,
1366 1109 1420 1164 in
1454 1110 1559 1164 hoc
1589 1117 1811 1171 conatu,
1839 1106 2068 1162 minime

476 1204 694 1274 quidem
743 1203 989 1274 segnitiae
1008 1202 1315 1258 vacandum
1362 1201 1878 1273 dcsperandumque
1926 1199 2071 1254 vidc-

477 1310 598 1366 tur;
621 1312 749 1353 nam
781 1298 898 1368 ipse
922 1306 1003 1354 est
1034 1297 1130 1369 qui
1154 1297 1270 1353 ait:
1303 1316 1322 1349 ι
1345 1295 1450 1364 Qui
1476 1296 1606 1367 petit
1634 1295 1857 1366 accipit,
1890 1302 1947 1350 et
1969 1292 2064 1365 qui

474 1392 670 1462 quaerit
694 1391 924 1455 invenit,
971 1407 1035 1448 ac
1074 1391 1312 1461 pulsanti
1347 1389 1640 1460 aperietur.
1682 1410 1700 1440 ι

1329 1502 1406 1557 De
1430 1503 1671 1574 partibus
1693 1516 1812 1572 qua
1841 1499 2107 1554 similam:
2135 1496 2593 1565 dissimilaresque
2617 1494 2891 1550 dicuntur.

547 1622 738 1678 Partes
787 1636 910 1693 quae
960 1628 1152 1677 nostro
1211 1619 1266 1674 in
1311 1633 1542 1689 corpore
1591 1628 1763 1683 sunt,
1812 1619 2063 1688 quaedam

2245 1611 2369 1665 Τῶν
2402 1612 2461 1665 ὲν
2489 1611 2603 1673 τοῖς
2630 1607 2881 1680 σώμασιν
2922 1604 3082 1680 ἡμῶν
3116 1601 3324 1675 μερῶν,
3352 1598 3423 1654 τά
3454 1597 3553 1669 μὲν
3580 1598 3773 1667 ὁμοιο-

474 1715 695 1786 qnidem
725 1714 1020 1779 similares,
1052 1713 1300 1785 quaedam
1330 1727 1459 1767 vero
1480 1710 1841 1767 dissimilares
1864 1709 2067 1765 haben-

2185 1706 2319 1778 μερῆ
2349 1704 2603 1774 λέγεται,
2634 1702 2705 1755 τά
2732 1701 2791 1755 δὲ
2836 1698 3231 1786 ἀνομοιομερῆ.
3282 1691 3617 1786 Ὀμοιομερή
3665 1688 3776 1760 μὲν

477 1822 586 1863 tur.
654 1808 720 1862 Et
781 1779 1362 1874 similareS-quidem,
1415 1801 1695 1869 simnlices
1744 1809 1800 1858 et
1873 1802 2065 1871 prima:

2185 1798 2240 1851 ιά
2270 1794 2421 1850 ἁπλᾶ
2451 1795 2546 1848 καὶ
2578 1792 2793 1864 πρῶταο
2833 1785 2967 1857 οἷον,
2994 1784 3166 1860 αἷμα,
3210 1782 3463 1874 φλέγμα,
3500 1779 3632 1874 χολή
3666 1779 3770 1850 μέ-

477 1908 627 1965 ςιιηι,
661 1907 721 1953 ut
776 1896 1025 1967 sanguis,
1063 1869 1283 1966 pit-uita,
1341 1896 1592 1963 flavaque
1645 1900 1700 1947 et
1739 1869 2059 1946 atraﬁbilis.
2097 1923 2112 1978 1

2185 1905 2330 1942 ιαινα
2370 1885 2467 1941 καὶ
2512 1883 2682 1956 ξανθή
2703 1884 2772 1938 ⁸⁷.
2822 1885 2890 1937 Ἀ
2932 1882 2992 1937 δὲ
3030 1874 3338 1949 στοιχεῖα⁸⁸
3367 1873 3461 1926 τοῦ
3513 1869 3772 1943 σώματός

479 1988 603 2043 ΙΙςυσ
633 1997 687 2043 et
714 1986 963 2056 corporis
986 1991 1116 2039 sunt
1148 1982 1436 2047 elementa,
1467 1995 1532 2035 ex
1581 1977 1805 2050 quibus,
1843 1993 1907 2033 ac
1936 1991 2061 2032 cum
2099 1966 2112 1978 ’

2185 1983 2327 2048 εἰσιν,
2363 1979 2422 2046 ἐξ
2451 1972 2526 2033 ὧν
2557 1978 2652 2032 καὶ
2704 1977 2825 2049 μεθ’
2858 1967 2935 2030 ὧν
2964 1975 3010 2007 ⁸⁸
3065 1968 3373 2041 ἐγκέφαλος
3395 2007 3410 2032 ,
3462 1966 3773 2056 μήνιγγεςγ.

477 2081 698 2150 quibus,
726 2079 1034 2141 cerebrum,
1071 2076 1428 2141 membrana»,
1470 2072 1730 2138 musculi,
1755 2070 1927 2132 nervi,
1955 2085 2069 2125 tne-

2185 2074 2343 2139 ιῦες,
2374 2070 2543 2144 νεῦρα
2570 2110 2585 2133 ,
2627 2069 2822 2142 μυελὸς
2865 2070 2895 2122 ὁ
2944 2068 3003 2122 έν
3051 2066 3168 2129 τοῖς
3216 2061 3469 2125 ὀστέοις,
3518 2057 3659 2150 αὐτ-ἀ
3699 2055 3774 2110 τὰ

476 2172 625 2226 dulla
643 2184 766 2241 quae
791 2168 845 2223 in
877 2166 1098 2223 ossibus
1115 2173 1219 2231 est,
1239 2179 1366 2220 ossa
1388 2163 1529 2234 ipsa,
1546 2161 1760 2226 dentes,
1779 2160 2065 2231 cartilago,

477 2262 662 2318 carnis
700 2262 754 2315 in
792 2276 850 2316 se
882 2261 1191 2315 convoluta:
1245 2256 1503 2323 durities,
1553 2252 1703 2326 quod
1738 2253 1813 2307 illi
1849 2251 2066 2315 ἀδένας,

475 2374 578 2415 nos
609 2356 860 2412 tonsillas
880 2354 1139 2419 dicimus,
1175 2352 1495 2421 ligamenta,
1527 2348 1738 2405 cerebri
1763 2343 2065 2418 panniculi,

476 2451 647 2515 librae,
682 2449 799 2519 pili,
848 2462 1085 2518 ungues,
1117 2459 1271 2509 caro,
1304 2458 1475 2509 venae,
1534 2440 1770 2504 arteriae,
1826 2448 2065 2505 meatus,

477 2543 668 2613 adeps,
721 2540 889 2605 cutis,
925 2539 1095 2604 tendi,
1140 2537 1198 2591 hi
1252 2544 1457 2602 autem,
1508 2530 1968 2605 quemadmodum
2015 2540 2070 2586 et

475 2628 734 2698 musculi,
766 2649 833 2689 ex
876 2630 1189 2702 ligamentis
1227 2627 1621 2696 venalibusque
1661 2623 1813 2679 ﬁbris
1840 2636 2069 2693 compo-

477 2725 569 2781 siti
609 2734 783 2781 sunt:
816 2733 870 2779 et
910 2723 1030 2778 haec
1062 2720 1282 2792 quidem
1336 2718 1595 2775 similaria
1654 2725 1709 2771 ct
1749 2715 1926 2787 prima
1975 2715 2066 2769 ha-

480 2820 702 2872 hentur.
735 2815 815 2872 Ex
841 2816 952 2882 his,
1006 2812 1442 2877 dissimilarium,
1470 2820 1524 2866 et
1576 2826 1699 2881 quae
1733 2810 2073 2865 instrumen-

482 2908 613 2962 talin
642 2916 792 2972 sunt,
814 2905 1141 2976 compositio
1165 2905 1243 2970 Iit,
1265 2902 1463 2973 capitis
1489 2901 1765 2966 videlicet,
1804 2899 2071 2971 pectoris,

2168 2168 2307 2221 ὀστᾶ
2327 2166 2399 2232 ’⁸,
2433 2164 2657 2236 χόνδρος
2676 2203 2691 2229 ,
2728 2161 2949 2226 ἀδένες,
2983 2157 3315 2228 σύνδεσμοι,
3353 2149 3587 2223 ὑμένες,
3614 2145 3727 2210 ίνες
3749 2188 3773 2215 ,

2166 2257 2386 2329 τρίχες,
2429 2255 2657 2326 ὀνυχες,
2693 2252 2898 2324 σάρκες
2923 2290 2939 2315 ,
2975 2248 3203 2319 φλέϐες,
3238 2243 3539 2329 ἀρτηρίαι,
3571 2238 3774 2310 πόροι,

2169 2326 2400 2423 πιμελὴ,
2426 2347 2632 2420 δέρμα,
2661 2346 2911 2408 τένοντες
2930 2342 3000 2410 ’³,
3034 2339 3285 2395 σύνθετοι
3312 2336 3371 2391 δὲ
3399 2326 3549 2390 οὗτοι
3576 2330 3776 2423 ῶσπερ

2169 2421 2265 2498 καλ
2294 2444 2344 2496 οἱ
2367 2421 2541 2514 -μῦες,
2573 2439 2638 2493 ἐκ
2670 2455 2731 2492 τε
2765 2435 3086 2506 συνδέσμων
3116 2431 3211 2487 καὶ
3241 2424 3530 2499 νευρωδῶν
3564 2422 3694 2514 ἰνῶν
3719 2421 3776 2452 η

2172 2512 2549 2605 συγκείμενον
2570 2529 2749 2585 ταῦτα
2772 2528 2875 2600 μὲν
2896 2521 2990 2580 οὖν
3012 2523 3084 2579 τὰ
3104 2516 3412 2595 ὁμοιομερῆ
3433 2516 3529 2572 καὶ
3552 2512 3774 2605 πρῶτα.

2184 2603 2274 2696 Ἐξ
2296 2603 2384 2682 ὧνῗ
2399 2626 2469 2680 τὰ
2492 2621 2864 2696 ἀνομοιομερῆ
2886 2620 2982 2674 καὶ
3007 2614 3278 2691 ὀργανικὰ
3307 2606 3676 2677 συνετέθησαν
3698 2603 3772 2638 "-

2170 2716 2308 2788 οἷον,
2344 2719 2579 2790 κεφαλή,
2611 2714 2819 2788 θώραξ.
2856 2714 3071 2785 χεῖρες,
3109 2708 3298 2776 πόδες,
3319 2703 3418 2759 καὶ
3441 2702 3545 2756 ὅσα
3569 2700 3633 2753 ἐκ

2171 2787 2839 2881 ὁμοιομερῶννσυνέστη.
2897 2803 3014 2857 Πᾶν
3085 2799 3196 2870 γὰρ
3256 2790 3656 2865 ἀνομοιομερὲς
3713 2787 3778 2855 ἐξ

2174 2900 2524 2975 ὁμοιομερῶν
2545 2900 2883 2969 συνέστηκεν
2901 2912 2916 2925 ·
2947 2896 3011 2949 ἐκ
3039 2893 3251 2947 τούτων
3271 2889 3329 2943 δὲ
3360 2887 3422 2940 τὸ
3453 2884 3780 2956 σύμμετρον

481 3015 771 3064 manuum,
800 2998 1000 3070 pedum
1023 3005 1077 3053 et
1100 3011 1290 3051 eorum
1313 3010 1433 3063 quae
1456 3010 1519 3049 ex
1549 2993 1886 3049 similaribus
1923 3007 2075 3048 com—

2185 2998 2210 3069 ἢ
2240 2994 2599 3067 ἀσύμμετρον
2636 2978 2798 3062 σῶμα
2825 3006 2839 3021 ο
2878 2988 2979 3059 τῆς
3004 2986 3053 3020 ’⁸
3085 2981 3432 3056 συμμετρίας
3466 2976 3779 3070 ὲνᾼτὲτρασι

482 3094 662 3162 posita
682 3101 829 3147 sunt.
852 3089 1065 3145 Etenim
1082 3103 1277 3145 omnes
1299 3087 1664 3143 dissimilarcs
1697 3094 1881 3157 partes
1916 3100 1982 3141 ex
2005 3085 2076 3141 si-

2185 3066 2391 3150 τούτοις
2422 3083 2811 3157 θεωρουμένης
2834 3082 2903 3113 ⁹⁵’
2938 3080 2999 3133 ὲν
3031 3078 3272 3149 σχήματι
3294 3115 3310 3140 ,
3342 3073 3401 3124 ἐν
3430 3066 3677 3162 ἀριθμῶ,
3717 3066 3781 3162 εν

486 3184 774 3240 milaribus
805 3182 1142 3254 compositas
1181 3196 1306 3238 esse
1338 3191 1550 3237 certum
1581 3188 1685 3247 est;
1721 3178 1901 3234 abhis
1926 3178 2073 3233 enim

2185 3179 2438 3252 μεγέθει,
2473 3177 2530 3230 ὲν
2574 3175 2760 3229 θέσειο
2800 3171 3004 3242 ὁμοίως
3036 3169 3134 3223 καὶ
3174 3166 3276 3235 τῆς
3303 3158 3691 3254 ἀσυμμετρίας
3717 3156 3782 3209 ὲν

482 3278 749 3334 concinne
782 3276 1223 3347 inconcinneque
1271 3273 1577 3346 composita
1608 3288 1838 3344 corpora
1874 3272 2112 3330 consti-t

2185 3276 2296 3337 τοῖς
2342 3268 2636 3326 ἀνάπαλιν.
2689 3267 2764 3320 Τὸ
2807 3265 2917 3335 γὰρ
2957 3261 3154 3324 κάλλος
3184 3257 3279 3313 τοῦ
3323 3255 3578 3325 σώματος
3613 3250 3778 3321 εὐρυ-

483 3380 730 3425 tuuntnr.
749 3369 1107 3425 Concinnitas
1124 3368 1270 3425 enim
1301 3367 1355 3421 in
1375 3341 1462 3422 his
1483 3341 1741 3436 quatuor,
1774 3366 1967 3437 ﬁgura,
1989 3382 2082 3420 nu-

2189 3362 2328 3435 θμία
2362 3362 2482 3415 ἐστὶ
2535 3357 2735 3430 μελῶν,
2783 3356 2902 3427 μετ’
2934 3352 3210 3425 εὑχροίας.
3258 3347 3432 3401 Τοῦτο
3473 3344 3532 3396 δὲ
3565 3341 3775 3437 γίνεται

486 3479 657 3530 inero,
674 3461 1050 3533 magnitudine
1062 3470 1225 3531 atque
1243 3460 1348 3514 situ
1373 3458 1650 3525 cernitur;
1679 3456 2084 3513 inconcinnitas

2185 3431 2473 3528 εὑκράτως
2504 3452 2608 3523 μὲν
2641 3451 2750 3505 τῶν
2791 3444 3160 3520 ὁμοιομερῶν,
3200 3438 3537 3533 συμμέτρως
3660 3431 3771 3533 τῶν

483 3572 634 3621 vero,
670 3555 830 3611 iubis
854 3571 974 3626 quise
1004 3553 1073 3608 ab
1111 3553 1193 3607 his
1216 3552 1429 3607 diversa
1451 3550 1742 3606 habentur.
1794 3547 2089 3602 Enimvero

2185 3521 2515 3621 ὀργανικῶν
2548 3542 2810 3617 ἐχόντων.
2880 3537 3107 3612 Ἀρεταὶ
3156 3533 3269 3605 γὰρ
3319 3521 3770 3626 tribuam-61st:

486 3649 736 3722 corporis
798 3647 1150 3719 pulchritudo
1216 3661 1283 3701 ex
1354 3643 1627 3700 concinna
1708 3640 2084 3697 membrorum

2185 3617 2305 3694 ἐστὶ
2342 3639 2441 3693 καὶ⁸
2466 3636 2649 3711 ρώμηο
2691 3634 2892 3697 κάλλος
2921 3632 3013 3688 καὶ
3038 3628 3320 3702 ἀρτιότης,
3353 3625 3532 3722 ήγουν
3550 3617 3774 3722 ὁλοκλη-

486 3741 903 3813 cmnpositionr,
955 3742 1001 3795 si
1025 3739 1202 3794 bonus
1257 3736 1410 3792 color
1470 3734 1635 3800 adsit,
1695 3739 1928 3788 constat.
1972 3729 2089 3787 Hoc

2192 3734 2303 3805 ρία.
2344 3710 2567 3803 ’Λρεταλ⁵
2610 3728 2668 3782 δὲ
2696 3727 2898 3799 ψυχῆς,
2936 3723 3237 3796 φρόνησις,
3279 3712 3643 3787 σωφροσύνη,
3692 3710 3785 3763 ἀνο

489 3844 675 3891 autem
730 3834 811 3900 fit,
876 3848 1001 3888 cum
1072 3831 1348 3887 similares
1413 3826 1522 3901 ιθ
1564 3835 1783 3898 partes,
1854 3824 2091 3880 salubris

2188 3824 2342 3899 δρεία
2367 3825 2414 3857 ⁸⁸
2450 3822 2548 3876 καὶ
2578 3819 2921 3889 δικαιοσύνη.

494 3926 943 3997 temperamenti,
1008 3940 1073 3980 ac
1136 3900 1581 3979 instrumenlalia
1637 3919 1754 3989 ipsa
1820 3918 2090 3973 concinne
2128 3913 2939 3973 fuerintconstituta.Virtutes
2993 3922 3233 3976 namque
3253 3904 3526 3975 corporis,
3546 3900 3786 3961 sanitas,

491 4035 557 4077 ac
595 3996 881 4081 fortitudo,
940 4017 1251 4088 formaque.
1300 4029 1511 4069 necnon
1586 4011 1898 4082 integritas,
1971 4008 2238 4077 perfectio
2300 4009 2555 4066 videlicet
2614 4017 2763 4065 sunt.
2795 4007 2901 4063 Sed
2951 4006 3150 4061 anima:
3173 4005 3431 4067 virtutes,
3465 3996 3788 4071 prudentia,

493 4115 879 4188 temperantia,
911 4111 1179 4168 fortitudo
1218 4126 1283 4166 ac
1314 4108 1531 4181 justitia
1575 4115 1724 4163 sunt.

563 4205 1143 4282 Siquidem,fortitudo
1162 4204 1429 4276 corporis,
1447 4201 1792 4259 concinnitas
1825 4214 1890 4255 ac
1916 4198 2085 4255 robur

492 4314 597 4371 cst,
620 4304 767 4376 quod
793 4302 878 4358 his
920 4302 1015 4374 qni
1062 4300 1127 4356 ad
1162 4301 1361 4355 malam
1400 4296 1766 4353 valetudinem
1812 4294 2087 4366 proclives

493 4399 653 4467 fiunt,
674 4404 963 4468 repugnat.
986 4393 1234 4450 Virilitas
1258 4402 1464 4455 autem,
1502 4391 1701 4445 anima:
1730 4386 1996 4442 fortitudo
2022 4401 2088 4440 ac

494 4486 665 4542 robur
680 4494 787 4553 est,
814 4501 937 4556 qua:
958 4499 1151 4557 graves
1170 4482 1573 4543 meditationes,
1594 4478 1790 4533 mortis
1813 4476 2085 4539 videlicet,

2279 4197 2565 4266 Ἀναλογεῖ
2590 4197 2635 4229 ⁸⁷
2684 4190 2778 4248 οὖν
2823 4196 2856 4264 ή
2888 4194 2983 4247 τοῦ
3021 4190 3276 4264 σώματος
3322 4187 3483 4262 ῥώμη
3513 4183 3649 4258 πρὸς
3687 4180 3794 4252 τήν

2192 4295 2293 4361 τῆς
2314 4291 2496 4363 ψυχῆς
2523 4288 2781 4360 ἀνδρείαν
2806 4288 2876 4320 ⁸⁸⁸
2907 4289 2940 4359 ή
2981 4286 3080 4357 μὲν
3106 4284 3216 4355 γὰρ
3243 4282 3402 4355 ῥώμη
3428 4278 3647 4335 εὐτονία
3668 4275 3793 4330 ἐστὶ

2198 4383 2485 4454 σώματος,
2530 4380 2630 4435 καὶ
2683 4379 2841 4449 ίσχὺς
2894 4375 3402 4446 δυσανταγώνιστος
3450 4373 3565 4435 τοῖς
3620 4367 3788 4422 νοσά-

2197 4477 2350 4543 ζουσι
2375 4476 2422 4508 ”
2462 4475 2524 4528 τὺ
2558 4473 2722 4545 σῶμα
2760 4470 3110 4543 δυναμένοιςσ
3147 4470 3176 4539 ή
3218 4467 3276 4521 δὲ
3305 4464 3533 4535 ἀνδρεία
3574 4464 3589 4494 ¹
3624 4459 3790 4533 ῥώμη

496 4553 1056 4642 ίυηηὶἀίηἰεξιυιιοιοὶε
1080 4573 1586 4635 incommodorum,
1615 4570 1980 4638 voluptatum,
2021 4583 2088 4623 ac

2193 4569 2375 4641 ψυχῆς
2418 4567 2515 4623 καὶ
2564 4567 2719 4639 ἰσχὺς
2747 4565 2886 4637 πρὸς
2917 4564 3015 4628 τάς
3072 4561 3348 4633 ὑπομονὰς
3388 4558 3498 4612 τῶν
3544 4553 3794 4625 ἰσχυρῶν

494 4671 883 4727 universorum
903 4685 1026 4741 quae
1061 4668 1247 4740 gravia
1280 4662 1745 4729 formidolosaquc
1774 4665 2089 4723 censentur,

497 4764 771 4820 sustinere
797 4763 1011 4818 nititur.
1034 4759 1255 4815 Iustitia
1280 4766 1459 4811 autem
1499 4750 1750 4822 corporis
1785 4750 2092 4821 pulchritu~

497 4860 615 4914 dini
672 4858 963 4914 similatur.
989 4854 1094 4911 Sed
1127 4847 1591 4923 pulchritudinem
1618 4845 1814 4916 ipsam,
1848 4844 1901 4899 in
1922 4859 2094 4900 mem-

499 4953 724 5007 brorum
747 4949 1116 5008 concinnitate
1135 4960 1259 5000 cum
1279 4941 1517 4997 salubris
1551 4939 1705 4996 color
1737 4939 1928 5005 aderit,
1957 4951 2093 4993 con-

502 5042 855 5115 templabcre.
885 5042 956 5095 At
983 5037 1197 5109 justitia
1238 5036 1352 5105 ipsa
1395 5041 1498 5100 est,
1538 5032 1758 5105 quando
1799 5030 2098 5101 unicuique

500 5136 684 5191 omnia
719 5149 820 5205 pro
847 5131 1113 5204 dignitate
1137 5128 1384 5197 largitur.
1411 5123 1720 5181 Prudentia:
1745 5137 1876 5180 vero
1900 5137 2100 5193 corpo-

502 5227 580 5282 ris
616 5222 899 5292 integritas
936 5217 1135 5277 similis
1163 5217 1243 5272 ﬁt.
1282 5216 1591 5273 Prudentia:
1612 5228 1851 5285 namque
1870 5227 2097 5275 munus,

501 5337 567 5377 ca
615 5334 741 5389 qum
769 5316 956 5371 anima
990 5312 1155 5369 semel
1187 5323 1335 5375 recte
1358 5310 1797 5384 deprehenderit,
1830 5307 2094 5379 perlicere

501 5422 622 5479 est,
678 5407 1139 5481 quemadmodqu
1189 5406 1521 5476 integritatis
1565 5419 1631 5461 ea
1676 5418 1799 5474 quae
1860 5400 1925 5455 ad
1971 5415 2097 5455 coro

504 5507 657 5576 poris
712 5502 959 5558 membra
1015 5501 1267 5558 attinent.

577 5665 626 5699 ⁸⁸
663 5665 721 5720 δὲ
759 5665 818 5717 ὲν
849 5679 900 5717 τ.
937 5662 1000 5715 Β.
1111 5662 1157 5693 ⁸⁵
1197 5658 1366 5713 αὑτοῦ
1397 5673 1506 5715 om.
1541 5655 1608 5709 Αἰ
1712 5650 1761 5683 ⁸⁸
1790 5653 1818 5703 ὁ
1858 5648 2032 5702 εἰπὼν
2059 5647 2118 5720 Β.

508 5737 557 5770 ’⁸
591 5737 730 5793 ὀστᾶ
752 5734 970 5805 ,ὀδόντες
991 5734 1057 5787 P.
1143 5731 1207 5805 _°‘
1246 5729 1495 5805 τένενῖες
1530 5728 1594 5805 ΛΣ

510 5809 559 5844 ⁸⁸
589 5800 786 5879 ἀνδρία
815 5805 873 5859 Β.
902 5876 916 5879 _
950 5806 996 5879 ’Τ
1035 5802 1385 5879 ἀναλοχεῖται
1409 5800 1474 5879 l3:

510 5874 705 5951 φόῦουῖ
746 5895 804 5932 π.
866 5876 920 5951 _'
1030 5890 1155 5951 3m.
1198 5874 1259 5925 Β.

514 5945 537 5986 ί
573 5952 690 6006 hac
721 5966 831 6003 om.
866 5947 909 6000 B
947 5946 989 6001 (ἰ
1030 5945 1095 6000 Ρ.

1695 5724 1742 5755 ’³
1787 5721 1912 5774 ίνῶν
1942 5735 2054 5773 om.
2082 5719 2146 5771 Δ.

1577 5795 1626 5829 ⁵⁸
1664 5793 1888 5862 ἀνδρίαν
1917 5792 1957 5844 Β
1990 5790 2053 5846 P.
2109 5859 2121 5862 _
2146 5789 2191 5862 ξ’
2228 5786 2532 5862 νοσοξσι-Β,
2562 5784 2803 5862 νοσίςειν
2824 5785 2886 5839 C.

1365 5857 1486 5921 ι’τδ
1525 5867 1621 5937 μὲν
1664 5854 1777 5935 γάῤ
1818 5864 1878 5917 Β,
1975 5863 1995 5893 ⁵
2039 5857 2218 5932 μελῶν
2265 5858 2305 5910 Β
2362 5857 2403 5912 C
2447 5859 2511 5910 P.
2617 5858 2638 5888 ⁸
2693 5856 2927 5910 ἑκάστου
2958 5854 2999 5906 Β
3027 5855 3090 5907 P.

2200 4660 2534 4732 φαντασιῶν·
2566 4658 2802 4714 θανάτου
2820 4660 2864 4723 ⁸,
2898 4657 3085 4721 πόνου,
3126 4651 3528 4722 ταλαιπωρίας,
3557 4644 3789 4720 ήδονῶν,

2200 4753 2298 4807 καὶ
2335 4751 2555 4806 πάντων
2580 4749 2689 4804 τῶν
2717 4748 2910 4803 δεινῶν
2944 4763 3005 4801 τε
3042 4745 3140 4800 καὶ
3170 4742 3423 4816 φοϐερῶν
3467 4737 3610 4794 εἶναι
3634 4753 3795 4806 νομι-

2201 4845 2466 4916 ζομένων.
2502 4842 2593 4915 Τῷ
2622 4842 2679 4896 δὲ
2709 4840 2897 4897 κάλλει
2923 4841 2958 4913 ή
2979 4841 3000 4873 ³
3029 4836 3352 4908 δικαιοσύνη
3386 4831 3701 4904 προσέοικε·
3728 4826 3798 4882 τὸ

2201 4938 2311 5009 γὰρ
2338 4936 2360 4968 ⁵
2387 4934 2582 4999 κάλλος
2611 4936 2671 4989 ὲν
2711 4933 3028 5005 συμμετρία
3058 4930 3312 5001 σώματος
3333 4931 3355 4964 ⁵
3390 4927 3508 4999 μετ’
3536 4921 3799 4995 εὐχροίας

2200 5032 2439 5084 νοεῖται*
2487 5029 2520 5098 ή
2570 5027 2628 5080 δὲ
2655 5024 2970 5096 δικαιοσύνη
3006 5025 3066 5076 ὲν
3111 5025 3178 5093 τῇ
3227 5021 3458 5091 διανομῇ
3510 5016 3622 5071 τῶν
3669 5014 3797 5069 κατ’

2201 5123 2362 5191 ἀξίαν
2387 5121 2605 5192 ἑκάστῳ
2632 5122 2675 5175 ³.
2710 5121 2791 5191 Τῇ
2837 5118 2894 5172 δὲ
2928 5119 3196 5188 φρονήσει
3228 5116 3261 5185 ή
3310 5113 3603 5185 ἀρτιότης·
3652 5108 3798 5179 πλή-

2204 5234 2374 5290 ρωσις
2397 5217 2418 5248 ⁷
2454 5216 2566 5288 γάρ
2595 5217 2747 5269 ἐστιν
2775 5215 2809 5284 ή
2843 5212 3109 5283 φρόνησις
3136 5210 3247 5263 τῶν
3276 5209 3379 5280 τῆς
3402 5205 3584 5276 ψυχῆς
3614 5200 3800 5274 ὀρθῶν

2202 5308 2588 5379 καταλήψεων,
2626 5305 2820 5376 ῶσπερ
2863 5307 2898 5377 ή
2944 5302 3203 5376 ἀρτιότης
3247 5300 3357 5355 τῶν
3395 5297 3491 5352 τοῦ
3539 5293 3800 5365 σώματος

2208 5402 2406 5477 μελῶν.
2435 5403 2513 5472 Τῇ
2541 5400 2599 5454 δὲ
2626 5399 2788 5471 ὑγεία
2815 5400 2850 5469 ή
2886 5395 3212 5468 σωφροσύνη
3233 5396 3274 5448 ⁸.

2217 5643 2764 5786 ’ὶιειιίἲὲτῇῗιςθε

2836 5643 2880 5676 ⁸⁸
2925 5641 3021 5696 καὶ
3064 5658 3146 5694 στ.
3176 5638 3219 5694 Β
3253 5639 3315 5693 Ρ.
3430 5637 3478 5669 ⁸⁹
3523 5633 3646 5707 μεθ’
3672 5633 3708 5688 ἃ

2869 5713 2917 5746 ⁵⁵
2956 5712 3051 5765 τοῦ
3078 5713 3138 5767 Β.
3235 5709 3283 5743 ’⁸
3322 5706 3533 5777 θεωρου
3585 5706 3705 5758 ένου
3740 5706 3807 5761 Β.

2872 5823 2886 5829 -
2994 5784 3009 5814 ι
3049 5782 3245 5829 ἀνδρία
3276 5780 3402 5829 ΒΡ.
3481 5779 3501 5809 ²
3540 5724 3805 5829 ξανάτουο

2994 5784 3009 5814 ¹
3049 5782 3245 5855 ἀνδρία
3276 5780 3317 5832 Β
3340 5781 3417 5855 P._
3450 5779 3501 5855 _’
3540 5777 3805 5855 θανά-του

3188 5855 3207 5886 ⁷
3248 5849 3645 5923 συμπλήρωσις
3670 5845 3712 5902 Β
3740 5844 3785 5904 1³
