4138 6502
394 497 524 552 Illi

1637 503 1722 558 DE
1762 503 2053 563 NATURA
2095 505 2410 564 ιιοι-ιιΝιε.

3559 504 3698 560 Hi9.

471 614 666 685 Ὑγεία
714 614 773 668 δέ
822 617 972 671 ἐστιν
1023 616 1209 682 εὐεξία
1257 616 1666 693 σύμμετρος·ἡ
1713 623 1772 677 δὲ
1808 625 1976 690 εὐεξία

2167 625 2390 682 Sanitas
2426 641 2555 682 vero
2594 634 2707 689 est,
2745 640 2871 679 cum
2908 631 3208 694 temperate
3241 637 3443 694 corpus
3474 622 3696 680 salubre

384 708 547 778 ὑγεία
577 710 972 782 ὲπιτεταμένη.
1003 711 1322 783 Παρέπεται
1373 713 1430 767 δὲ
1468 717 1535 787 τῇ
1570 716 1734 788 ὑγεία
1763 718 1984 786 κάλλος,

381 803 570 870 εὐεξία
589 844 605 868 ,
637 804 918 878 ἀρτιότης·
949 805 1149 870 κάλλος
1169 849 1184 873 ,
1221 807 1282 860 οὐ
1308 806 1371 860 τὸ
1400 809 1510 862 ἀπὸ
1541 811 1916 882 κομμωτικῶν
1939 814 1983 877 ’,

381 893 412 964 ἢ
459 895 521 947 τὺ
565 895 635 949 δι’
681 897 1104 969 ἐπιχρισμάτων
1132 899 1175 930 ¹⁰
1222 899 1538 972 προσώπων
1572 903 1612 935 ¹¹
1658 904 1753 957 καὶ
1803 904 1983 975 βαφῆς

379 987 609 1060 τριχῶν,
655 989 792 1044 ἀλλὰ
831 990 893 1044 τδ
925 993 1050 1047 κατ’
1094 993 1534 1066 ἐπακολούθησιν
1565 999 1668 1068 τῆς
1713 997 1906 1066 ὑγείας
1943 1001 1984 1029 ¹¹

381 1082 802 1153 συνιστάμενον
830 1085 954 1138 κατ’
979 1085 1282 1157 εὐκρασίαν
1308 1085 1404 1141 τοῦ
1437 1089 1684 1158 ὲμφύτου
1725 1091 1933 1163 θερμοῦ
1961 1129 1978 1156 ,

378 1172 490 1227 τῶν
516 1191 575 1228 τε
615 1175 966 1250 ὁμοιομερῶν
1007 1181 1105 1234 καὶ
1140 1180 1250 1233 τῶν
1293 1181 1611 1254 ὀργανικῶν
1660 1183 1840 1255 μελῶν
1882 1184 1980 1239 καὶ

385 1265 610 1337 μορίων.
657 1267 724 1321 Ἦ
763 1269 876 1340 γὰρ
906 1270 1069 1339 ὑγεία
1108 1272 1382 1343 εὐκρασία
1423 1274 1542 1327 ἐστὶ
1570 1273 1680 1327 τῶν
1737 1275 1798 1329 ὲν
1845 1276 1978 1346 ἡμῖν

377 1359 596 1428 χυμῶνο
631 1359 730 1413 καὶ
773 1359 881 1416 τῶν
909 1362 1163 1432 φυσικῶν
1197 1365 1295 1418 καὶ
1317 1364 1569 1438 ψυχικῶν
1598 1367 1696 1421 καὶ
1726 1366 1977 1432 ζωτικῶν

374 1451 666 1522 δυνάμεων
693 1455 1183 1528 ἁπαρεμπόδιστος
1206 1459 1250 1490 ⁸³
1278 1459 1536 1531 ἐνέργεια
1561 1459 1656 1514 τοῦ
1685 1460 1852 1534 ἠθους
1877 1461 1976 1532 τῆς

374 1543 558 1615 ψυχῆς
592 1547 685 1600 καὶ
717 1547 813 1601 τοῦ
843 1548 1101 1620 σώματος
1127 1551 1308 1616 καλῶς
1343 1552 1793 1624 διαφαινομένου.

2089 720 2328 774 exsistit.
2393 719 2499 775 Sed
2565 721 2705 774 bona
2783 718 3090 783 habitudo,
3153 717 3405 788 corporis
3466 726 3693 774 extensa

2090 811 2343 868 valetudo
2364 819 2470 867 est.
2512 810 2648 865 Nam
2699 809 3074 880 pulchritudo,
3113 808 3370 878 bonaque
3407 805 3692 870 habitudo,

2091 923 2191 960 nec
2230 922 2338 961 non
2398 905 2708 977 integritas,
2770 904 3061 960 sanitatem
3095 911 3428 974 sequuntur,
3468 915 3577 955 non
3599 899 3690 954 illa

2089 1000 2281 1069 utique
2296 997 2644 1068 pulchritudo
2660 1012 2783 1066 quae
2797 995 3048 1052 subtrahi
3068 1003 3270 1065 potest,
3297 994 3387 1048 illa
3415 992 3690 1055 videlicet,

2089 1105 2213 1161 quae
2237 1090 2289 1144 in
2327 1089 2788 1146 medicaminibus
2815 1083 3692 1156 faciei,inﬁciendisquecrinilms

2085 1191 2359 1250 versatur,
2383 1183 2478 1238 sed
2505 1199 2628 1254 qua:
2644 1199 2770 1238 cum
2792 1182 3027 1238 sanitate
3058 1179 3381 1237 continuato
3405 1175 3599 1232 ordine
3617 1173 3693 1230 ob

2087 1277 2401 1346 temperiem
2446 1276 2596 1332 insiti
2645 1277 2741 1348 qui
2766 1279 2819 1331 in
2843 1276 3005 1331 nobis
3048 1284 3133 1330 est
3152 1271 3373 1338 caloris,
3414 1268 3692 1336 simrulque

2085 1365 2464 1432 similiarium,
2529 1368 3156 1436 instrumentaliumqne
3204 1362 3471 1434 partium,
3510 1371 3689 1412 mem-

2085 1459 2813 1530 brorumqueconstituitur.
2839 1459 3064 1521 Verum,
3101 1459 3312 1511 sanitas
3343 1454 3460 1521 ipsa
3491 1450 3690 1504 bumoa

2087 1566 2208 1606 rum
2231 1551 2325 1622 qui
2351 1553 2405 1606 in
2423 1553 2580 1609 nobis
2597 1563 2727 1609 sunt
2744 1554 2885 1608 bona
2914 1550 3208 1621 temperies
3226 1556 3329 1612 est,
3348 1556 3401 1601 et
3417 1542 3560 1600 actio
3583 1553 3686 1595 na-

377 1637 636 1692 turalium
681 1639 1197 1711 animaliumqueae
1223 1643 1471 1697 vitalium
1506 1643 1828 1699 facultatum
1855 1657 1978 1712 qua:
2017 1642 2169 1698 nullo
2200 1643 2595 1714 impedimento
2631 1643 2826 1712 fertur,
2887 1657 3011 1698 cum
3037 1649 3092 1696 et
3140 1639 3340 1693 animae
3361 1645 3416 1692 et
3437 1630 3686 1704 corporis

377 1745 519 1794 mos,
558 1747 658 1788 seu
688 1732 900 1790 indoles
936 1735 1223 1806 perspicua
1272 1737 1643 1806 pulcherrime
1704 1737 1976 1794 reddituri

423 1825 608 1879 ·Ἔστι
650 1826 710 1880 δὲ
749 1826 931 1898 ψυχῆς
973 1828 1072 1900 μὲν
1103 1824 1238 1900 ἦθος
1281 1830 1508 1903 ποιότης
1549 1831 1594 1864 ¹¹⁸
1623 1831 1806 1886 τοιάδε
1862 1832 1974 1884 ἀπ-

2155 1833 2368 1888 Etenim
2416 1833 2615 1887 animae
2673 1845 2812 1889 mos,
2867 1829 3104 1899 qualitas
3161 1824 3373 1881 scilicet
3435 1821 3555 1890 ejus
3603 1827 3686 1874 ta-

375 1906 766 1992 εσκιρῤωμένη
798 1920 897 1973 καὶ
923 1920 1362 1994 δυσαπόόλητος,
1391 1924 1642 1976 τουτέστι
1667 1923 1844 1993 παγία
1875 1923 1970 1976 καὶ

2079 1928 2143 1987 Iis
2182 1936 2288 1991 est,
2337 1940 2462 1994 qua:
2522 1921 2827 1976 fortissime
2883 1919 2937 1973 in
3001 1917 3284 1988 proposito
3342 1919 3684 1984 permaneat,

375 2011 457 2075 είς
496 2010 610 2077 ἕξιν
641 2011 896 2067 ἐλθοῦσα.
940 2012 1203 2084 Σώματος
1241 2016 1300 2070 δέ
1333 2017 1482 2070 ἐστιν
1523 2012 1658 2090 ἦθος
1684 2019 1714 2071 ό
1740 2017 1972 2072 ἑκάστου

375 2104 585 2175 κόσμος
606 2144 622 2170 ,
649 2105 822 2176 ἤγουν
846 2106 1131 2179 τελειότης
1158 2110 1191 2179 ἡ
1219 2108 1312 2164 διὰ
1339 2110 1440 2180 τῆς
1479 2109 1587 2164 τῶν
1627 2111 1814 2182 ἄκρων
1851 2127 1976 2164 στε-

376 2199 591 2270 ρήσεως
617 2199 720 2270 τῆς
748 2215 808 2253 τε
834 2201 1114 2273 ὑπεροχῆς
1145 2201 1242 2256 καὶ
1273 2201 1483 2268 ἐνδείας
1513 2201 1870 2276 θεωρουμένη
1908 2204 1972 2257 ¹⁵.

385 2289 658 2361 Ἀκοσμία
685 2292 746 2346 δὲ
767 2293 797 2347 ὅ
817 2309 880 2348 τε
910 2293 1254 2366 πλεονασμὸς
1282 2295 1379 2350 καὶ
1406 2297 1439 2368 ἠ
1479 2295 1741 2367 ἔλλειψις.
1784 2296 1843 2350 '0
1867 2296 1977 2369 γὰρ

375 2383 694 2450 πλεονάζων
718 2387 864 2451 τινὸς
901 2386 1120 2460 μορίου,
1153 2387 1231 2452 ῶς
1255 2387 1406 2454 τινές
1429 2390 1570 2444 εἰσιν
1596 2389 1972 2457 ὲξαδάκτυλοι,

373 2476 407 2545 ἢ
437 2476 754 2549 λειπόμενοι
779 2478 824 2510 ¹⁶
853 2480 1038 2550 χειρὸς
1071 2480 1104 2552 ἢ
1131 2480 1313 2547 ποδὸς,
1343 2481 1378 2552 ἢ
1421 2480 1706 2553 ὀφθαλμοῦ
1724 2524 1738 2548 ,
1765 2482 1801 2554 ἦ
1832 2499 1979 2546 τινος

373 2569 538 2624 ἄλλου
583 2571 812 2642 μορίου,
846 2571 1095 2643 ἂκοσμός
1135 2573 1252 2626 ἐστι
1299 2573 1398 2627 καὶ⁵
1444 2571 1826 2645 ἀσύμμετρος·
1881 2575 1978 2628 καὶ

374 2661 491 2716 ἔστι
517 2661 678 2716 τοῦτο
717 2663 870 2736 παρὰ
906 2663 1000 2718 τὸν
1037 2665 1274 2736 ἀριθμὸν
1316 2665 1566 2737 σφάλμα.
1607 2667 1771 2720 Ἀλλὰ
1814 2667 1911 2723 καὶ
1949 2671 1978 2722 ὁ

376 2757 530 2828 παρά
583 2757 642 2810 τὸ
699 2759 888 2828 σχῆμά
945 2775 997 2810 τι
1037 2757 1206 2828 ἔχων
1255 2751 1370 2812 οἷον
1434 2758 1795 2830 διαστρόφους
1848 2759 1976 2826 τοὺς

374 2848 697 2921 ὀφθαλμοὺς
741 2851 775 2922 ἢ
825 2851 953 2916 τοὺς
985 2852 1156 2916 πόδας
1176 2891 1191 2915 ,
1222 2850 1378 2924 ἢτὴν
1423 2854 1582 2924 χεῖρα
1625 2852 1850 2923 μείζονα
1878 2855 1976 2924 τῆς

376 2943 593 3015 ἐτέρας.
647 2944 950 3016 Ἑσφάλθαι
975 2945 1033 2998 δὲ
1073 2944 1294 3013 λέγεται
1317 2945 1362 2977 ¹⁷
1392 2946 1490 3000 καὶ
1517 2948 1546 3000 ὁ
1571 2947 1725 3018 παρὰ
1757 2946 1858 3019 τὴν
1893 2947 1977 3001 θέ-

379 3052 484 3088 σιν·
517 3030 628 3091 οἴον
657 3037 851 3109 ἔντερα
890 3039 948 3091 ὲν
996 3037 1176 3108 ἰσχίῳ,
1216 3037 1250 3108 ἢ
1284 3037 1462 3108 μηρὸν
1503 3037 1610 3104 ἔξω
1640 3039 1911 3110 κοτύλης,
1943 3039 1977 3111 ἢ

377 3130 478 3200 τὴν
504 3133 664 3203 χεῖρα
689 3133 733 3165 ¹⁸
763 3134 1108 3202 συμφυεῖσαν
1132 3133 1200 3201 τῇ
1221 3130 1530 3203 ὠμοπλάτη
1561 3133 1626 3196 ¹⁹,
1655 3130 1689 3203 ἦ
1721 3149 1773 3185 τι
1800 3132 1979 3186 τοιοῦ-

375 3238 490 3277 τον.
536 3221 772 3294 Ὁμοίως
795 3225 890 3279 καὶ
914 3226 944 3278 ό
974 3223 1128 3296 παρὰ
1155 3223 1217 3277 τὺ
1244 3223 1498 3294 μέγεθος,
1523 3224 1597 3289 ὡς
1623 3224 1771 3296 ἔχειν
1802 3243 1977 3294 κεφα-

2080 2029 2134 2077 et
2183 2032 2307 2087 quae
2353 2013 2550 2069 abduci
2603 2027 2711 2065 non
2774 2010 2935 2066 facile
2982 2019 3167 2081 queat,
3221 2014 3508 2068 constans,
3567 2010 3686 2058 sta-

2080 2111 2338 2180 bilisque,
2373 2114 2428 2162 et
2486 2106 2539 2160 in
2579 2103 2826 2158 habitum
2889 2102 3139 2158 veniens.
3193 2099 3289 2154 Est
3335 2106 3521 2152 autem
3559 2109 3687 2149 cor-

2082 2204 2232 2276 poris
2275 2217 2415 2266 mos,
2450 2195 2824 2270 pulchritudo,
2867 2195 3132 2266 perfectio
3194 2190 3447 2246 videlicet
3496 2185 3689 2257 cujus-

2081 2275 2210 2353 libet
2259 2293 2452 2365 partis,
2497 2303 2664 2361 quam
2703 2301 2932 2343 cernere
2956 2294 3069 2350 est,
3098 2297 3225 2338 cum
3275 2296 3479 2351 corpus
3502 2279 3571 2333 ab
3596 2275 3686 2332 bis

2081 2406 2203 2462 qua:
2242 2393 2579 2456 exsuperant
2621 2397 2687 2438 ac
2729 2379 2994 2437 deficiunt
3041 2384 3359 2447 exemptum
3412 2371 3681 2462 redditur.

2085 2461 2418 2539 Deformitas
2457 2491 2590 2533 vero
2635 2476 2759 2546 ejus
2802 2484 2907 2538 est,
2954 2470 3067 2544 44
3107 2485 3234 2526 cum
3266 2475 3467 2539 prater
3509 2461 3688 2535 legiti—

2081 2592 2230 2632 mum
2278 2583 2490 2629 natura:
2521 2570 2772 2626 ordinem
2807 2578 3209 2638 supervacuum
3255 2557 3388 2631 quid
3427 2558 3485 2613 in
3509 2569 3688 2611 mem-

2079 2669 2215 2734 bris,
2245 2675 2337 2721 aut
2361 2663 2622 2720 deﬁciens
2671 2662 2752 2714 tit.
2781 2659 3107 2726 Cuicunque
3133 2653 3283 2708 enim
3321 2663 3451 2720 pars
3497 2645 3686 2716 aliqua

2081 2768 2398 2831 exsuperat,
2430 2767 2492 2813 ut
2517 2755 2610 2828 qui
2641 2754 2791 2810 senis
2829 2751 3017 2823 digitis
3045 2746 3309 2819 praeditus
3350 2741 3567 2805 visitur,
3594 2745 3689 2792 aut

2081 2870 2273 2921 manu,
2306 2867 2401 2908 seu
2438 2851 2576 2920 pede
2609 2845 2837 2903 mutilus
2865 2843 3123 2906 exsistit,
3157 2838 3275 2894 sive
3328 2833 3557 2889 alterius
3591 2845 3688 2886 ex-

2081 2964 2208 3020 pers
2246 2947 2391 3002 oculi
2420 2953 2523 3008 est,
2553 2943 2636 2998 vel
2671 2942 2775 2996 alia
2807 2937 3002 3010 quavis
3034 2942 3190 3006 parte
3217 2937 3390 2993 caret,
3422 2922 3691 2982 deformis

2083 3040 2558 3108 inconcinnusque
2607 3036 2858 3101 habetur,
2907 3042 2962 3087 et
3010 3031 3116 3086 hoc
3141 3026 3364 3099 quidem
3419 3031 3525 3090 est,
3562 3035 3688 3076 cum

2082 3149 2284 3205 corpus
2324 3132 2440 3188 suis
2487 3130 2734 3186 numeris
2767 3127 2995 3182 minime
3028 3121 3343 3178 absolutum
3411 3113 3686 3172 redditur.

2086 3228 2191 3283 Sed
2238 3236 2293 3283 et
2339 3241 2462 3296 quae
2524 3224 2590 3279 ad
2655 3223 2888 3276 formam
2927 3218 3240 3290 pertinent,
3291 3211 3443 3267 verbi
3493 3207 3690 3279 gratia,

377 3315 478 3387 λὴν
497 3317 544 3350 ¹⁰
569 3316 953 3388 ὑπερμεγέθη.
980 3317 1012 3388 ἢ
1039 3319 1382 3388 μικροτέραν
1403 3317 1500 3370 τοῦ
1537 3317 1682 3371 κατὰ
1721 3317 1906 3387 φύσινο
1943 3319 1976 3391 ἢ

2082 3336 2206 3376 cum
2233 3319 2288 3373 in
2319 3319 2504 3388 aliquo
2529 3314 2745 3370 distorti
2781 3311 2927 3368 oculi
2983 3317 3079 3363 aut
3124 3307 3287 3376 pedes
3335 3299 3691 3391 conspiciun-

381 3386 506 3478 ῤ’ίνα
535 3409 569 3481 ἢ
602 3386 886 3482 ὀφθαλμόν
911 3386 977 3446 ί¹⁶
1092 3386 1188 3465 καὶ
1219 3386 1352 3463 αὐτὸ
1392 3410 1542 3464 ἅπαν
1570 3411 1633 3464 τὺ
1676 3410 1860 3482 σῶμα,

2092 3421 2203 3476 tur,
2240 3410 2356 3464 sive
2411 3386 2536 3464 cum
2604 3407 2771 3460 altera
2818 3416 3017 3456 manus
3068 3399 3295 3452 alteram
3329 3392 3564 3448 excedit.
3623 3386 3692 3442 Et

376 3496 427 3546 οί
459 3495 722 3564 γίγαντες
755 3497 791 3568 ἢ
819 3497 1199 3568 ἀνθρωπίσκοι
1223 3500 1294 3554 ⁸³.

2089 3503 2237 3573 quod
2291 3502 2356 3557 ad
2413 3501 2579 3555 situm
2629 3496 3140 3569 perfectionemque
3189 3490 3408 3552 attinet,
3452 3493 3513 3540 ut
3560 3497 3688 3537 cum

380 3590 562 3643 femur
599 3605 629 3644 a
658 3590 920 3660 junctura
957 3598 1159 3654 exstat,
1213 3599 1266 3646 et
1295 3605 1497 3647 manus
1542 3591 1782 3663 scapulae
1807 3592 2141 3659 adnectitur,
2197 3609 2295 3648 seu
2351 3593 2404 3646 in
2457 3593 2580 3646 aliis
2641 3587 2903 3644 membris
2953 3582 3234 3654 quidpiam
3263 3578 3372 3633 tale
3389 3578 3470 3641 ﬁt,
3504 3573 3556 3630 id
3582 3573 3696 3628 fru-

377 3681 573 3737 stratio
602 3689 975 3751 nuncupatur.
1011 3681 1213 3735 Eodem
1238 3688 1418 3750 pacto,
1448 3692 1502 3736 et
1532 3697 1654 3751 quae
1684 3683 2084 3754 magnitudinis
2109 3694 2260 3748 sunt,
2315 3693 2521 3737 utcum
2576 3689 2744 3752 caput
2781 3688 2976 3733 natura
3041 3676 3160 3746 plus
3199 3672 3370 3727 nimio
3426 3684 3688 3738 magnum

375 3784 470 3829 aut
494 3775 759 3839 brevetit,
793 3774 876 3828 vel
905 3789 1094 3838 nasus,
1120 3773 1236 3830 sive
1268 3773 1484 3841 oculus,
1520 3784 1616 3831 aut
1647 3791 1773 3831 cum
1809 3786 1981 3832 totum
2018 3793 2220 3848 corpus
2269 3777 2514 3832 immane
2575 3783 2668 3829 aut
2720 3772 3008 3844 pusillum,
3043 3777 3104 3824 ut
3168 3759 3474 3840 gigantum.
3501 3777 3566 3818 ac
3591 3761 3688 3832 (ιιιὶ

376 3869 528 3936 nani,
557 3885 654 3926 seu
694 3868 1026 3940 pumiliones
1072 3870 1432 3939 appellantur,
1502 3871 1665 3926 alicui
1701 3873 1989 3943 contingit.

443 3963 568 4016 Τῶν
594 3962 705 4034 γὰρ
733 3965 792 4017 ὲν
833 3963 968 4034 ἡμῖν
1002 3961 1201 4034 μελῶν,
1239 3963 1309 4016 τὰ
1342 3965 1442 4035 μὲν
1475 3966 1613 4036 πρὸς
1639 3966 1702 4020 τὸ
1743 3966 1867 4038 ζῇν,
1899 3967 1970 4021 τὰ

2144 3966 2278 4022 Nam
2315 3967 2690 4022 membrorum
2737 3963 2793 4018 in
2840 3960 3036 4026 nobis,
3067 3956 3316 4030 quaedam
3381 3951 3447 4007 ad
3497 3950 3688 4004 viven-

370 4057 430 4111 δὲ
461 4057 598 4129 πρὸς
645 4057 708 4112 τὸ
750 4051 809 4110 εὗ
843 4057 942 4128 ζῇν
978 4057 1129 4110 ἐστιν
1159 4057 1464 4130 ἐπιτήδειαο
1511 4059 1580 4112 τὰ
1627 4060 1728 4130 μὲν
1773 4055 1871 4114 οὖν
1901 4063 1972 4094 ¹¹⁹

2079 4064 2250 4128 dum,
2313 4061 2564 4132 quaedam
2621 4072 2750 4112 vero
2800 4055 2866 4110 ad
2925 4053 3064 4110 bene
3131 4051 3424 4106 vivendum
3471 4043 3684 4100 'ldonea

371 4151 513 4223 πρὸς
547 4151 610 4205 τὸ
653 4150 754 4223 ζῇν
783 4151 1050 4221 γεγονότα
1091 4149 1258 4224 κύρια
1301 4153 1592 4224 τυγχάνειο
1641 4151 1776 4220 οἷον,
1811 4155 1975 4224 ἐγκέ-

2079 4168 2243 4225 sunt;
2289 4166 2345 4212 ct
2408 4172 2472 4212 ea
2542 4154 2764 4225 quidem
2821 4166 2944 4222 qnze
3010 4149 3077 4204 ad
3139 4143 3431 4200 vivendum
3490 4138 3685 4192 idonea

371 4245 562 4314 φαλος,
594 4246 815 4316 καρδία,
846 4244 1084 4317 γαστὴρ,
1137 4245 1234 4300 καὶ
1267 4245 1312 4277 ’⁸
1337 4242 1492 4319 ἧπαρ
1513 4287 1527 4312 ,
1558 4248 1655 4302 καὶ
1690 4247 1972 4318 πνεύμωψ

370 4337 446 4394 ὧν
477 4340 763 4395 παθόντων
789 4340 1018 4413 τελευτᾷ
1043 4341 1104 4394 τὸ
1129 4340 1292 4406 ζῶον·
1317 4344 1384 4395 τὰ
1414 4342 1472 4395 δὲ
1496 4343 1635 4414 πρὸς
1663 4343 1725 4398 τὸ
1754 4339 1968 4416 εὗςζῇν,

2081 4259 2232 4317 sunt,
2279 4248 2590 4313 cerebrum,
2653 4259 2786 4306 cor,
2837 4242 3034 4311 iecur,
3087 4237 3313 4308 pulmo,
3383 4239 3686 4299 venterque

2073 4344 2365 4409 habentur,
2392 4341 2592 4412 quibus
2617 4337 2855 4401 oblaesis,
2910 4333 3113 4388 animal
3142 4327 3422 4384 interitum
3451 4324 3680 4396 patitur.

367 4433 637 4506 ὀφθαλμοί
669 4437 814 4499 εἱσι,
862 4435 960 4488 κα)¹
1007 4436 1168 4499 πόδες
1209 4435 1306 4489 καὶ
1352 4439 1538 4509 χεῖρες
1561 4477 1577 4502 ,
1608 4437 1704 4491 καὶ
1738 4439 1805 4493 τὰ
1833 4439 1972 4494 ἄλλα

2079 4437 2206 4503 Qua:
2259 4449 2388 4490 vero
2431 4433 2500 4488 ad
2527 4433 2665 4487 bene
2698 4428 3021 4493 vivendum,
3067 4423 3234 4487 oeuli,
3259 4420 3446 4491 pedes,
3483 4431 3684 4472 manus

370 4523 558 4595 μόρια·
585 4523 792 4578 τούτων
819 4525 928 4596 γὰρ
959 4525 1269 4590 παθόντων,
1297 4527 1364 4598 ζῇ
1401 4527 1502 4597 μὲν
1531 4527 1592 4580 τὸ
1627 4525 1790 4595 ζῶον,
1820 4529 1887 4601 ζῇ
1913 4529 1970 4582 δὲ

367 4617 428 4670 οὐ
460 4617 662 4681 καλῶς.

437 4709 539 4764 Διὰ
571 4711 734 4764 τοῦτο
773 4711 882 4782 γὰρ
909 4711 1006 4764 καὶ
1033 4711 1105 4765 τὰ
1131 4713 1464 4784 αἰσθητήρια
1497 4713 1566 4767 δι’
1598 4714 1976 4787 ὑπερϐάλλου-

368 4821 471 4858 σαν
509 4803 864 4876 κηδεμονίαν,
913 4805 1084 4858 διπλᾶ
1117 4807 1424 4878 πεποίηκεν
1445 4807 1491 4838 ”
1517 4807 1544 4859 ὁ
1574 4807 1728 4872 Θεός·
1766 4809 1853 4861 ἵνα
1881 4807 1974 4862 τοῦ

367 4896 557 4968 ἑτέρου
606 4896 904 4960 παθόντος,
939 4897 1000 4950 τὸ
1023 4897 1488 4970 περιλειπόμενον
1530 4899 1680 4971 σώζῃ
1745 4900 1846 4973 τὴν
1892 4901 1978 4955 αἵο

370 4991 588 5064 σθησιν.
623 4991 731 5045 Δύο
764 4991 873 5063 γὰρ
913 4989 1190 5061 ὀφθαλμοὶ
1213 4991 1308 5045 καὶ
1340 4987 1458 5047 ὦτα
1494 4993 1610 5047 δύου
1647 4994 1743 5048 δύο
1774 4995 1979 5066 πόρους

366 5087 465 5156 τῆς
491 5086 820 5157 ὀσφρήσεως
832 5085 879 5116 ’⁵
903 5088 961 5138 ὲν
982 5087 1046 5156 τῇ
1074 5083 1184 5156 ῥινὶ
1207 5086 1535 5157 πεποίηκεν,
1562 5089 1657 5141 καὶ
1679 5087 1773 5141 δύο
1798 5088 1972 5159 γλώτ-

365 5193 465 5240 τας
523 5179 661 5231 πᾶσι
707 5180 822 5241 τοῖς
869 5175 1033 5242 ζώοις
1077 5177 1361 5248 ἐνέφυσεν·
1405 5177 1545 5232 ἀλλὰ
1591 5181 1704 5244 τοῖς
1760 5179 1860 5250 μὲν
1899 5179 1977 5233 δι-

2074 4531 2306 4602 aliaaque
2353 4537 2540 4599 partes
2600 4534 2749 4591 sunt,
2800 4523 3004 4594 quibus
3049 4534 3176 4574 cum
3213 4515 3432 4571 adversi
3468 4511 3679 4582 aliquid

2004 4636 2049 4690 ι)
2080 4623 2344 4692 evenerit,
2375 4623 2543 4677 vitam
2605 4618 2812 4674 animal
2842 4631 2952 4671 non
2988 4623 3170 4669 tamen
3220 4617 3365 4665 recte
3402 4606 3678 4679 producit.

2148 4713 2261 4770 Hac
2292 4715 2360 4770 de
2383 4729 2552 4769 causa
2583 4711 2750 4775 Deus,
2777 4726 2889 4780 pra:
2918 4708 3087 4763 nimia
3118 4705 3202 4762 sui
3229 4719 3363 4760 cura
3405 4701 3678 4772 geminata

2077 4808 2131 4861 in
2167 4808 2326 4862 nobis
2352 4805 2601 4862 sensoria
2633 4802 2948 4867 constituit,
2990 4809 3051 4856 ut
3085 4799 3262 4855 altero
3293 4795 3505 4860 vitiato,
3531 4791 3679 4864 quod

2081 4902 2350 4972 reliquum
2382 4914 2487 4966 est,
2528 4916 2726 4956 sensus
2772 4898 2946 4954 cilicia
2987 4903 3344 4966 exsequatur.
3395 4888 3680 4960 Siquidem

2079 4997 2326 5065 geminos
2401 4995 2612 5061 oculos,
2664 4993 3004 5064 totidemque
3072 5003 3257 5053 aures,
3317 4993 3676 5051 meatusque.

2080 5086 2173 5157 qui
2206 5085 2430 5141 olfactui
2474 5086 2804 5152 inserviunt,
2837 5085 2891 5140 in
2922 5098 3058 5138 naso
3082 5077 3482 5145 constituit;et
3503 5073 3679 5145 gemi—

2080 5195 2206 5233 nam
2260 5179 2502 5251 linguam
2555 5180 2831 5236 universis
2863 5179 2919 5233 in
2963 5175 3298 5232 animalibus
3335 5168 3680 5243 procreavit,

369 5287 477 5341 ηρη
487 5269 654 5341 μένας
679 5309 695 5337 ,
722 5269 799 5334 ὡς
825 5271 939 5334 τοῖς
973 5270 1155 5340 ὄφεσι,
1178 5274 1292 5335 τοῖς
1319 5272 1378 5326 δὲ
1413 5289 1590 5343 συνημ
1605 5273 1771 5343 μένας
1799 5271 1844 5304 ’⁸
1879 5273 1975 5327 καὶ

2079 5263 2169 5327 Sed
2196 5273 2248 5326 in
2278 5273 2562 5328 nonnullis
2584 5272 2832 5340 bifidam,
2862 5282 2923 5326 ut
2952 5271 3008 5325 in
3031 5275 3348 5338 serpentum
3372 5277 3572 5336 genere
3595 5260 3680 5315 vi-

369 5366 784 5434 σννηνωμένας,
825 5365 901 5428 ὠς
943 5368 1058 5430 τοῖς
1090 5365 1427 5438 ἀνθρώποις.
1469 5365 1633 5420 Ἀλλὰ
1657 5366 1764 5419 τῶν
1792 5367 1892 5437 μὲν
1924 5369 1968 5400 ’⁷

2079 5365 2215 5420 sitnr
2252 5383 2268 5421 :
2315 5366 2370 5420 in
2426 5367 2745 5422 hominibus
2773 5407 2790 5435 ,
2851 5375 3162 5421 consertam
3200 5363 3680 5429 cohaerentemque

369 5455 642 5508 πλείστων
705 5457 1086 5529 αἰσθητηρίων
1136 5457 1613 5529 διαφθειρομένων
1669 5459 1824 5512 οὐδὲν
1883 5461 1969 5523 είς

367 5547 540 5620 αὐτὴν
577 5549 677 5619 τὴν
711 5549 859 5622 ζωὴν
903 5550 1356 5605 καταϐλάπτεται
1403 5552 1464 5604 τὸ
1518 5553 1657 5616 ζῶον
1729 5554 1873 5623 ἁφῆς
1908 5553 1965 5606 δὲ

341 5692 345 5694 γ
436 5709 457 5737 9
500 5703 849 5777 κομμιτικῶν
889 5704 932 5760 Α
973 5704 1331 5777 κομμυτικῶν
1364 5707 1425 5762 (ἶ.

1506 5708 1548 5740 ¹⁰
1591 5707 1653 5762 τὸ
1686 5708 1755 5762 δι’
1798 5711 1890 5762 ἐπὶ
1914 5711 2224 5780 χρωμάτων
2253 5713 2317 5778 Α,
2353 5713 2415 5766 τὸ
2451 5728 2560 5765 om.
2595 5711 2715 5767 BC.

2074 5461 2403 5531 procreavit.
2441 5460 2604 5530 Nam,
2668 5461 2887 5516 tametsi
2922 5459 3160 5533 plurima
3194 5475 3259 5515 ex
3294 5458 3560 5514 sensoriis
3594 5455 3674 5510 vi-

2075 5555 2200 5610 tiari
2231 5555 2518 5620 acciderit,
2568 5557 2778 5612 nullum
2832 5564 3014 5611 tamen
3046 5555 3170 5609 vitae
3207 5552 3503 5609 discrimen
3562 5550 3681 5606 ani-

2800 5713 2836 5744 "
2885 5710 3180 5784 προσώπου
3224 5711 3264 5764 Β
3313 5712 3369 5764 ι’.
3453 5711 3672 5784 ηκατ-

365 5776 819 5855 επακολουθῆσαν
853 5779 950 5855 καὶ
976 5777 1083 5855 ὐπὸ
1111 5778 1216 5855 τῆς
1241 5778 1330 5844 ὐγ.
1365 5779 1426 5833 Β.
1504 5781 1547 5812 ¹³
1582 5776 2089 5855 απαρεμπώίστως
2116 5782 2210 5855 Βη
2259 5776 2518 5855 1⁷⁵ψυχῆς
2559 5784 2620 5837 Β.
2701 5784 2743 5815 ’⁵
2784 5776 2948 5855 θεωρ.
2975 5782 3237 5853 ἀρτιότης
3272 5783 3398 5837 ΒΡ.
3479 5783 3521 5814 ¹⁶
3562 5782 3672 5834 λεια

368 5848 605 5918 ’τέμενος
637 5847 698 5901 Β.
778 5847 819 5878 ¹⁷
861 5847 1108 5917 ὲτφάλθη
1159 5848 1378 5916 λέγεται
1409 5855 1474 5904 Λ.
1555 5852 1597 5883 ¹⁸

1638 5851 1892 5925 ἢκεῖραν
1924 5855 1982 5906 Β,
2063 5854 2104 5884 '9
2145 5854 2223 5925 τῷ
2247 5851 2568 5921 ὠμοπλᾶτει
2604 5855 2660 5909 Β.

2771 5855 2816 5886 ²⁰
2858 5854 2916 5908 π.
2948 5855 3009 5908 τὸ
3037 5872 3162 5923 μεγ.
3197 5854 3337 5925 ἔχων
3363 5871 3489 5922 κεφ.
3517 5869 3666 5925 niox.

369 5913 478 5973 nni.
520 5918 795 6043 ὕπερμεῖι.
841 5919 900 5974 Β.
944 5913 952 5916 “
979 5922 1018 5951 ¹¹
1063 5913 1380 5990 ὀφθαλμοὺς
1409 5921 1450 5976 Β
1491 5922 1550 5977 P.
1613 5913 1749 5976 ’ίἪ
1776 5913 1827 5976 ὁὶ
1854 5925 1975 5977 ἀνθ.
2004 5925 2062 5976 Β.
2143 5913 2207 5956 ²²³
2245 5913 2337 5981 οὖν
2365 5943 2474 5978 ιιιιι.
2504 5927 2563 5978 Β.
2599 5928 2693 5980 καὶ
2719 5927 2788 5978 τὰ
2829 5926 2929 5996 μὲν
2953 5927 2991 5981 C
3013 5913 3076 5980 Ρ.
3121 5913 3132 5923 ’
3155 5927 3201 5957 ²³
3228 5913 3334 5980 ’καὶ
3364 5913 3580 5995 γαστὴρ
3608 5921 3665 5978 Β.

380 5987 423 6021 ’δ
454 5990 711 6043 ἐποίησεν
813 5990 876 6043 C.
919 5993 966 6024 ³⁸
997 5990 1092 6043 δύο
1115 5993 1216 6043 ﬁt:
1242 5991 1403 6043 ὸσωη-
1432 6013 1560 6043 ποο.
1597 5995 1654 6043 Β.
1739 5997 1783 6028 ⁵⁸
1829 5997 2139 6043 συνπαὲνας
2165 5997 2224 6043 Β-
2303 6001 2347 6032 ²⁷
2390 5999 2481 6043 καὶ
2511 5999 2620 6043 τῶν
2653 5998 2750 6043 μὲν
2781 5999 2839 6043 Β-

380 5987 423 6021 ²⁸
454 5987 711 6063 ἐποίησεν

813 5990 876 6047 C.
919 5993 966 6024 "
997 5990 1092 6046 δύο
1115 5993 1216 6064 τῆς
1242 5991 1403 6065 όσφρ.
1432 6013 1560 6066 mp.
1597 5995 1654 6048 B.
1739 5997 1783 6028 ⁵⁸
1829 5997 2139 6068 συνημὲνας
2165 5997 2224 6051 Β.
2303 6001 2347 6032 ²⁷
2390 5999 2481 6051 καὶ
2511 5999 2620 6050 τῶν
2650 5998 2750 6070 μὲν
2780 5990 2840 6054 Βξ
