4138 6506
418 491 565 550 1143

1739 488 2021 544 MELETII
2062 485 2381 542 MONACIII

3561 483 3701 539 ΗΜ

413 606 525 662 mal
552 605 736 671 subit;
773 614 920 661 tactu
971 621 1103 660 vero
1153 607 1459 677 deperdita,
1508 607 1670 661 simul
1699 616 1753 661 et
1793 607 1998 661 animal

2118 605 2504 675 ἱπολλυμὲνης,
2534 602 2939 656 συναπόλλυται
2971 600 3066 654 καὶ
3091 600 3137 633 ³³
3165 601 3228 654 τὸ
3257 600 3417 666 ζῶον.
3450 600 3566 653 Πᾶν
3592 602 3715 682 γὰρ(

413 714 540 755 eum
560 696 680 768 ipso
700 699 860 769 perit.
890 697 1169 769 Siquidem
1184 713 1346 754 omne
1364 699 1572 753 animal
1591 707 1795 754 tactum
1815 699 2001 766 habet,

415 787 541 844 aliis
554 803 686 844 vero
701 789 968 846 sensoriis
984 790 1240 845 omnibus
1264 806 1373 844 non
1393 790 1581 844 omnia
1601 790 1828 860 praedita
1849 799 2001 857 sunt,

417 879 512 935 sed
535 881 786 950 quaedam
809 881 1106 950 aliquibus,
1138 881 1558 951 perfectioribus
1585 892 1766 938 autem
1816 882 2004 938 omnia

415 971 783 1041 contigerunt.
798 968 1110 1038 Enimvero,
1131 972 1294 1026 homo
1318 982 1522 1028 tactum
1542 983 1870 1043 gustumque
1887 989 2009 1028 exa-

417 1063 660 1119 ctissime
683 1063 910 1118 sortitus
934 1065 1255 1136 est,quibus
1278 1066 1385 1120 alia
1420 1066 1680 1120 animalia
1700 1065 1808 1138 5,5
1837 1081 2004 1120 exsu-

417 1164 592 1225 perat.
621 1154 819 1210 Tribus
847 1169 976 1211 vero
992 1171 1116 1225 qua:
1133 1156 1342 1226 reliqua
1368 1165 1515 1221 sunt,
1535 1156 1885 1212 illisinferior
1911 1157 2007 1211 ha-

419 1247 596 1302 betur.
613 1248 676 1302 Et
688 1246 833 1301 aliud
847 1247 1063 1317 quidem
1085 1248 1306 1314 animal,
1323 1249 1470 1303 aliud
1486 1266 1552 1304 ex
1569 1249 1829 1305 sensoriis
1841 1251 2009 1305 homi-

419 1354 541 1394 nem
568 1340 754 1404 vineit,
773 1341 1066 1396 canisvero
1087 1342 1261 1396 tribus
1281 1341 1466 1408 simul,
1485 1343 1695 1410 auditu,
1713 1343 1856 1407 visu,
1873 1343 2009 1398 olfa-

417 1438 640 1498 ctuque,
661 1429 789 1482 utin
810 1429 896 1484 his
911 1430 1006 1499 qui
1017 1431 1185 1485 odore
1199 1430 1343 1486 feras
1355 1432 1644 1502 vestigant,
1665 1447 1888 1488 cernere
1903 1443 2006 1488 est.

489 1512 607 1569 Non
679 1515 842 1570 modo
899 1526 1082 1572 autem
1147 1520 1436 1589 geminatis
1500 1522 1764 1577 sensoriis
1825 1538 2010 1578 rerum

417 1600 643 1656 Creator
706 1619 807 1659 nos
867 1604 1186 1676 insignivit,
1251 1610 1344 1664 sed
1410 1609 1528 1680 ipsa
1591 1610 1791 1681 duplici
1845 1629 2009 1669 sensu

417 1695 642 1765 praedita
696 1713 818 1753 esse
866 1700 1071 1765 voluit,
1130 1701 1324 1769 altero,
1380 1706 1473 1774 qui
1523 1719 1713 1760 eorutn
1769 1707 2010 1775 peculia--

419 1789 496 1842 ris
546 1796 652 1854 est,
696 1791 869 1846 altero
926 1800 1122 1849 tactus.
1191 1792 1262 1849 Ut
1298 1795 1473 1861 visus,
1533 1795 1650 1864 ipse
1701 1798 1846 1852 enim
1898 1807 2008 1854 tum

417 1881 633 1938 colores
667 1883 971 1954 distinguit,
1019 1895 1134 1940 tum
1165 1903 1289 1957 quae
1329 1889 1500 1944 calida
1545 1889 1847 1961 frigidaque
1885 1900 2012 1947 sunt

2109 694 2248 758 ζῶον
2286 695 2430 764 ἁφὴν
2469 693 2580 763 ἔχει
2605 736 2618 758 ,
2653 693 2754 756 τάς
2795 692 2853 745 δὲ
2899 691 3067 754 ἄλλας
3105 691 3393 762 αἰσθήσεις
3431 691 3492 743 οὐ
3522 690 3702 745 πάντα

2111 783 2291 846 πάσας
2311 785 2380 848 ³³,
2423 783 2536 836 ἀλλ’
2569 783 2719 846 ὲνίας
2752 782 2890 835 ἔνια·
2941 783 3122 844 πάσας
3157 781 3213 834 δὲ
3245 781 3359 852 ἔχει
3398 781 3470 834 τὰ
3500 779 3705 834 τελεώ-

2107 897 2242 951 τερα
2274 881 2342 935 ³⁰.
2407 880 2464 933 Ὀ
2518 880 2574 932 δὲ
2645 878 2934 949 ἄνθρωπος
2980 881 3049 944 τῇ
3092 878 3204 947 ἀφῇ
3253 876 3345 928 καί
3389 878 3456 945 τῇ
3510 876 3708 944 γεύσει

2109 973 2272 1026 πλέον
2297 973 2412 1043 ἔχει
2447 973 2558 1026 τῶν
2603 971 2778 1025 ἄλλων
2806 971 2982 1034 ζώων,
3031 971 3127 1022 καί
3175 969 3595 1041 ἀκριϐεστάτως
3633 970 3705 1030 ³³,

2111 1066 2202 1118 καί
2225 1083 2308 1118 τοι
2332 1068 2451 1128 ταῖς
2482 1065 2673 1129 ἄλλαις
2697 1065 2872 1137 τρισὶν
2903 1064 3238 1134 ἡττώμενος.
3271 1061 3434 1114 Ἀλλο
3463 1061 3563 1130 μὲν
3591 1062 3704 1131 γὰρ

2115 1154 2251 1218 ζῶον
2283 1156 2405 1208 κατ’
2432 1154 2599 1224 ἀλλην
2622 1155 2716 1207 καὶ
2747 1154 2916 1222 ἀλλην
2939 1155 2982 1185 ³³
3012 1153 3274 1221 αἴσθησιν
3301 1154 3365 1205 ἐκ
3389 1151 3499 1205 τῶν
3530 1152 3706 1221 τριῶν

2113 1246 2432 1299 πλεονεκτεῖ
2459 1245 2550 1299 τὸν
2579 1246 2868 1316 ἄνθρωπον
2893 1246 2957 1277 ³³⁸
2983 1246 3012 1297 ὁ
3033 1244 3089 1297 δὲ
3124 1243 3272 1297 κύων
3297 1245 3355 1296 ὲν
3376 1245 3493 1304 ταῖς
3522 1244 3706 1314 τρισὶν

2112 1338 2246 1408 ἃμα·
2279 1338 2534 1408 ὀξύτερον
2579 1337 2687 1408 γὰρ
2733 1339 2827 1391 καί
2877 1336 3068 1390 ἀκούει
3093 1337 3162 1400 ³⁸,
3210 1336 3306 1389 καὶ
3352 1335 3576 1406 βλέπει,
3605 1335 3703 1388 καὶ

2111 1433 2487 1503 ὸσφραίνεται,
2525 1431 2600 1494 ὡς
2621 1431 2779 1501 δῆλον
2813 1433 2878 1485 ἐκ
2913 1431 3024 1485 τῶν
3052 1430 3394 1500 ἰχνευὸντων.

2185 1525 2258 1575 Οὐ
2302 1523 2462 1594 μόνον
2493 1522 2549 1576 δὲ
2579 1521 2744 1576 διπλᾶ
2773 1521 3009 1574 δέδωκεν
3034 1522 3168 1589 ἡμῖν
3197 1518 3266 1572 τά
3305 1517 3643 1589 αἰσθητήρια
3670 1519 3702 1570 δ

2113 1614 2488 1686 Δημιουργὸς,
2522 1612 2658 1666 ἀλλά
2705 1614 2800 1666 καὶ
2843 1612 3014 1674 αὑτάς
3056 1611 3283 1679 ἐποίησε
3328 1610 3523 1672 διπλᾶς
3552 1609 3703 1680 ἔχειν

2113 1701 2395 1770 αἰσθήσεις
2418 1705 2483 1736 ³³·
2541 1705 2638 1776 τήν
2686 1705 2784 1774 μὲν
2828 1703 2938 1756 τῶν
2987 1703 3135 1756 ἰδίων
3168 1701 3467 1772 αἰσθητῶν,
3516 1699 3616 1772 τήν
3642 1700 3702 1754 δὲ

2114 1795 2213 1864 τῆς
2243 1795 2409 1864 ἁφῆς.
2449 1795 2539 1858 Ὠς
2573 1797 2606 1865 ή
2633 1794 2775 1864 ὄψις
2813 1794 2908 1847 καὶ
2938 1793 3048 1863 γὰρ
3080 1792 3150 1845 τά
3190 1792 3460 1862 χρώματα
3480 1790 3702 1862 διακρί-

2115 1904 2216 1949 νει,
2248 1888 2339 1939 καί
2365 1887 2472 1939 τῶν
2501 1885 2721 1957 θερμῶν
2756 1886 2850 1938 καὶ
2888 1884 3112 1956 ψυχρῶν
3133 1885 3180 1917 ³³
3212 1881 3699 1953 ἀντιλαμϐάνεται·

417 1972 802 2042 deprehendit,
865 1975 961 2031 sed
1027 1977 1143 2032 haec
1198 1979 1415 2048 quidem
1471 1995 1574 2050 qua
1633 1995 1855 2050 corpus,
1917 1996 2011 2037 co-

2118 1978 2252 2032 ἀλλὰ
2277 1978 2485 2032 τούτων
2519 1978 2640 2048 μὲν,
2688 1977 2765 2040 ὡς
2795 1976 2974 2048 σῶμα·
3013 1975 3124 2029 τῶν
3162 1975 3220 2029 δὲ
3259 1975 3568 2046 χρωμάτων
3602 1974 3704 2028 καὶ

419 2064 566 2119 lores
611 2079 763 2130 vero,
810 2074 864 2121 et
895 2082 1019 2136 qua:
1077 2068 1369 2137 splendore
1400 2070 1645 2140 praedita,
1695 2087 1802 2142 qua
1849 2072 2001 2128 visus

2118 2071 2212 2125 τῶν
2253 2070 2572 2140 αὑγοειδῶν,
2601 2071 2676 2134 ῶς
2720 2069 2867 2140 ὖψις.
2899 2069 3012 2124 Καὶ
3045 2067 3232 2138 μέντοι
3261 2068 3356 2123 καὶ
3380 2067 3458 2139 τῷ
3497 2068 3701 2136 γεωδε-

422 2152 829 2210 animadvertit.
859 2153 1155 2213 Enimvero
1208 2168 1403 2226 tactus,
1437 2169 1622 2230 utpote
1645 2162 1739 2232 qui
1765 2163 2001 2218 maxime

2118 2166 2284 2235 ςτάτῳ
2309 2165 2352 2194 ³⁷
2391 2164 2486 2216 καὶ
2514 2163 2964 2234 σωματικωτάτῳ
2984 2162 3092 2214 τῶν
3119 2161 3523 2233 αἰσθητηρίων,
3560 2162 3704 2230 ὅπερ

421 2250 697 2312 terrenus,
737 2261 1114 2316 supremaque
1149 2250 1503 2318 corpulentia:
1525 2261 1720 2320 prater
1742 2253 1846 2307 alia
1874 2268 2001 2308 sen-

2118 2257 2248 2308 ιστὶν
2277 2256 2310 2322 ἡ
2362 2254 2495 2324 ἁφὴ,
2532 2255 2636 2322 τῆς
2683 2253 2924 2322 γεώδους
2973 2253 3190 2321 φύσεως
3231 2252 3574 2307 αἰσθάνεται.
3610 2251 3710 2322 Τῷ

421 2337 568 2392 soria
603 2346 708 2402 est,
763 2355 888 2410 qua:
931 2350 1162 2397 terrenae
1193 2351 1403 2398 natura:
1440 2353 1586 2411 sunt,
1637 2345 2001 2415 comprehen-

2118 2345 2163 2398 Ξὲ
2187 2345 2473 2416 ἀεροειδεῖ,
2498 2343 2605 2397 τῶν
2626 2343 2720 2396 τοῦ
2742 2343 2903 2414 ἀέρος
2923 2341 3266 2411 παθημάτων
3281 2340 3370 2395 διά
3385 2342 3488 2409 τῆς
3505 2339 3702 2410 ἀκοῆς⁹

421 2426 520 2482 dit.
569 2427 700 2494 Quae
759 2445 890 2485 vero
929 2446 1103 2488 aereae
1132 2433 1412 2503 qualitatis
1441 2433 1738 2500 habentur,
1781 2436 2001 2490 auditus

2118 2439 2206 2492 καὶ
2234 2439 2310 2508 τῷ
2339 2436 2683 2505 σπογγοειδεῖ
2709 2437 2751 2467 ³⁸
2781 2438 2880 2506 τῆς
2911 2435 3184 2505 γλώττης,
3229 2433 3324 2486 καὶ
3352 2432 3430 2503 τῷ
3453 2432 3699 2486 ὑδατοει-

421 2517 728 2575 ministerio
772 2521 867 2592 qui
927 2523 1072 2579 aeris
1132 2526 1408 2595 particeps
1440 2535 1544 2590 est,
1579 2527 1997 2597 dignoscuntur.

2118 2533 2187 2584 Βεί
2215 2529 2291 2600 τῷ
2315 2530 2360 2560 ³³
2392 2530 2536 2584 κατά
2571 2530 2668 2600 τὴν
2713 2527 2927 2597 γεῦσιν,
2968 2525 3080 2580 τῶν
3126 2527 3319 2598 χυμῶν
3358 2525 3707 2595 άντιλαμόά-

420 2612 491 2664 At
529 2627 557 2665 a
610 2612 818 2683 lingua,
872 2631 995 2685 qum
1034 2619 1342 2688 spongiosze
1385 2618 1674 2689 cujusdam
1719 2620 2003 2690 qualitatis

2118 2640 2280 2677 νεταιο
2319 2623 2551 2676 ’ἑκαστον
2596 2622 2706 2693 γὰρ
2737 2623 2846 2675 τῶν
2882 2621 3162 2692 αἰσθητῶν
3205 2620 3296 2675 διὰ
3345 2619 3457 2674 τῶν
3481 2619 3706 2673 οἰκείων

421 2711 529 2768 est,
571 2719 820 2776 sapores,
853 2708 948 2777 qui
979 2710 1141 2779 aquei
1175 2711 1588 2780 quodammodo
1625 2721 1775 2777 sunt,
1808 2723 2002 2785 gustus

2118 2715 2486 2787 αἰσθητηρίων
2531 2714 2903 2786 γνωρίζεσθαι
2949 2714 3222 2783 πέφυκεν.

423 2793 600 2852 ollicio
631 2797 1161 2866 deprehenduntur:
1201 2803 1473 2872 siquidem
1530 2805 1786 2862 universa
1847 2821 2045 2877 genera
2083 2823 2273 2863 eorum
2315 2824 2437 2878 qua:
2464 2809 2566 2864 sub
2597 2823 2821 2863 sensum
2872 2808 3098 2875 cadunt,
3170 2806 3544 2878 peculiaribus
3577 2821 3706 2862 seu-

424 2888 590 2943 soriis
629 2889 997 2945 animadverti
1027 2900 1219 2963 suapte
1260 2907 1456 2948 natura
1496 2896 1693 2951 idonea
1736 2907 1884 2952 sunt.

495 2977 614 3034 Hac
648 2979 817 3050 igitur
865 2982 1101 3049 ratione,
1146 3001 1270 3039 eum
1307 2995 1546 3056 quatuor
1573 2988 1842 3045 elementa
1875 2991 2006 3058 sint,

2192 2990 2338 3042 Ἔδει
2380 2990 2561 3043 τοίνυν
2590 2989 2734 3044 κατὰ
2773 2989 2965 3044 τοῦτον
2999 2991 3089 3044 τὸν
3121 2989 3306 3059 λόγον,
3354 2989 3546 3060 ἐπειδὴ
3574 2991 3706 3044 τέσ-

427 3073 507 3126 nti
523 3081 578 3127 et
605 3088 805 3129 sensus
828 3075 1052 3130 totidem
1071 3085 1276 3144 essent,
1293 3093 1516 3135 necesse
1534 3079 1558 3133 f
1559 3089 1733 3136 uerat.
1747 3081 1851 3137 Sed
1869 3099 2008 3153 quo-

2118 3099 2258 3153 σαρα
2285 3086 2525 3152 στοιχεῖα
2557 3083 2687 3147 εἰσί,
2723 3083 3004 3154 τέσσαρας
3035 3077 3177 3136 εἶναι
3213 3083 3312 3137 καί
3351 3082 3451 3145 τάς
3503 3082 3706 3152 αἰσθή-

426 3163 578 3218 niam
597 3178 788 3234 vapor,
812 3165 1154 3237 odorumque
1178 3183 1370 3238 genus,
1390 3170 1532 3225 inter
1549 3186 1733 3228 aerem
1777 3189 2007 3243 aquam-

2118 3191 2252 3238 σεις.
2298 3173 2439 3228 Ἀλλ’
2487 3175 2788 3245 ἐπειδήπερ
2839 3177 2868 3228 ὁ
2920 3174 3095 3245 ἀτμὸς
3146 3175 3238 3228 καί
3284 3175 3344 3228 τὸ
3380 3173 3490 3228 τῶν
3523 3174 3711 3246 ὀδμῶν

427 3271 559 3326 que,
583 3256 774 3314 media:
798 3259 1085 3329 cujusdam
1108 3269 1318 3318 naturae
1339 3262 1471 3328 sint,
1491 3278 1616 3320 aere
1647 3273 1824 3321 tamen
1855 3282 2008 3322 cras-

2118 3266 2272 3334 γένος
2301 3266 2510 3337 μεταξὺ
2538 3265 2637 3336 τήν
2685 3265 2849 3335 φύσιν
2873 3265 2919 3298 ³ο
2955 3267 3096 3320 εἰσίν
3128 3267 3292 3337 ἀέρος
3324 3265 3423 3320 καὶ
3474 3266 3666 3332 ὕδατος
3687 3286 3700 3300 ·

428 3353 616 3419 sioris,
643 3368 785 3424 aqua
810 3370 940 3411 vero
989 3356 1296 3413 subtilioris
1327 3358 1578 3424 habetur,
1616 3360 1720 3416 hac
1752 3361 1820 3416 de
1846 3376 2013 3417 causa

2118 3356 2281 3430 ἀέρος
2335 3358 2436 3429 μὲν
2465 3359 2574 3429 γάρ
2620 3360 2740 3412 ἐστι
2779 3357 3269 3430 παχυμερέστερος
3288 3359 3355 3426 ⁸³,
3405 3358 3598 3423 ὓδατος
3646 3359 3702 3413 δὲ

428 3453 626 3502 natura
648 3448 898 3518 quintum
922 3450 1084 3506 nobis
1107 3451 1418 3507 sensorium
1443 3453 1673 3510 interius
1690 3453 1884 3526 largita
1908 3463 2011 3510 est.

2118 3450 2623 3522 λεπτομερέστερος
2641 3451 2709 3516 ³³,
2741 3449 2935 3504 τούτου
2967 3451 3130 3523 χάριν
3177 3452 3211 3522 ή
3245 3451 3517 3522 δσφρησις
3558 3451 3691 3521 πέμ-

2120 3559 2254 3596 πτον
2282 3542 2440 3614 ἐδόθη
2475 3544 2607 3614 ἡμῖν
2625 3543 2670 3575 “
2703 3544 3084 3614 αἰσθητήριον.

499 3617 658 3683 Quod
707 3635 876 3685 vero,
933 3631 1048 3677 tum
1105 3638 1391 3695 vaporum,
1451 3634 1570 3682 tum
1619 3627 1851 3683 odorum
1912 3642 2015 3684 na-

429 3716 552 3762 tura
583 3722 710 3764 aere
757 3711 998 3767 crassior
1029 3726 1134 3777 est,
1181 3730 1245 3769 ex
1282 3716 1368 3772 his
1411 3717 1507 3787 qui
1566 3717 1784 3772 narium
1829 3734 2012 3786 muco,

428 3812 526 3854 seu
576 3804 836 3858 catarrbo
890 3805 1158 3874 laborant,
1214 3817 1558 3879 perspectum
1608 3809 1874 3877 redditur,
1921 3815 2015 3882 qui

427 3907 555 3946 cum
614 3909 799 3949 aerem
860 3898 1167 3962 attrahunt,
1236 3915 1468 3970 vapores
1523 3901 2018 3973 opilationisugra-

429 3983 504 4037 tia
563 3985 993 4058 haudquaquam
1069 3993 1336 4056 sentiunt,
1399 3994 1495 4048 sed
1550 3994 1643 4048 diu
1711 3994 2017 4049 sensorium

427 4090 461 4130 a
521 4081 759 4136 sensatis
817 4082 1290 4153 deprehendendis
1348 4084 1592 4141 immune
1637 4088 2016 4152 continentes,

427 4173 748 4247 perdurant.
797 4177 1009 4231 Etenim
1062 4193 1258 4234 sensus
1309 4179 1426 4249 ipse
1472 4181 1724 4236 alteratio
1763 4196 1872 4235 non
1911 4190 2016 4246 est,

429 4267 527 4325 sed
582 4269 678 4340 qui
758 4269 934 4338 ipsam
1006 4269 1385 4327 alterationem
1457 4272 1848 4342 deprehendit;
1891 4289 2017 4328 nam

428 4375 552 4430 quae
598 4361 702 4416 sub
734 4375 958 4416 sensum
993 4360 1218 4427 cadunt,
1253 4363 1564 4418 alterationi
1614 4364 1853 4420 obnoxia
1895 4364 2020 4418 red-

429 4451 653 4506 duntur.
707 4451 1099 4509 Alterationem
1150 4469 1282 4508 vero
1311 4471 1506 4510 sensus
1562 4455 1872 4526 distinguit.

501 4542 780 4613 Siquidem
819 4547 1064 4602 sensoria
1108 4547 1351 4617 quinque
1380 4549 1668 4612 habentur,
1695 4547 1790 4601 sed
1822 4563 2020 4603 sensus

2196 3637 2316 3688 ὐτι
2350 3635 2409 3688 δὲ
2436 3636 2470 3705 ή
2500 3634 2612 3688 τῶν
2647 3634 2838 3705 ἀτμῶν
2877 3635 2972 3687 καὶ
2998 3634 3182 3706 ὀδμῶν
3221 3635 3384 3704 φύσις
3420 3634 3706 3706 παχυτέρα

2120 3727 2240 3780 ἐστὶ
2267 3726 2364 3781 τοῦ
2397 3727 2562 3798 ἀέρος
2600 3726 2763 3798 δῆλον
2813 3728 2880 3780 ὲκ
2902 3725 3012 3780 τῶν
3042 3726 3280 3796 κόρυζαν
3322 3727 3355 3798 ἢ
3389 3727 3709 3800 κατάρρουν

2119 3818 2353 3890 ἑχόντων
2374 3816 2420 3849 ⁸³
2439 3833 2454 3848 ο
2500 3817 2755 3882 ἕλκοντες
2787 3818 2897 3889 γάρ
2939 3817 3032 3872 τὸν
3061 3817 3199 3888 ἀέρα
3228 3818 3337 3872 τῶν
3369 3817 3559 3890 ἀτμῶν
3606 3819 3712 3872 οὐκ

2120 3909 2614 3980 ἀντιλαμϐάνονται
2639 3909 2729 3962 διά
2757 3910 2857 3981 τὴν
2888 3908 3186 3980 ἔμφραξιν,
3215 3909 3351 3964 ἀλλὰ
3389 3909 3711 3980 διαρκοῦσιν

2119 4003 2214 4056 ἐπὶ
2236 4002 2372 4056 πολὺ
2404 4003 2728 4075 ἀναίσθητον
2755 4002 2855 4074 τήν
2882 4003 3139 4074 αἴσθησιν
3169 4003 3429 4074 φέροντες
3446 4005 3515 4058 ⁸³.
3551 4001 3710 4078 Ἐστι

2119 4095 2176 4149 δὲ
2210 4097 2242 4167 ἡ
2292 4095 2549 4165 αἴσθησις
2583 4097 2685 4150 οὐκ
2719 4095 3030 4163 ἀλλοίωσις,
3081 4096 3222 4150 ἀλλά
3260 4097 3558 4166 διάγνωσις
3616 4098 3712 4151 ἀλ-

2124 4188 2398 4252 λοιώσεως
2419 4204 2430 4216 ·
2479 4188 2790 4242 ἀλλοιοῦται
2826 4187 2925 4258 μὲν
2954 4187 3065 4259 γάρ
3094 4188 3162 4242 τά
3191 4188 3556 4260 αἰσθητήρια,
3587 4189 3709 4243 δια-

2123 4280 2300 4351 κρίνει
2332 4280 2390 4332 δὲ
2423 4279 2841 4352 τήνάλλοίωσιν
2867 4280 2901 4352 ή
2932 4280 3208 4353 αἰσθησις.

2198 4543 2354 4596 Ἔστι
2376 4541 2435 4596 δὲ
2464 4543 2795 4614 αἰσθητήρια
2829 4543 2928 4614 μὲν
2957 4542 3119 4599 πέντε
3137 4560 3151 4575 ·
3179 4541 3433 4613 αἴσθησις
3458 4542 3516 4596 δὲ
3543 4541 3643 4613 μία
3673 4544 3710 4612 ἡ

431 4652 577 4692 unus
623 4645 728 4700 est,
787 4638 879 4707 qui
938 4639 1136 4693 anima:
1187 4640 1421 4695 habetur
1473 4654 1596 4709 qua:
1628 4654 1724 4707 per
1769 4639 2014 4694 sensoria

2120 4631 2348 4704 ψυχικὴ,
2393 4637 2426 4704 ή
2475 4635 2826 4705 γνωρίζουσα
2867 4635 2955 4689 διὰ
2989 4635 3098 4689 τῶν
3130 4635 3507 4706 αἰσθητηρίων
3547 4634 3619 4687 τὰ
3649 4635 3711 4690 ιν

433 4729 550 4798 ipsa
584 4727 900 4786 aﬁ‘ectiones
932 4746 1054 4801 quae
1091 4731 1194 4800 ipsi
1245 4731 1506 4785 eveniunt
1537 4730 1832 4799 dignoscit.
1880 4730 2015 4786 Cum

430 4821 576 4874 enim
605 4820 787 4876 album
825 4823 1099 4894 inspicere
1133 4823 1426 4893 contingit,
1458 4838 1525 4876 ex
1552 4837 1617 4875 eo
1650 4822 1791 4890 quod
1822 4838 2019 4879 sensus

434 4912 745 4967 ministerio
775 4913 886 4985 46
911 4911 1367 4984 deprehenderat,
1395 4913 1536 4966 idem
1563 4911 1790 4967 aﬂ‘ectus
1820 4912 2016 4966 anima:

433 5000 756 5058 innascitur.
787 5001 990 5057 Eadem
1037 5004 1168 5057 item
1201 5000 1340 5056 ratio
1373 5010 1426 5056 et
1455 5001 1522 5056 de
1564 5002 1685 5056 aliis
1756 4989 2020 5056 sensoriis

437 5091 684 5147 habenda
735 5101 832 5148 est.
900 5090 1038 5146 Nam
1078 5091 1222 5146 aliud
1259 5107 1475 5157 sensus,
1525 5092 1672 5147 aliud
1708 5093 2017 5149 sensorium

433 5194 536 5249 est,
581 5193 635 5239 et
657 5183 804 5238 aliud
835 5190 1138 5250 sensatum,
1168 5182 1310 5238 aliud
1351 5184 1626 5241 sensibile.

507 5273 718 5330 Sensus
767 5273 934 5344 igitur
963 5285 1049 5329 est
1091 5275 1289 5328 anima:
1341 5275 1423 5331 vis
1457 5293 1580 5347 qua:
1636 5276 1791 5346 agit;
1820 5291 2018 5345 quam-

435 5363 623 5420 obrem
679 5365 783 5419 hoe
855 5373 1017 5435 pacto
1096 5364 1396 5421 deﬁnitioni
1459 5366 1759 5436 subjacet:
1810 5367 2019 5422 Sensus

436 5467 523 5511 est
566 5458 793 5528 spiritus
838 5457 1242 5525 intellectualis,
1279 5460 1373 5531 qui
1430 5475 1461 5516 a
1522 5459 1914 5531 principalibus
1951 5459 2018 5513 ad

509 5614 554 5645 ³³
595 5613 690 5668 καὶ
725 5626 835 5669 om.
865 5613 928 5670 B.
1004 5616 1050 5647 ³³
1092 5614 1308 5680 πάντως
1348 5616 1526 5679 πάσας
1552 5615 1616 5680 Β,
1634 5615 1842 5675 πάντας
1860 5612 2039 5676 πάσας
2077 5613 2140 5666 C.

437 5683 608 5753 ἄλλην
634 5683 842 5756 ΡηίοίΒ
905 5685 967 5741 Co
1045 5687 1089 5719 ³³
1165 5686 1256 5740 τοῦ
1309 5684 1601 5756 ἀνθρώπου
1802 5684 1846 5715 ³³

444 5752 594 5829 αἰσθ.
771 5755 816 5787 ³⁸
849 5757 963 5810 τῶν
1003 5757 1168 5829 ψυχρ.
1197 5757 1256 5829 Β.

2123 4726 2258 4794 αὐτῇ
2285 4723 2329 4755 ⁸³
2381 4725 2653 4794 γενόμενα
2706 4724 2879 4795 πάθη.
2915 4726 3084 4780 Ὅταν
3125 4724 3232 4796 γάρ
3280 4724 3474 4777 λευκὸν
3507 4723 3712 4795 ῐδωμεν

2123 4815 2400 4885 ὲγγινεταί
2432 4833 2487 4868 τι
2526 4816 2698 4880 πάθος
2722 4820 2788 4889 τῇ
2820 4818 2965 4888 ψυχῇ
3001 4818 3067 4870 ἐκ
3093 4816 3195 4886 τῆς
3224 4816 3441 4888 λήψεως
3469 4815 3514 4847 ⁸⁷
3541 4814 3709 4867 αὑτοῦ

2121 4909 2208 4961 διὰ
2248 4912 2344 4980 τῆς
2392 4909 2723 4980 αἰσθήσεως.
2785 4911 3024 4981 Ὁμοίως
3069 4911 3166 4963 καὶ
3217 4909 3312 4963 ἐπὶ
3362 4908 3472 4961 τῶν
3506 4907 3712 4961 λοιπῶν

2125 5000 2518 5072 αἰσθητηρίων.
2555 5002 2724 5054 Ἀλλο
2768 5002 2825 5056 δέ
2857 5005 3006 5055 ἐστιν
3034 5001 3311 5070 αἴσθησις,
3343 5002 3436 5053 καὶ
3465 4999 3592 5054 ἄλλο
3621 5001 3712 5052 αἰ-

2128 5089 2454 5160 σθητήριον·
2518 5091 2615 5144 καὶ
2649 5091 2778 5146 ἄλλο
2836 5091 3116 5162 αἰσθητὸν,
3174 5091 3267 5144 καὶ
3322 5091 3454 5144 ἄλλο
3515 5091 3712 5159 αἰσθη-

2126 5183 2277 5235 τικόν
2299 5183 2361 5235 ³³.

2197 5273 2462 5344 Αἴσθησις
2515 5275 2614 5344 μὲν
2669 5274 2763 5327 οὖν
2797 5275 2945 5327 ἐστιν
2991 5276 3026 5344 ή
3054 5272 3356 5346 ἐνεργοῦσα
3381 5271 3585 5343 ψυχικὴ
3616 5272 3708 5325 δύ-

2125 5383 2312 5437 ναμις,
2341 5366 2422 5418 διὸ
2443 5367 2536 5419 καὶ
2558 5365 2731 5429 οὕτως
2752 5367 2923 5435 αὐτὴν
2946 5365 3248 5435 ὁρίζονται·
3277 5365 3501 5435 Πνεῦμα
3525 5365 3714 5435 νοερὸν

2127 5459 2235 5512 ἀπὸ
2265 5458 2357 5512 τοῦ
2397 5459 2729 5531 ἡγεμονικοῦ
2778 5459 2872 5514 ἐπὶ
2900 5458 2969 5513 τά
3007 5459 3212 5530 ὄργανα
3247 5460 3547 5530 τεταμένον
3569 5458 3643 5490 ’⁸³⁸
3677 5457 3710 5527 ἢ

2215 5615 2259 5646 ³ο
2298 5615 2608 5684 τελειότερα
2633 5615 2693 5669 Β.
2755 5616 2810 5685 ,³³
2833 5613 3240 5685 ἀκριϐεστάτας
3264 5614 3304 5665 Β
3400 5612 3457 5666 Ρ.
3507 5614 3578 5685 ,³³
3618 5613 3713 5685 καὶ

1913 5687 2008 5737 καὶ
2043 5684 2300 5755 ὀξύτερον
2335 5687 2432 5755 ἀκ.
2496 5683 2557 5740 Β.
2634 5687 2679 5717 ³⁵
2744 5683 3200 5755 διπλζέποίησεν
3248 5687 3276 5737 ὁ
3313 5684 3443 5746 Θεὸς
3490 5683 3574 5755 εχ.
3611 5684 3712 5746 τὰς

444 5756 594 5808 αἰσθ.
631 5753 694 5807 Β.
771 5755 816 5787 ³⁸
849 5757 963 5810 τῶν
1003 5757 1168 5829 ψυχρ.
1197 5757 1256 5811 Β.
1336 5758 1378 5789 ³⁷
1415 5753 1801 5824 γεωδεστάτων
1845 5755 1906 5808 Α.
1934 5756 1976 5788 ³⁸
2018 5757 2076 5807 ἐν
2094 5753 2172 5824 τῷ
2193 5753 2286 5808 σπ.
2332 5753 2394 5808 Β.
2434 5755 2476 5788 ³³
2515 5756 2577 5807 τὸ
2597 5755 2658 5814 Β.
2683 5755 2792 5808 τῶν
2825 5758 2887 5808 Ρ.
2918 5755 2964 5786 ³ο
2982 5757 3046 5824 τῇ
3083 5754 3242 5822 φύσει
3274 5755 3335 5816 Β,
3365 5755 3465 5822 τῆς
3495 5754 3710 5820 φύσεως

438 5827 482 5878 C
514 5823 575 5899 Ρ.
645 5825 693 5899 ⁸³
719 5831 1201 5899 παχυμερέστερα.
1233 5828 1330 5899 Βη
1380 5827 1425 5858 ³³
1459 5824 1939 5899 λεπτομερέστερα
1972 5827 2030 5899 Β.
2129 5827 2177 5899 ³³
2199 5827 2335 5899 ἡμῖν
2365 5841 2474 5899 om.
2501 5825 2561 5886 Β,
2592 5826 2747 5899 ἐδόθη
2779 5825 2990 5899 ἔνδοθεν
3174 5825 3372 5899 ξδ’-μορ.
3405 5823 3702 5899 ἐχόῂντωνῇ

2133 5823 2177 5857 η
2199 5827 2335 5896 ἡμῖν
2365 5841 2474 5880 Om.
2501 5825 2561 5886 Β.
2592 5826 2747 5894 ἐδόοη
2779 5825 2990 5878 ἔνδοθεν
3023 5823 3086 5878 Ρ.
3175 5825 3372 5896 “app.
3405 5823 3702 5896 exeundo-ﬂ

443 5897 640 5967 κατάρ.
677 5897 738 5951 Β.
799 5884 860 5930 ’δ’
874 5884 1275 5967 ’περιφέροντες
1303 5898 1362 5963 Β,
1394 5915 1483 5966 γρ.
1513 5884 1846 5966 αἰσθητήρια
1872 5884 1932 5950 Γ.
2011 5897 2055 5929 ³⁵
2084 5884 2265 5959 αὐτοῗς
2287 5896 2346 5948 Β.
2427 5896 2470 5928 ³⁷
2499 5884 2854 5967 καταλήξει-ις
2887 5898 2946 5950 Ρ.
3027 5896 3069 5927 ⁵³
3104 5895 3197 5948 καὶ
3225 5884 3351 5948 ἄλλο
3391 5884 3703 5964 αἰσθητικὸν

441 5981 549 6021 υιιι.
592 5967 651 6023 Β.
732 5969 774 6001 ⁵³
808 5970 1139 6031 τεταγμένον
1179 5969 1242 6022 Β.
