4138 6500
388 476 533 534 ΗᾸῦ

1647 483 1733 539 DE
1775 483 2064 543 NATURA
2106 486 2414 544 HOMlNlS.

3549 483 3690 542 1146

385 593 561 660 otto);
581 611 594 624 ·
646 593 879 667 δύναμις
909 597 1090 670 ψυχῆς
1140 597 1512 673 ἀντιληπτικὴ
1541 602 1649 656 τῶν
1684 605 1978 676 αἰσθητῶν.

2097 604 2540 664 instrumentalia
2595 604 2896 676 porrigitur
2946 602 3111 671 ;sive
3148 602 3257 658 hoc
3307 610 3467 672 pacto
3518 618 3694 658 :sen-

395 691 456 743 ’0
492 691 549 744 δὲ
598 689 826 746 Πλάτων
856 690 958 763 τὴν
1004 691 1260 765 αἴσθησιν
1293 693 1585 766 δυνάμεως
1625 697 1720 750 καὶ
1746 696 1984 768 ὀργάνου

384 783 674 836 κοινωνίαν
709 785 846 856 πρὸς
893 785 962 838 τὰ
991 785 1148 849 ἐκτὸς
1189 786 1474 857 ὁρίζεταιο
1529 789 1775 842 τουτέστι
1805 789 1987 860 ψυχῆς

384 875 480 925 καὶ
507 872 798 944 σώματος·
835 878 868 948 ἡ
902 876 1012 949 γὰρ
1059 875 1291 948 δύναμις
1319 877 1528 949 ψυχῆς,
1562 880 1624 933 τὸ
1669 879 1728 933 δὲ
1753 880 1985 952 ὄργανον

387 968 640 1036 σώματος
667 985 681 999 '
712 970 881 1040 ἄμφω
918 971 976 1024 δὲ
1003 971 1092 1024 διὰ
1135 973 1439 1042 φαντασίας
1472 972 1844 1044 ἀντιληπτικὰ
1874 972 1985 1026 τῶν

383 1057 608 1124 ἔξωθεν.

453 1331 823 1405 Δίσθητήριον
883 1332 941 1387 δέ
989 1334 1142 1387 ἐστιν
1196 1332 1431 1404 ὄργανον
1484 1333 1587 1405 τῆς
1638 1333 1982 1406 ἀντιλήψεως

382 1425 492 1480 τῶν
519 1424 817 1496 αἰσθητῶν,
856 1425 974 1496 ἢτὸ
1012 1424 1268 1494 αἴσθησιν
1297 1425 1423 1479 τινὰ
1461 1427 1982 1496 ὲμπεπιστευμένον

381 1519 616 1591 δργανον
638 1519 720 1551 ⁸⁰’
780 1517 1041 1590 αἰσθητὸν
1102 1517 1161 1571 δὲ
1205 1517 1268 1570 1:6
1311 1517 1570 1590 αἰσθήσει
1630 1519 1977 1573 ὑποπίπτον·

383 1610 708 1684 αἰσθητικὸν
732 1610 814 1678 δὲ,
841 1609 977 1665 αὑτὸ
1004 1610 1067 1664 τὸ
1099 1610 1495 1680 αἰσθανόμενον
1525 1611 1680 1676 ζῶον.
1714 1611 1982 1683 Αἴσθησις

385 1707 487 1776 μὲν
531 1701 647 1773 οὖν,
679 1701 792 1758 οἷον
824 1706 1047 1777 ὅρασις,
1081 1703 1375 1777 ὄσφρησις,
1420 1704 1597 1773 ἀκοὴ,
1631 1704 1853 1774 γεῦσις,
1887 1707 1980 1760 καὶ

382 1800 519 1870 ἀφή.
570 1799 943 1870 Αἰσοητήριον
985 1797 1066 1862 δὲ.
1118 1798 1240 1870 ῆτοι
1271 1799 1300 1852 ὁ
1327 1797 1633 1868 ὀφθαλμὸς.
1673 1801 1708 1869 ἡ
1733 1801 1778 1832 υ
1807 1801 1976 1873 rm

381 1891 605 1961 γλῶσσα
665 1890 764 1945 καὶ
813 1890 882 1944 τὰ
932 1889 1092 1962 χείλη
1115 1891 1185 1957 ⁵²,
1216 1890 1253 1945 δι
1300 1891 1394 1944 καὶ
1425 1890 1636 1963 ὄργανα
1682 1892 1980 1964 αἰσθητικά

2093 715 2190 754 sus
2258 707 2342 755 cst
2406 698 2607 754 anima:
2672 699 2802 762 vis,
2860 713 2983 768 qua:
3024 704 3246 752 sensata
3307 696 3690 766 deprehendit.

2089 794 2242 849 Plato
2272 808 2401 848 vero
2447 807 2668 848 sensum
2706 792 2911 863 ipsum,
2951 790 3227 846 facultatis
3263 797 3318 845 et
3365 789 3695 845 instrumen-

2090 886 2152 951 ti,
2178 887 2280 941 hoc
2312 897 2396 942 est
2422 885 2619 940 anima:
2645 892 2701 940 et
2727 883 2997 953 corporis,
3032 883 3098 937 ad
3127 898 3188 937 ca
3222 898 3346 952 quae
3377 889 3530 936 extra
3565 890 3694 935 sunt

2088 977 2646 1034 communicationem
2673 993 2797 1033 esse
2855 976 3048 1031 statuit
3085 992 3100 1030 ε
3151 990 3276 1028 nam
3312 974 3416 1038 vis,
3472 973 3688 1035 animae,

2088 1069 2517 1124 instrumentum
2574 1082 2708 1123 vero
2747 1065 3002 1136 corporis
3064 1065 3297 1119 habetur
3335 1083 3348 1118 :
3391 1073 3692 1131 utrumque

2088 1161 2233 1214 enim
2266 1174 2361 1229 per
2389 1157 2838 1227 imaginationem
2869 1171 2933 1210 ea
2963 1170 3087 1225 quae
3115 1153 3391 1210 exteriora
3434 1161 3566 1206 sunt
3595 1151 3691 1204 de-

2087 1252 2424 1323 prehendere
2470 1258 2671 1321 potest.

2157 1343 2481 1398 Sensorium
2556 1355 2794 1412 namque
2856 1340 3284 1394 insuumentum
3367 1343 3482 1399 est,
3538 1333 3688 1403 quod

2087 1442 2308 1490 scnsata
2358 1432 2771 1503 deprehendere
2832 1435 3060 1501 potest;
3113 1428 3196 1482 vel
3255 1427 3686 1482 instrumentum

2086 1527 2334 1598 aliquod,
2377 1526 2525 1597 quod
2564 1541 2763 1583 sensus
2809 1523 3034 1594 quidam
3075 1537 3198 1578 esse
3230 1519 3495 1577 creditur.
3548 1518 3688 1574 Sen-

2085 1629 2264 1676 satum
2316 1626 2500 1673 autem
2561 1628 2688 1681 est,
2736 1613 2883 1687 quod
2936 1614 3042 1670 sub
3109 1627 3332 1668 sensum
3392 1611 3559 1667 cadit.
3614 1611 3684 1668 At

2085 1713 2369 1776 sensibile,
2415 1711 2620 1766 animal
2662 1710 2843 1782 ipsum
2893 1708 3038 1779 quod
3098 1714 3379 1762 sensatum
3430 1704 3683 1776 percipit.

2087 1805 2298 1862 Sensus
2345 1803 2514 1875 igitur
2569 1814 2653 1858 est
2682 1842 2698 1868 ,
2747 1810 2809 1858 ut
2855 1801 3009 1856 verbi
3072 1798 3247 1870 gratia
3305 1798 3458 1853 visus
3485 1839 3501 1865 ,
3547 1797 3687 1852 oll‘a-

2083 1909 2205 1954 ctus
2226 1938 2242 1962 ,
2278 1898 2529 1963 auditus,
2553 1906 2748 1967 gustus
2793 1903 2849 1951 et
2880 1903 3085 1950 tactus.
3110 1890 3432 1948 Senserium
3451 1905 3602 1956 vero,
3627 1898 3701 1961 ut.

383 1981 880 2052 προσαγορεύεται.
929 1981 1204 2052 Αἰσθητὸν
1242 1981 1298 2036 δὲ
1319 1983 1368 2014 ⁵³
1401 1983 1429 2036 ό
1474 1982 1647 2048 λίθος,
1699 1983 1761 2036 τδ
1792 1963 1974 2052 ξύλον,

2084 1989 2297 2054 oculus,
2331 2003 2523 2053 nasus,
2558 1987 2766 2057 lingua,
2787 1995 2842 2040 et
2873 1999 2998 2054 quae
3018 1983 3254 2052 reliqua,
3290 1997 3411 2053 quae
3433 1981 3685 2038 sensoria

382 2078 478 2130 καὶ
505 2078 685 2132 πάντα
723 2075 792 2130 τὰ
828 2075 1083 2145 αἰσθήσει
1115 2077 1161 2109 ⁵⁸
1190 2076 1568 2132 ὑποπίπτοντα
1593 2095 1608 2108 ·
1654 2078 1977 2149 αἰσθητικὸν

379 2169 438 2223 δὲ
463 2170 491 2222 6
521 2166 814 2236 Στέφανος,
861 2168 891 2219 6
938 2166 1144 2238 Πέτρος
1166 2165 1235 2231 ³⁵,
1269 2167 1297 2218 ὁ
1332 2166 1621 2232 Μελέτιος,
1654 2167 1749 2220 καὶ
1799 2167 1981 2222 πάντα

379 2263 481 2315 ὅσα
514 2261 652 2316 ἄλλα
683 2259 1007 2313 αἰσθάνεται
1040 2258 1157 2324 ζῶα
1178 2277 1192 2291 ·
1233 2259 1434 2329 Ἔγνω
1455 2259 1588 2329 γὰρ,
1621 2259 1790 2330 φησὶ,
1819 2259 1979 2326 ,ϐοῦς

378 2353 488 2408 τόν
515 2351 904 2423 κτησάμενον
924 2353 970 2384 ⁵⁸
1002 2353 1103 2406 καὶ
1141 2351 1286 2418 ὄνος
1315 2351 1428 2420 τὴν
1461 2351 1704 2422 φάτνην
1730 2352 1838 2407 τοῦ
1865 2370 1975 2407 κυ-

371 2447 511 2511 ρίου
541 2445 754 2502 αὑτοῦ.
788 2446 852 2499 El
879 2445 938 2498 δὲ
969 2444 1114 2499 κατὰ
1144 2445 1244 2516 τὴν
1274 2445 1532 2516 αἴσθησιν
1560 2447 1628 2499 τὰ
1668 2446 1837 2516 ἄλογα
1866 2449 1979 2510 τοῖς

379 2539 618 2609 λογικοῖς
647 2537 962 2610 ἀνθρώποις
987 2540 1258 2600 κοινωνεῖ,
1282 2539 1468 2599 καλῶς
1492 2557 1642 2604 τινες
1662 2540 1770 2593 τῶν
1790 2540 1979 2593 ἀνατο-

383 2632 561 2703 μικῶς
595 2631 1003 2703 ἱστορησάντων
1058 2631 1195 2701 μηδὲ
1238 2629 1384 2684 κατὰ
1427 2630 1528 2703 τὴν
1578 2631 1673 2685 τοῦ
1723 2631 1978 2703 σώματος

380 2723 519 2778 πολὺ
540 2724 825 2796 διαφέρειν
848 2722 969 2776 ἔνια
992 2721 1100 2775 τῶν
1129 2720 1284 2786 ζώων
1316 2721 1572 2789 σύνταξιν
1595 2725 1690 2778 καὶ
1712 2725 1979 2796 ἁρμονίαν

380 2817 494 2871 τῶν
520 2817 718 2884 ὀστῶν,
745 2817 839 2871 καὶ
865 2818 967 2887 τὴν
991 2815 1103 2870 τῶν
1129 2814 1382 2884 ὲγκάτων
1414 2814 1669 2871 σύνθεσιν
1702 2817 1973 2889 ἔγραψαν·

381 2911 477 2964 καὶ
507 2909 714 2981 μᾶλλον
741 2910 852 2964 τῶν
883 2909 1062 2965 ἄλλων
1093 2907 1251 2973 ζώων
1278 2908 1370 2963 τὸν
1393 2901 1490 2964 ὗν·
1533 2911 1615 2964 ὃτι
1651 2913 1749 2965 καὶ
1781 2913 1848 2966 ὲκ
1867 2913 1980 2965 τῶν

382 3002 565 3057 αὐτῶν
615 3002 901 3075 στοιχείων
926 3001 997 3056 τὰ
1027 2999 1236 3055 τούτων
1282 3000 1514 3073 σώματα
1551 3003 1881 3075 συνεστάθη,
1920 3003 1979 3071 ἐξ

379 3088 456 3150 ὧν
493 3098 590 3151 καὶ
615 3096 686 3150 τὰ
711 3096 824 3151 τῶν
861 3095 1174 3168 ἀνθρώπων
1201 3111 1215 3126 ’
1249 3093 1319 3148 τὰ
1350 3094 1462 3167 γὰρ
1490 3095 1798 3167 ὁμοιομερῆ
1825 3096 1981 3151 οὐδὲν

378 3189 633 3264 διαφέρει
662 3189 773 3244 τῶν
813 3190 1147 3262 ἀμφοτέρων
1191 3189 1345 3259 παρὰ
1392 3189 1618 3262 μικρόν·
1675 3189 1726 3241 εἰ
1775 3189 1872 3243 καὶ
1910 3188 1981 3244 τὰ

2082 2079 2452 2135 instrumenta
2511 2086 2921 2148 nuncupantur.
2957 2075 3028 2130 At
3050 2084 3371 2140 sensatum,
3402 2082 3464 2128 ut
3520 2073 3683 2144 lapis,

2079 2173 2310 2244 lignum,
2343 2180 2654 2242 cunctaque
2677 2187 2801 2242 qua:
2823 2169 3021 2226 cadere
3049 2169 3154 2225 sub
3194 2183 3420 2234 sensum
3448 2173 3684 2237 queunt.

2082 2265 2356 2320 Scnsibile
2381 2274 2584 2327 autem,
2614 2275 2676 2318 ut
2731 2263 2952 2327 Petrus,
3007 2262 3340 2331 Stephanus,
3403 2259 3684 2323 Meletius,
3771 2289 3773 2297 ι

2078 2367 2133 2412 et
2161 2357 2432 2428 reliquum
2474 2372 2639 2411 omne
2676 2355 2999 2410 animalium
3048 2355 3398 2410 sensibilium
3454 2368 3628 2424 genus
3667 2367 3682 2406 :

2080 2448 2293 2518 agnovit
2328 2448 2473 2502 enim
2507 2445 2608 2519 (ut
2641 2444 2924 2516 Scriptura
2963 2444 3245 2515 loquitur)
3288 2443 3379 2498 bos
3411 2459 3684 2514 possesso-

2081 2554 2188 2592 rem
2234 2555 2412 2602 suum,
2455 2549 2506 2591 et
2545 2538 2729 2591 asinus
2762 2551 2992 2606 praesepe
3021 2536 3228 2590 domini
3262 2535 3350 2590 sui
3375 2536 3416 2588 ¹.
3456 2532 3514 2588 Si
3555 2547 3689 2588 vero

2079 2629 2309 2685 rationis
2344 2629 2587 2701 expertia
2639 2630 2956 2685 hominibus
3007 2628 3123 2699 ipsa
3155 2628 3398 2700 praeditis
3435 2642 3533 2698 per
3556 2641 3686 2682 sen-

2081 2739 2206 2778 sum
2242 2723 2421 2793 ipsum
2473 2723 2910 2790 communicant,
2961 2731 3112 2778 recte
3167 2721 3388 2792 quidem
3431 2720 3683 2775 nonnulli

2080 2817 2174 2888 qui
2226 2815 2628 2872 dissectionum
2687 2815 2948 2870 historias
2995 2813 3459 2885 perscripserunt,
3495 2826 3596 2866 nec
3625 2810 3683 2866 in

2081 2911 2334 2980 corporis
2371 2908 2606 2975 fabrica,
2638 2924 2817 2978 neque
2848 2909 2903 2963 in
2937 2908 3148 2964 ossium
3182 2915 3481 2971 structura,
3503 2905 3683 2962 visce-

2083 3017 2320 3072 rumque
2346 3001 2951 3072 compositioneinesse
2983 3001 3315 3070 quibusdam
3347 3015 3474 3055 eum
3505 2997 3684 3052 homi-

2083 3109 2155 3149 ne
2219 3094 2518 3164 plurimnm
2591 3092 2934 3150 discriminis
2983 3093 3290 3146 litterarum
3353 3086 3686 3144 mandarunt

2084 3186 2482 3252 monumentis,
2529 3187 2677 3258 quod
2738 3186 2915 3257 magis
2959 3186 3014 3240 in
3076 3185 3162 3240 bis
3194 3198 3319 3254 qua:
3360 3181 3526 3252 paulo
3557 3185 3684 3234 ante

380 3285 482 3355 τῆς
506 3280 924 3356 διοργανὼσεως
964 3281 1313 3354 ὲνὴλλακται,
1346 3282 1443 3336 καὶ
1478 3281 1548 3336 τὰ
1582 3281 1681 3353 τῆς
1710 3281 1976 3350 γεύσεως.

2086 3285 2515 3340 memoravimus
2588 3283 2923 3339 animalibus
2977 3291 3163 3352 patet;
3237 3275 3682 3350 quandoquidem

393 3376 452 3431 '0
495 3377 607 3450 γὰρ
626 3377 673 3410 ⁵⁷
706 3375 842 3440 Θεὸς
881 3375 1037 3428 ἔθετο
1074 3374 1145 3428 τὰ
1177 3374 1318 3445 μέλη
1346 3373 1405 3427 ἓν
1432 3373 1668 3428 ἕκαστον
1713 3373 1892 3428 αὐτῶν
1918 3375 1976 3427 ἐν

2084 3378 2276 3433 iisdem
2304 3392 2371 3432 cx
2417 3377 2707 3433 elementis
2751 3393 2942 3432 eorum
2973 3391 3227 3446 corpora,
3272 3372 3474 3444 quibus
3500 3379 3555 3426 et
3587 3371 3686 3424 ho-

377 3471 457 3541 τῷ
488 3469 705 3542 σώματι
733 3467 918 3530 καθὼς
946 3464 1231 3539 ἠθέλησε(

2085 3470 2298 3524 minum
2328 3469 2637 3540 composita
2669 3477 2832 3535 sunt;
2875 3484 3070 3539 parum
3107 3466 3406 3522 admodum
3444 3465 3498 3520 in
3528 3463 3686 3520 simi-

377 3563 587 3624 ]aribus
633 3561 776 3616 inter
807 3569 1102 3630 utrumque
1130 3575 1306 3626 genus
1335 3561 1678 3618 discriminis
1722 3563 1977 3630 hahelur,
2041 3568 2146 3622 etsi
2201 3567 2697 3621 instrumentorum
2738 3565 3143 3636 compositione
3216 3562 3450 3618 invicem
3493 3567 3687 3632 gustu-

379 3669 488 3724 que
515 3654 846 3724 discrepent.
894 3651 1179 3723 Siquidem
1209 3651 1355 3708 Deus
1376 3693 1391 3718 ,
1421 3654 1488 3708 ad
1522 3655 1757 3725 propriae
1825 3655 2130 3712 voluntatis
2193 3657 2507 3725 arbitrium,
2538 3657 2913 3728 pulcherrimo
2981 3656 3178 3713 ordine
3207 3656 3262 3710 in
3302 3669 3498 3710 eorum
3531 3667 3676 3724 quo-

379 3747 511 3802 libet
538 3761 770 3817 corpore
809 3744 917 3819 4⁵1
945 3745 1194 3802 membra
1232 3744 1528 3816 disposuit.

449 3841 524 3896 T6
561 3841 722 3912 σῶμα
768 3839 828 3895 δὲ
875 3839 971 3894 τοῦ
1018 3838 1310 3912 ἀνθρώπου
1361 3840 1465 3894 οὐκ
1515 3839 1665 3896 ἔστιν
1702 3842 1760 3896 ἓν
1794 3843 1976 3914 μέλος,

2159 3843 2412 3902 Hominis
2461 3854 2646 3901 autem
2699 3861 2903 3916 corpus
2942 3861 3053 3901 non
3116 3856 3286 3898 unutn
3351 3838 3684 3901 membrum,

377 3933 516 3989 ἀλλὰ
549 3932 740 3988 πολλά.
779 3933 904 3986 ’Ότι
933 3931 1030 3987 καὶ
1079 3933 1162 3997 εἰς
1210 3931 1456 4004 κεφαλὴν
1511 3933 1837 4004 διαιρεῖται,
1882 3937 1978 3990 καὶ

2087 3940 2181 3995 sed
2216 3941 2372 4011 plura
2400 3940 2654 3996 habetur.
2683 3938 2750 3994 Et
2778 3939 3042 4010 quoniam
3075 3937 3130 3992 in
3163 3945 3350 4006 caput,
3385 3941 3439 3989 ct
3468 3939 3684 4003 pectus,

377 4030 460 4092 εἰς
500 4028 724 4098 στέρνον
767 4025 863 4080 καὶ
907 4025 1268 4097 ἐπιγάστριον
1315 4026 1410 4079 καὶ
1453 4025 1846 4100 ὑπογάστριον,
1883 4029 1978 4082 καὶ

2085 4037 2141 4085 et
2175 4030 2517 4101 superiorem
2582 4047 2648 4086 ac
2677 4029 3001 4086 inferiorem
3041 4037 3310 4092 ventrem,
3337 4025 3686 4095 sninamque,

379 4124 537 4195 ῥάχιν
563 4123 658 4176 καὶ
702 4121 899 4191 ὀσφὺν,
943 4120 1040 4174 καὶ¹
1073 4121 1265 4191 χεῖρας
1298 4120 1394 4172 καὶ
1436 4119 1628 4183 πόδας.
1662 4121 1776 4174 Καὶ
1806 4122 1840 4192 ἡ
1879 4121 1978 4192 μὲν

2084 4133 2138 4180 et
2176 4123 2430 4189 lumbos,
2488 4140 2555 4180 ac
2603 4140 2806 4179 manus
2857 4123 3137 4194 pedesque
3187 4120 3472 4175 dividitur.
3511 4117 3688 4188 Caput

377 4215 591 4286 κεφαλὴ
621 4213 869 4285 περιέχει
899 4212 1225 4282 ἐγκέφαλον,
1266 4211 1606 4283 ὀφθαλμοὺς,
1645 4213 1799 4285 ῥῖνα,
1835 4205 1974 4277 ὦτα,

378 4307 558 4378 στόμα
589 4305 684 4360 καὶ
713 4305 784 4359 τὰ
828 4303 938 4357 ἔσω
965 4301 1061 4357 τοῦ
1107 4303 1381 4374 στόματος
1401 4318 1414 4333 ·
1446 4303 1698 4371 γλῶτταν
1721 4303 1768 4336 ⁸³
1797 4303 1942 4372 λέγω
1960 4344 1975 4366 ,

377 4400 472 4454 καὶ
498 4398 755 4465 ὀδόντας,
802 4397 900 4451 καὶ
950 4395 1246 4468 φάρυγγα,
1286 4397 1382 4450 καὶ
1410 4396 1483 4450 τὰ
1511 4395 1654 4451 κατὰ
1687 4397 1879 4468 μέρος.
1904 4394 1979 4450 Τὸ

375 4490 434 4545 δὲ
466 4491 717 4562 στέρνον,
767 4489 1052 4560 πνεύμονα
1098 4489 1195 4544 καὶ
1243 4488 1498 4560 καρδίαν.
1566 4488 1628 4542 ’0
1675 4489 1974 4562 τράχηλος,

377 4586 735 4640 κατακλεῖδα.
781 4586 850 4639 Αἱ
881 4584 1142 4657 πλευραὶ,
1170 4583 1264 4638 τὸν
1297 4582 1627 4648 ὑπεζωκότα
1646 4601 1662 4616 ·
1733 4584 1767 4656 ἡ
1797 4583 1976 4656 ῥάχις,

379 4679 712 4742 σπονδύλους
742 4681 837 4732 καὶ
867 4677 1068 4750 μυελόν
1089 4677 1158 4731 ⁵³.
1205 4677 1271 4730 Ἥ
1300 4676 1358 4730 δὲ
1387 4676 1582 4748 ὀσφὺς,
1617 4677 1856 4748 νεφροὺς
1884 4678 1979 4731 καὶ

374 4773 446 4827 τὰ
483 4771 757 4844 οὑρηδόχα
782 4769 828 4803 ⁸⁸
879 4771 1106 4840 ἀγγεῖα.
1137 4769 1212 4822 Τὸ
1251 4769 1310 4822 δὲ
1342 4768 1725 4841 ἐπιγάστριον,
1773 4771 1979 4840 στόμα-

376 4885 493 4939 χον,
538 4861 717 4938 ἧπαρ,
752 4865 1003 4936 σπλῆνα,
1050 4866 1148 4919 καὶ
1175 4865 1276 4935 τὴν
1325 4863 1440 4918 ἄνω
1489 4863 1757 4936 γαστέρα.
1811 4864 1886 4916 Τὸ
1919 4864 1978 4918 δὲ

379 4962 776 5031 ὑπογάστριον,
829 4959 1056 5032 ἔντερα,
1097 4956 1358 5029 πιμελὴν,
1407 4955 1846 5027 περιττώματα,
1882 4957 1979 5010 καὶ

376 5056 446 5110 τὰ
475 5054 620 5109 κατὰ
666 5053 766 5112 τὴν
813 5052 977 5124 ἥϐην.
1026 5050 1095 5104 Αἱ
1122 5052 1330 5121 χεῖρες,
1385 5049 1718 5120 βραχίονας,
1766 5048 1974 5120 ὤμους,

377 5149 607 5219 πήχεις,
654 5146 934 5218 καρποὺς,
983 5141 1310 5206 δακτύλους.
1364 5143 1428 5195 Οἱ
1483 5141 1682 5209 πόδες,
1739 5143 1973 5216 μηροὺς,

375 5243 604 5310 γόνατα,
635 5240 848 5311 σφυρὰ,
879 5239 1201 5304 δακτύλους.

377 5337 644 5392 humeros
673 5377 688 5401 ,
731 5336 988 5404 cubitos,
1027 5335 1296 5407 palmam,
1342 5333 1566 5405 digitos.
1614 5333 1790 5392 Pedes
1825 5350 1978 5405 vero,
2019 5335 2074 5391 in
2113 5336 2312 5406 femur,
2382 5353 2584 5410 genua,
2608 5353 2799 5404 crura,
2842 5337 3148 5402 malleolos,
3217 5335 3377 5400 talos,
3420 5348 3486 5388 ac
3542 5330 3684 5399 digi-
3773 5335 3778 5340 ‘

380 5437 466 5485 tos
504 5429 849 5485 dividuntur.

445 5522 635 5577 Ταῦτα
674 5523 734 5578 δὲ
775 5522 954 5578 πάντα
982 5521 1079 5576 καὶ
1108 5521 1244 5577 ἄλλα
1295 5521 1544 5590 πλείονα,
1591 5525 1687 5577 καὶ
1719 5525 1858 5595 μέλη
1887 5524 1976 5579 λέ-

378 5633 568 5687 γονται
593 5617 687 5671 καὶ
725 5616 891 5689 μέρη,
914 5615 1008 5670 καὶ
1039 5616 1230 5688 μόρια,
1263 5615 1358 5670 καὶ
1378 5615 1534 5670 τόποι
1587 5618 1713 5670 κατ’
1741 5617 1878 5670 αὑτό
1911 5634 1971 5671 τε

450 5732 468 5764 ¹
499 5729 604 5788 lsa.
642 5745 682 5798 ι,
715 5730 769 5786 3.

447 5849 495 5883 τ’
536 5848 654 5902 haec
683 5861 792 5902 om.
828 5843 888 5899 Β.
969 5846 1009 5878 ⁸¹
1042 5847 1073 5915 ἠ
1114 5862 1225 5900 οιιι.
1265 5845 1306 5900 Β
1337 5846 1399 5902 Ρ.

378 5921 447 5976 Il.
479 5920 506 5972 6
534 5917 700 5987 Στέφ.
733 5919 774 5970 Β
805 5917 867 5974 l'.
956 5919 1002 5949 ⁸⁸
1037 5917 1373 5989 κτισάμενον
1403 5920 1462 5974 Β.

401 5991 523 6048 καθ’
558 5990 732 6046 ἑαυτά
759 6008 816 6044 τε
850 5989 946 6045 καὶ
981 5988 1308 6062 συνημμένα
1339 5988 1396 6045 Ρ.

1505 5849 1680 5924 δεξιαὶ
1716 5847 1975 5924 τιὰ-λοιπὰ
2091 5849 2156 5924 Ρ.
2185 5921 2207 5924 __
2234 5851 2281 5884 ⁸³
2311 5853 2574 5922 αἰσθητὸν
2603 5854 2662 5908 δὲ
2693 5850 2808 5909 οἷον
2846 5854 2907 5908 Ρ.
2991 5855 3034 5885 ³³
3068 5856 3135 5924 τῇ
3166 5853 3315 5907 αἱσθ.
3351 5851 3392 5905 Β
3418 5851 3477 5905 Ρ.

1558 5921 1602 5951 ³⁸⁷
1638 5922 1719 5976 ὅτι
1747 5919 1855 5992 γὰρ
1886 5921 1950 5975 Α.
2023 5921 2068 5954 ⁸⁸
2104 5921 2358 5991 γλῶσσαν
2391 5925 2432 5977 Β
2464 5919 2523 5979 Ρ.
2601 5927 2646 5958 ³⁸
2683 5925 2937 5998 μνελούς.
2970 5924 3032 5980 Β.
3109 5919 3154 5958 δί’
3181 5924 3445 5994 οὑροδόχα
3473 5923 3514 5978 Β
3538 5925 3580 5980 C
3611 5923 3673 5987 P,

2084 4218 2304 4289 quidem
2372 4219 2700 4283 cerebrum,
2756 4218 2984 4283 oculos,
3029 4230 3260 4281 nasum,
3322 4227 3508 4276 aures,
3572 4210 3688 4265 oris

2086 4320 2319 4386 hiatum,
2353 4329 2407 4375 ct
2446 4335 2569 4391 qua:
2613 4319 2667 4374 in
2709 4333 2805 4373 ore
2841 4319 2992 4373 intus
3018 4315 3351 4377 consistunt,
3388 4320 3448 4366 ut
3475 4312 3685 4381 lingua,

2087 4411 2301 4478 dentes,
2349 4410 2540 4467 fauces
2590 4409 2852 4482 gutturis,
2893 4417 2948 4464 et
2995 4423 3118 4478 quae
3170 4402 3542 4476 particulatim
3583 4416 3674 4456 no-

2088 4501 2375 4556 minantur
2429 4501 2695 4556 continet.
2753 4497 2814 4553 ln
2856 4505 3081 4569 pectore
3116 4509 3252 4550 vero
3300 4492 3578 4564 pulmonis
3633 4499 3688 4546 et

2087 4592 2270 4649 cordis
2321 4593 2500 4648 locus.
2538 4591 2754 4646 Collum
2791 4589 3120 4646 claviculam
3168 4587 3433 4642 continet.
3493 4583 3600 4640 Sed
3632 4591 3688 4639 et

2086 4695 2277 4751 costae,
2319 4687 2701 4741 membranam
2754 4700 2878 4755 quae
2924 4684 3074 4754 ipsas
3111 4683 3280 4754 tegit;
3327 4680 3484 4750 spina
3536 4693 3684 4746 vero,

2085 4779 2370 4834 vertebras
2434 4794 2500 4834 ac
2554 4776 2876 4832 medullam.
2923 4775 2994 4830 At
3027 4774 3221 4839 lumbi,
3271 4787 3456 4836 renes,
3493 4779 3546 4825 et
3576 4769 3685 4823 hu-

2089 4871 2220 4926 midi
2255 4869 2617 4936 excrementi,
2649 4887 2744 4926 seu
2775 4869 2952 4925 urinae
3007 4866 3373 4939 receptacula.
3423 4861 3688 4932 Superior

2087 4977 2219 5017 vero
2270 4969 2462 5017 venter
2516 4961 2572 5016 in
2619 4941 2990 5025 stomachum,
3026 4959 3204 5030 jecur,
3249 4958 3473 5021 lienem,
3509 4968 3563 5008 et
3591 4969 3685 5008 su-

2084 5054 2360 5125 periorem
2433 5054 2542 5109 alvi
2612 5063 2827 5126 partem
2898 5053 3182 5108 dividitur.
3250 5048 3483 5106 lnlerior
3554 5062 3684 5103 vero

2082 5157 2294 5217 venter,
2333 5148 2388 5203 in
2435 5147 2722 5214 intestina,
2762 5146 3172 5219 pinguedinem,
3209 5149 3583 5205 excrementa,
3630 5148 3685 5194 ct

2082 5255 2206 5311 quae
2248 5240 2316 5296 ad
2369 5240 2545 5311 pubes
2583 5241 2763 5311 posita
2814 5249 2964 5298 sunt.
3022 5237 3239 5303 Manus,
3276 5238 3331 5291 in
3367 5233 3681 5296 brachium,

2158 5524 2285 5582 llaec
2331 5534 2517 5583 autem
2569 5527 2777 5591 omnia,
2805 5537 2861 5583 et
2900 5531 3006 5586 alia
3038 5530 3316 5600 pleraque,
3349 5534 3465 5579 tum
3510 5535 3683 5577 mem-

2083 5617 2180 5673 bra
2223 5659 2239 5684 ,
2288 5627 2402 5673 lum
2461 5629 2647 5690 partes
2697 5622 3091 5693 particulaeque
3155 5638 3219 5678 ac
3271 5621 3391 5675 loca
3461 5629 3683 5685 separa-

3569 5853 3732 5906 856.
