4138 6468
478 438 611 493 ΗΞἰὶ

1806 427 2090 484 MELETII
2132 425 2448 482 MONACIII

3626 436 3765 493 H53

475 559 711 625 demque
736 551 1036 609 sentientes
1080 548 1215 606 illud
1246 555 1628 620 procrearnnt,
1663 557 1718 600 et
1760 548 1835 602 uti
1862 564 2059 619 supera

2169 548 2224 603 ἓν
2261 548 2632 603 συνάπτεσθαι
2665 548 2830 602 πάλιν
2854 551 2954 614 τὰς
2984 554 3133 622 τρεῖς
3159 553 3226 620 ⁸⁸,
3259 555 3360 626 τὴν
3392 554 3628 628 οὐσιὼδη
3662 560 3764 613 καὶ

473 647 875 717 contempletur
928 641 1327 699 formaverunt.
1381 637 1540 705 Quod
1600 654 1729 693 vero
1774 639 1906 710 ipsa:
1957 649 2068 695 tres

476 750 685 795 sutum
757 739 813 793 in
866 752 1037 792 unum
1097 736 1281 791 denuo
1343 740 1572 796 coeant,
1644 734 2064 788 substantialem

477 831 895 900 naturalemque
927 843 991 883 ac
1035 826 1202 883 unius
1233 825 1492 895 potentiae
1525 823 1791 880 unitatem
1820 824 1925 879 sub
1959 840 2067 880 una

478 932 753 993 potestate
781 926 1194 991 repraesentant.
1220 916 1287 969 At
1313 915 1462 969 illam
1494 930 1619 986 quae
1644 914 1700 969 in
1735 914 1953 970 leminre
1975 930 2069 971 ca-

479 1017 590 1085 pite
617 1031 723 1070 una
763 1025 956 1069 sutura
992 1019 1097 1077 est,
1133 1023 1257 1080 quae
1286 1008 1573 1063 circularis
1610 1008 1861 1075 habetur,
1897 1009 2068 1079 impc-

479 1107 622 1159 rium
676 1105 818 1175 quod
853 1100 1272 1173 comprehcndit
1300 1098 1654 1168 contiuetque
1683 1099 1939 1155 universa
1966 1114 2067 1155 sae-

476 1197 619 1261 cula,
644 1212 708 1251 ac
742 1195 1027 1267 potestatis
1053 1193 1219 1248 totius
1248 1191 1400 1246 orbis
1426 1191 1713 1258 unitatem,
1755 1201 1809 1246 et
1836 1191 1948 1245 vim
1980 1191 2066 1247 di-

477 1290 619 1344 vina:
680 1287 937 1359 potentiae
985 1284 1140 1340 omni
1201 1286 1311 1338 line
1344 1291 1626 1337 carentem
1671 1292 2067 1352 repraesentare

476 1396 541 1436 ac
592 1380 829 1451 ﬁgurare
864 1384 1188 1435 sanxerunt.
1224 1374 1293 1430 Et
1340 1375 1809 1445 quemadmodum
1838 1391 1960 1445 quae
1993 1375 2064 1431 ad

473 1473 896 1530 intellectualem
948 1469 1191 1526 hominis
1237 1468 1472 1540 ﬁguram
1530 1468 1788 1533 attinent,
1838 1469 1942 1523 tria
2006 1469 2061 1523 in

2172 640 2408 711 φυσικὴν
2438 640 2694 711 ἑνότητα,
2734 641 2830 695 καὶ
2866 642 2928 695 τὸ
2969 642 3027 694 ἓν
3060 644 3264 715 κράτος
3311 645 3631 712 ἐξεικονίζει
3659 647 3763 721 τῆς

2171 736 2303 801 μιᾶς
2332 733 2680 804 κυριότητος.
2729 733 2795 787 Ἦ
2820 734 2879 787 δὲ
2912 735 3008 787 ἐπὶ
3035 737 3137 806 τῆς
3163 737 3411 807 κεφαλῆς
3436 738 3534 793 τοῦ
3568 739 3764 808 θήλεος

2170 826 2271 894 μία
2302 824 2452 896 ραφὴ
2484 824 2742 897 κυκλικὴ,
2775 826 2878 896 τὴν
2911 828 3267 901 περιεκτικῆν
3306 831 3404 885 καὶ
3434 833 3763 904 συνεκτικὴν

2165 914 2262 969 τοῦ
2300 917 2504 979 παντὸς
2549 917 2920 989 κυκλοτεροῦς
2964 920 3173 989 κόσμου
3226 921 3523 994 μοναδικὴν
3560 922 3762 977 δεσπο·

2165 1009 2339 1063 τείαν·
2374 1010 2592 1082 καὶτῆς
2629 1012 2760 1080 μιᾶς
2787 1011 2884 1064 καὶ
2911 1012 3250 1083 θεοπρεποῦς
3278 1015 3564 1085 δυνάμεως
3602 1016 3736 1070 ἅπει

2169 1102 2296 1173 ρίαν
2352 1102 2699 1174 συμϐολικῶς
2752 1104 3127 1176 παρεμφαίνει
3189 1108 3283 1160 καὶ
3335 1087 3771 1179 παραδείκνυσιξ

2167 1196 2278 1249 Καὶ
2306 1196 2565 1268 καθάπερ
2597 1198 2693 1251 ἐπὶ
2720 1199 2821 1268 τῆς
2854 1199 3053 1269 νοητῆς
3085 1198 3304 1268 φύσεως
3335 1199 3429 1254 τοῦ
3465 1200 3758 1273 ἀνθρώπου

2166 1287 2294 1360 τρία
2323 1288 2447 1343 καθ’
2491 1289 2767 1361 ἑκατέραν
2797 1288 3064 1362 εὕρηνται
3105 1292 3488 1364 διοργάνωσιν,
3522 1291 3619 1346 τοῦ
3658 1294 3760 1365 ἆῤ-

2168 1383 2325 1452 ρενος
2367 1381 2512 1449 λέγω
2563 1383 2659 1434 καὶ
2712 1382 2811 1452 τῆς
2837 1384 2882 1415 ’⁷
2938 1382 3154 1453 θήλεος·
3212 1382 3375 1451 νοῦς,
3424 1384 3606 1454 λόγος,
3661 1384 3760 1438 καὶ

2166 1470 2407 1540 πνεῦμα·
2439 1470 2617 1535 οὕτως
2645 1472 2742 1526 καὶ
2773 1473 2867 1525 ἐπὶ
2896 1474 2995 1543 τῆς
3026 1474 3291 1544 αἰσθητῆς
3323 1474 3491 1528 αὐτοῦ
3519 1473 3758 1542 φύσεως,
3860 1498 3863 1499 ν

475 1567 764 1638 utriusque
804 1573 919 1621 tum
957 1563 1148 1627 maris,
1187 1570 1305 1617 tum
1345 1560 1562 1616 femina:
1618 1560 1870 1632 corporis
1925 1562 2342 1632 constitutione,
2433 1579 2610 1630 mens,
2643 1566 2921 1633 ,verbum,
2986 1576 3041 1621 ct
3089 1566 3315 1636 spiritus
3355 1576 3570 1637 reperta
3607 1576 3759 1631 sunt,

473 1654 553 1717 ita
579 1669 634 1716 et
664 1661 730 1715 de
765 1658 1006 1715 sensuali
1054 1656 1172 1728 ejus
1197 1665 1394 1711 natura
1422 1655 1648 1713 dixeris.

550 1750 766 1806 Etenim
791 1749 1033 1807 anterior
1048 1749 1246 1820 capitis
1266 1763 1393 1819 pars
1415 1746 1572 1804 frons
1599 1747 1824 1814 dicitur,
1844 1747 1914 1803 ab
1933 1748 2068 1819 ipsis

479 1842 734 1914 μέτωπον
766 1838 880 1895 οἷον
902 1841 1215 1913 ὑπέρωπον,
1269 1840 1430 1910 quasi
1479 1839 1656 1895 oculis
1683 1840 2066 1896 imminentem

2242 1751 2358 1822 Τῆς
2379 1746 2474 1804 οὖν
2491 1750 2736 1822 κεφαλῆς
2755 1750 2817 1803 τὸ
2841 1749 2941 1821 μὲν
2961 1749 3275 1823 ἔμπροσθεν
3293 1750 3466 1821 αὐτῆς
3481 1748 3763 1820 μέτωπον

2167 1841 2413 1912 λέγεται’
2463 1837 2577 1898 οἷον
2619 1842 2973 1911 ὑπέρωπον,
3004 1843 3066 1897 τὸ
3109 1843 3368 1913 ὑπεράνω
3414 1842 3525 1896 τῶν
3568 1842 3760 1911 ὠπῶν,

478 1946 691 2005 ραι-ωιτη
708 1934 863 1990 dicas
885 1952 905 1988 ι
924 1933 1117 1989 oculos
1145 1932 1295 1987 enim
1314 1932 1421 2003 ipsi
1446 1931 1559 1986 ὅπα
1573 1941 1912 2004 nuncupant.
1934 1930 2069 1988 Pars

2169 1936 2342 2006 ῆγουν
2396 1936 2506 1989 τῶν
2558 1934 2856 2005 ὀφθαλμῶν
2880 1936 2948 1967 ’⁵ο
2991 1935 3052 1990 τὸ
3103 1936 3160 1990 δὲ
3216 1936 3413 2008 μικρὸν
3461 1937 3720 2009 ἀνωτέρω
3742 1976 3759 2003 ,

479 2042 611 2083 vero
626 2043 747 2098 quae
763 2027 928 2098 paulo
939 2027 1010 2081 ab
1031 2027 1149 2097 ipsa
1164 2025 1346 2081 fronte
1370 2041 1592 2082 sursum
1617 2027 1810 2092 tendit,
1825 2026 2072 2096 sinciput

2169 2026 2402 2097 βρέγμα
2422 2028 2492 2060 ’θ’
2546 2027 2631 2080 ὅτι
2686 2026 2903 2098 δίυγρος
2957 2028 3051 2081 καὶ
3096 2026 3309 2092 ἁπαλός
3362 2029 3514 2081 ἐστιν
3560 2031 3588 2082 ὁ
3638 2028 3762 2081 κατ’

479 2122 707 2185 dicitur,
732 2135 899 2192 quam
922 2120 1094 2176 Graeci
1125 2121 1342 2191 βρέγμα
1370 2120 1666 2190 appellant.
1698 2118 1854 2185 Quod
1883 2126 2069 2173 autem

479 2214 693 2270 inloco
748 2214 843 2269 illo
903 2216 1189 2269 cerebrum
1249 2215 1385 2269 satis
1435 2213 1731 2269 admodum
1785 2212 2069 2268 humidum

484 2306 757 2377 molleque
786 2308 861 2363 sit
890 2322 1055 2377 supra
1090 2307 1457 2361 ostendimus.
1492 2310 1562 2360 At
1608 2305 1847 2361 medium
1873 2306 2069 2378 capitis

478 2410 664 2454 vertex
681 2412 1051 2470 nuncupatur,
1066 2399 1331 2470 quidquid
1352 2400 1421 2454 ab
1438 2399 1574 2470 ipsis
1597 2397 1832 2471 κορυφὴ,
1866 2399 2065 2453 ὅτιτοῦ

478 2489 629 2562 κάρα
654 2491 802 2545 ἐστὶν
824 2491 1019 2563 ὀροφὴ,
1034 2491 1182 2562 quod
1212 2492 1409 2562 capitis
1430 2490 1707 2560 fastigium
1734 2506 1858 2548 esse
1870 2490 1972 2561 51
1992 2489 2070 2544 in-

476 2582 878 2652 terpretati-eris.
897 2580 1030 2649 Quae
1054 2598 1184 2636 vero
1200 2584 1401 2653 capitis
1428 2585 1698 2654 posterior
1728 2596 1855 2651 pars
1871 2588 2067 2637 estoc-

475 2676 633 2746 ciput
670 2677 993 2746 appellatur,
1025 2691 1149 2747 qua:
1180 2680 1251 2733 ab
1301 2680 1434 2747 ipsis
1476 2677 1634 2740 ῖνιον,
1680 2674 1825 2744 quod
1850 2672 2069 2728 descen-

2169 2121 2351 2172 ἒκιῖνο
2377 2118 2440 2171 τὸ
2460 2120 2627 2189 μέρος
2653 2118 2761 2183 ’ἐως
2787 2118 2927 2173 πολύ
2953 2121 2994 2175 ί.
3017 2120 3092 2173 Τὸ
3115 2119 3173 2173 δὲ
3193 2119 3361 2190 μέσον
3391 2120 3649 2190 κορυφὴ,
3677 2120 3763 2174 ὅτι

2169 2211 2269 2265 τοῦ
2300 2210 2449 2282 κάρα
2488 2211 2641 2264 ἐστὶν
2669 2212 2866 2284 ὀροφή.
2898 2211 2973 2267 To
3011 2212 3070 2266 δὲ
3111 2211 3340 2267 ὄπισθεν
3381 2214 3540 2267 ἰνίον
3560 2214 3604 2279 ⁸,
3652 2213 3764 2267 ἀπὸ

2170 2305 2269 2360 τοῦ
2308 2309 2368 2361 ὲν
2396 2309 2462 2379 τῇ
2498 2307 2806 2363 καταϐάσει
2842 2309 2947 2381 τῆς
2973 2310 3225 2382 κορυφῆς
3256 2311 3279 2344 ⁸
3307 2309 3461 2366 κάτω
3510 2310 3649 2365 ἰέναι
3670 2327 3684 2341 ·
3726 2310 3762 2382 ῆ

2171 2398 2281 2451 ἀπὸ
2305 2399 2400 2452 τοῦ
2420 2399 2673 2454 ἐντεῦθεν
2696 2400 2965 2472 ἄρχεσθαι
2991 2401 3094 2465 τὰς
3115 2398 3263 2466 ἶνας,
3279 2403 3454 2474 ἤγουν
3477 2403 3551 2459 τὰ
3568 2401 3761 2474 νεῦρα³

2171 2491 2229 2544 αἱ
2270 2490 2330 2543 δὲ
2360 2487 2480 2556 ἶνες
2527 2492 2621 2547 τοῦ
2671 2492 2813 2547 εἶναι
2850 2511 2910 2547 τε
2945 2495 3041 2547 καὶ
3084 2494 3415 2549 συνεστάναι
3457 2496 3765 2566 παρέχωσι

2170 2584 2248 2656 τῷ
2286 2584 2500 2657 σώματι
2527 2587 2569 2619 ⁸ο
2620 2586 2925 2657 ἐπειδήπερ
2956 2587 3129 2641 ἵενται
3179 2586 3270 2641 διὰ
3315 2586 3410 2641 τοῦ
3463 2586 3759 2659 σώματος·

2172 2677 2415 2731 τοιοῦτον
2436 2678 2493 2731 δὲ
2523 2679 2640 2732 ἐστι
2663 2682 2762 2732 καὶ
2794 2679 2885 2733 τό·

477 2784 599 2822 sum
630 2768 863 2831 diceres,
897 2768 1028 2839 quia
1061 2782 1092 2822 a
1123 2767 1325 2824 vertice
1346 2767 1609 2823 deorsum
1640 2764 1849 2819 tendat.
1878 2763 2005 2821 Sive
2036 2767 2182 2836 quod
2225 2769 2375 2823 nervi
2413 2768 2540 2824 inde
2568 2771 2841 2839 oriantur,
2867 2786 3011 2842 quos
3042 2771 3118 2826 illi
3151 2771 3268 2837 ἶνας
3293 2772 3566 2828 dictitant.
3599 2771 3761 2828 Nervi

479 2877 612 2917 vero
657 2863 783 2917 inde
822 2858 937 2926 ἶνες
988 2862 1117 2917 dicti
1177 2873 1326 2928 sunt,
1388 2863 1471 2915 ὅτι
1522 2859 1587 2914 τὸ
1640 2853 1803 2923 εἶναι,
1838 2860 1933 2913 καὶ
2002 2877 2073 2913 συ

2169 2864 2324 2917 τάναι
2368 2862 2447 2935 τῷ
2499 2863 2713 2935 σώματι
2764 2867 3089 2940 παρέχουσι,
3155 2867 3302 2939 quod
3365 2882 3489 2924 esse
3542 2878 3597 2924 et
3629 2885 3764 2925 con-

482 2955 1065 3025 stitutionemcorpori
1128 2957 1390 3021 tribuant,
1455 2954 1716 3026 quoniam
1795 2955 1973 3024 ipsum
2044 2971 2244 3027 corpus
2294 2959 2545 3015 ambiunt
2593 2977 2607 3014 :
2652 2961 2721 3016 de
2777 2962 2865 3017 bis
2908 2972 2962 3017 et
3007 2962 3150 3035 apud
3228 2961 3527 3019 Homerum
3582 2963 3764 3036 legere

480 3058 587 3113 est,
620 3049 713 3119 qui
748 3049 826 3104 ait
872 3068 885 3103 :

554 3160 677 3215 Non
717 3178 929 3217 carnem
955 3163 1178 3218 retinent
1207 3163 1378 3230 nervi,
1415 3178 1520 3216 non
1564 3163 1799 3233 amplius
1846 3180 1990 3219 ossa.

554 3276 688 3345 Quae
709 3258 890 3332 autcni
931 3278 999 3334 ad
1035 3279 1386 3335 membranas
1413 3290 1596 3350 partes
1630 3283 1891 3351 utrinque
1944 3295 2075 3335 sunt

485 3379 732 3441 tempora
766 3370 1130 3440 appellantur,
1193 3386 1317 3441 qua:
1363 3371 1430 3426 ab
1473 3370 1582 3426 illis
1626 3370 1926 3444 κρόταφοι,
1989 3370 2072 3424 ὅτι

485 3462 744 3534 κρούουσι
828 3462 925 3534 τὴν
1020 3464 1166 3535 ἁφὴν
1247 3462 1620 3534 παλλόμενοι,
1702 3462 1850 3534 quod
1929 3471 2077 3518 tactu

487 3558 805 3615 exsilientes
854 3559 1147 3629 quatiunt,
1196 3558 1277 3613 vel
1336 3558 1483 3629 quod
1556 3574 1624 3615 ex
1691 3560 1811 3629 pari
1859 3559 2075 3630 pulsum

487 3652 748 3722 utrinque
790 3654 986 3715 edant,
1029 3655 1174 3721 quod
1219 3652 1290 3705 illi
1346 3653 1804 3721 συγκεκροτίσθαι
1847 3654 2072 3717 (Ιίι·υιιι;

2093 3166 2136 3222 C
2250 3169 2333 3223 Οὐ
2363 3169 2475 3239 γὰρ
2498 3169 2587 3224 ἔτι
2614 3170 2841 3238 σάρκες
2862 3184 2929 3222 τε
2956 3168 3056 3223 καὶ
3082 3167 3268 3223 ὀστέα
3290 3164 3426 3235 ἶνας
3452 3168 3684 3238 ἔχουσι.

2252 3284 2337 3339 Τὰ
2373 3284 2429 3338 δὲ
2475 3285 2612 3355 πρὸς
2662 3287 2935 3357 μήνιγγας
2974 3283 3125 3339 ἔνθεν
3176 3283 3436 3338 κακεῖθεν
3476 3286 3754 3353 «porca-ot

2178 3376 2452 3448 λέγονται,
2483 3378 2567 3432 ὃτι
2597 3377 2859 3449 κρούουσι
2903 3376 3003 3449 τὴν
3037 3377 3184 3449 ἁφὴν
3220 3376 3540 3449 βαλλόμενοι
3557 3378 3599 3441 ⁵,
3643 3369 3755 3429 οἷον

2176 3468 2500 3540 κρούταφοιο
2537 3468 2572 3541 ἢ
2606 3470 2689 3522 ὅτι
2715 3469 2815 3540 τῆς
2852 3468 3098 3541 κόρσεως
3132 3468 3429 3524 ἅπτονται·
3463 3470 3672 3538 κόραις
3700 3466 3754 3521 δὲ

2174 3562 2208 3630 ἡ
2245 3561 2477 3633 κεφαλὴ,
2518 3565 2677 3633 παρὰ
2704 3560 2768 3614 τὸ
2798 3559 3192 3632 κορυφοῦσθαι·
3243 3561 3277 3633 ἢ
3313 3562 3422 3615 ἀπὸ
3449 3561 3548 3615 τοῦ
3583 3560 3760 3631 κείρε-

2175 3651 2320 3716 σθαι,
2351 3651 2410 3716 ἐξ
2436 3644 2497 3705 οὗ
2531 3654 2622 3705 καὶ
2654 3650 2988 3720 κορσωτὴρ,
3023 3652 3052 3704 ὀ
3078 3652 3178 3715 τὰς
3210 3652 3401 3723 τρίχας
3430 3651 3761 3722 ἀποκείρων.

486 3746 605 3802 sive
647 3745 794 3817 quod
830 3745 993 3814 capiti
1044 3744 1408 3815 applicantur,
1441 3746 1586 3816 quod
1632 3745 1711 3799 illi
1767 3744 1957 3817 κόρσιν
2021 3744 2073 3797 di

2169 3755 2230 3806 it.
2261 3746 2340 3797 vel
2373 3743 2733 3818 ιικεῖρεσθαι,
2794 3744 2940 3813 quod
2988 3744 3201 3798 tondere
3261 3745 3590 3815 explicares,
3626 3743 3766 3798 unde

489 3838 779 3910 κορσωτὴρ
812 3852 843 3891 a
893 3837 1185 3892 tondendis
1208 3838 1451 3895 crinibus
1485 3849 1676 3894 tonsor
1701 3847 2071 3909 nuncupatur.

562 3929 764 3986 Totum
795 3938 976 3984 autem
991 3945 1053 3985 os
1067 3931 1213 4001 quod
1233 3938 1398 4002 caput
1418 3930 1612 4000 ambit,
1636 3930 1867 3986 invicem
1902 3932 2078 4001 pecti-

488 4022 662 4077 natim
691 4024 1016 4078 coeuntibus
1048 4022 1258 4078 suturis
1287 4021 1453 4078 modo
1493 4037 1605 4093 quo
1648 4021 1802 4094 prius
1834 4021 2081 4077 diximus

488 4118 728 4173 divisum
763 4126 882 4186 est;
921 4134 1016 4188 per
1052 4133 1194 4189 quas
1229 4116 1507 4187 duplicato
1536 4117 1745 4174 ossium
1772 4117 1985 4183 ordine,
2016 4133 2079 4172 ea

487 4225 613 4281 quae
640 4211 709 4267 ad
740 4210 1026 4267 cerebrmn
1054 4211 1309 4276 attinent,
1347 4218 1403 4266 et
1434 4226 1561 4267 cum
1598 4210 1709 4267 illis
1757 4210 2077 4273 cerbellum,

489 4303 637 4374 quod
654 4312 709 4359 et
736 4304 890 4360 calva
919 4313 1292 4375 nuncupatur,
1319 4301 1760 4371 distinguuntur,
1786 4314 1952 4374 quam
1983 4318 2076 4358 so-

490 4397 606 4452 lum
634 4395 911 4452 hominem
936 4404 1133 4467 prater
1165 4396 1352 4452 omnia
1387 4396 1650 4452 animalia
1682 4395 1884 4450 habere
1917 4393 2079 4449 dicti.-

492 4581 573 4637 illi
614 4588 958 4651 nuncupant,
989 4594 1086 4635 sex
1131 4578 1354 4634 ossibus
1377 4586 1630 4645 constat;
1662 4577 1903 4631 anterior
1930 4576 2078 4646 quod

491 4670 754 4742 sinciput,
776 4669 1051 4742 posterior
1073 4668 1222 4739 quod
1244 4668 1463 4737 occiput
1485 4668 1708 4723 dicitur.
1740 4666 1874 4734 Quae
1898 4677 2078 4723 autem

491 4765 562 4820 ad
603 4775 896 4833 utramque
926 4776 1117 4816 aurem
1162 4760 1517 4827 adhibentur,
1557 4760 1806 4831 lapidosa
1834 4775 1961 4818 ossa
1995 4775 2084 4831 ap-

497 4857 791 4928 pellantur.
842 4853 900 4908 ln
933 4853 1287 4910 eminentiori
1335 4868 1468 4909 vero
1508 4852 1701 4924 capitis
1757 4863 1934 4925 parte,
1972 4852 2083 4909 duo

492 4948 768 5018 sincipitia
817 4954 966 5011 sunt,
1002 4960 1239 5015 quorum
1267 4954 1581 5019 utrumque,
1615 4962 1724 5002 una
1773 4947 1828 5002 in
1859 4947 2081 5016 longum

495 5051 767 5111 porrecta,
793 5047 985 5094 sutura
1017 5038 1301 5095 communi
1323 5039 1658 5096 inserviente
1689 5037 1865 5094 oﬂieio
1887 5038 2080 5092 utitur.

496 5130 579 5187 Ex
625 5132 711 5188 bis
739 5145 979 5201 namque
1015 5130 1257 5197 ossibus,
1289 5146 1412 5201 quae
1452 5146 1547 5186 sex
1581 5145 1815 5187 numero
1849 5129 2084 5197 asserui-

495 5240 643 5292 mus,
681 5240 747 5280 ea
775 5239 896 5296 quae
929 5223 998 5280 ad
1038 5223 1280 5295 sinciput
1299 5223 1477 5296 posita
1510 5235 1662 5292 sunt,
1700 5223 1952 5279 molliora
1978 5238 2083 5277 cae-

494 5319 626 5376 teris
674 5318 1153 5389 imbecillioraque
1203 5317 1497 5373 habentur.
1557 5317 1630 5371 At
1660 5315 1796 5371 illud
1829 5314 1976 5385 quod
2015 5316 2081 5368 ad

494 5412 710 5482 occiput
736 5413 947 5469 locatur
965 5427 1050 5480 os,
1066 5408 1291 5467 densius
1308 5408 1656 5479 validiusque
1679 5427 1695 5476 ;
1716 5406 1914 5463 frontis
1928 5422 2078 5473 vero,

494 5505 687 5561 mediae
709 5508 851 5562 inter
881 5515 1176 5575 utrumque
1200 5503 1486 5576 qualitatis
1503 5501 1762 5557 habetur.
1785 5498 2080 5555 Enimvero

2248 3928 2320 3980 Τὸ
2344 3926 2401 3981 δὲ
2442 3925 2573 3999 περὶ
2600 3926 2699 3999 τὴν
2730 3925 2975 4000 κεφαλὴν
3010 3928 3159 3983 ἆπαν
3192 3926 3386 3981 ὀστοῦν
3430 3927 3763 4000 διῃρημένον

2176 4022 2326 4074 ἐστὶν
2348 4020 2455 4074 ὑπὸ
2481 4020 2799 4092 ὲμΰολίμων
2830 4020 3022 4091 ραφῶν
3052 4019 3176 4074 καθ’
3205 4020 3265 4074 ὃν
3295 4020 3516 4093 εἴρηται
3538 4021 3762 4092 τρόπον·

2174 4113 2244 4167 δι’
2273 4105 2349 4167 ὧν
2391 4112 2462 4168 τὰ
2491 4113 2624 4185 περὶ
2648 4112 2739 4167 τὸν
2776 4112 3084 4183 ἐγκέφαλον
3121 4113 3543 4184 διαχωρξζονται
3576 4112 3767 4168 διπλο-

2177 4203 2410 4260 σύνθετα
2432 4203 2589 4267 ὀστᾶ,
2624 4203 2719 4257 καὶ
2755 4205 2789 4275 ὴ
2830 4202 3247 4276 παρεγκεφαλὶς
3273 4203 3313 4269 ⁸,
3348 4204 3414 4274 ῆν
3459 4205 3556 4256 καὶ
3580 4220 3768 4273 παρα-

2182 4298 2485 4369 κρανίὸυτι
2518 4297 2798 4355 καλοῦσιν’
2830 4296 2899 4369 ῆν
2947 4299 3123 4368 μόνην
3156 4295 3302 4368 ἔχειν
3337 4296 3430 4350 τὸν
3476 4297 3768 4368 ἄνθρωπον

2183 4391 2438 4461 λέγουσιν
2463 4391 2605 4460 ὑπὲρ
2634 4391 2825 4446 πάντα.
2842 4388 2913 4443 τὰ
2941 4387 3080 4453 ζῶαο
3119 4390 3195 4453 ὼς
3222 4384 3366 4444 εἶναι
3395 4388 3453 4456 ἐξ
3500 4390 3635 4444 ὀστᾶ
3663 4391 3768 4459 τῆς

388 4540 391 4541 ν
489 4497 630 4545 tant.
652 4488 838 4560 Itaque
855 4501 1040 4559 caput,
1062 4488 1293 4544 cuneale
1312 4496 1541 4557 excepto
1568 4485 1719 4559 quod
1751 4484 2073 4556 spbenoides

2185 4483 2431 4554 κεφαλῆς
2460 4484 2629 4554 χωρὶς
2650 4481 2744 4536 τοῦ
2789 4478 3164 4554 σφηνοειδοῦς·
3195 4481 3383 4554 πρόσω
3415 4482 3514 4553 μὲν
3552 4482 3615 4535 τὸ
3637 4482 3770 4552 μέτ-

2183 4596 2359 4644 ωπον,
2382 4579 2611 4634 ὄπισθεν
2639 4579 2697 4634 δὲ
2719 4580 2780 4633 τὸ
2804 4580 2958 4634 ἰνίον·
2984 4576 3284 4652 έτέρωθεν⁸
3308 4578 3366 4632 δὲ
3386 4577 3495 4631 τῶν
3512 4576 3668 4631 ὤτων
3695 4578 3768 4632 τὰ

2179 4670 2274 4723 δύο
2296 4669 2562 4739 λιθοειδῆ
2588 4670 2883 4742 λεγόμενα.
2916 4673 3013 4736 Ei;
3042 4672 3100 4726 δὲ
3128 4670 3189 4725 τὸ
3231 4669 3567 4743 ὑψηλότερον
3601 4671 3769 4742 μέρος

2180 4765 2250 4819 τὰ
2287 4764 2395 4818 δύο
2431 4765 2745 4836 βρέγματα,
2800 4765 2945 4836 ἆπερ
2996 4764 3181 4837 έχουσι
3220 4764 3407 4836 κοινὴν
3459 4763 3638 4837 ῥαφὴν
3669 4763 3769 4834 τὴν

2182 4857 2327 4912 κατὰ
2354 4857 2529 4929 μῆκος
2553 4858 2793 4913 εὐθεῖαν.
2818 4857 3037 4913 Τούτων
3056 4859 3115 4913 δὲ
3134 4858 3245 4913 τῶν
3266 4858 3327 4925 ἓξ
3347 4858 3545 4924 ὀστῶν,
3574 4857 3643 4911 τὰ
3669 4856 3770 4928 μὲν

2180 4950 2277 5005 τοῦ
2306 4951 2618 5022 βρέγματος
2648 4954 2956 5022 χαυνότατά
2983 4955 3080 5007 τευ
3107 4954 3203 5008 καὶ
3232 4950 3605 5007 ἁσθενέστατά
3636 4952 3764 5004 εἰσι.

2182 5044 2530 5099 Πυκνότατον
2555 5045 2612 5098 δὲ
2639 5047 2732 5098 καὶ
2762 5045 3119 5117 ἰσχυρότατον
3139 5046 3201 5098 τὸ
3222 5043 3484 5098 κατ’ἱνίον
3510 5043 3554 5074 ¹⁰
3606 5041 3767 5112 μέσον

2180 5134 2239 5187 δὲ
2284 5135 2523 5204 ἀμφοῖν,
2569 5135 2631 5188 τὸ
2673 5135 2817 5188 κατὰ
2875 5133 3128 5207 μέτωπον
3151 5151 3167 5167 ο
3203 5133 3315 5188 τῶν
3357 5133 3416 5187 δὲ
3458 5129 3766 5188 siautem

2182 5224 2356 5281 ὀστῶν
2383 5225 2444 5279 τὸ
2476 5225 2580 5298 μέν
2608 5244 2663 5279 τι
2688 5227 2729 5258 ¹¹
2768 5225 2936 5298 μέρος
2972 5225 3237 5290 λιθοειδές
3267 5227 3407 5289 ἐστι,
3432 5225 3495 5279 τὸ
3528 5225 3585 5279 δὲ
3608 5221 3768 5276 ὀστῶ⁴

2182 5316 2272 5382 δες
2302 5317 2493 5389 μανόν.
2528 5317 2593 5371 Ἦ
2620 5318 2677 5372 δὲ
2704 5317 3152 5388 παρεγκεεραλὶς
3177 5318 3429 5389 ὁμοφυής
3457 5318 3575 5370 ἐστι
3606 5317 3649 5347 ⁸³
3681 5313 3773 5367 καὶ

2186 5410 2488 5482 ὁμόχροια’
2534 5409 2669 5482 ἄλλη
2703 5409 2760 5463 δὲ
2809 5410 2959 5480 ραφὴ
3007 5412 3041 5481 ἡ
3092 5410 3279 5463 ἐπάνω
3312 5407 3410 5461 τοῦ
3465 5406 3777 5479 βρέγματος

2183 5501 2550 5574 διερχομένη,
2583 5502 2680 5556 και)⁵
2711 5501 2850 5575 πρὸς
2887 5500 2957 5554 τὰ
2992 5498 3280 5571 πεταλώδη
3322 5499 3460 5554 ὀστᾶ
3487 5498 3596 5553 τῶν
3636 5495 3782 5552 κατά

566 5685 615 5756 ’f
645 5685 712 5756 τὰ
738 5685 867 5756 τρία
887 5687 951 5739 Β.
991 5688 1038 5720 ⁸⁷
1073 5682 1170 5756 τοῦ
1204 5684 1271 5756 B.
1346 5684 1572 5756 θ’ὐπξρ.
1595 5683 1726 5745 τοὺς
1761 5674 2092 5756 ὦπας-ἔχονἒ
2115 5684 2161 5756 ξ’
2187 5680 2388 5756 βέγμα.
2414 5685 2481 5756 A_.
2526 5683 2542 5713 ⁸
2577 5680 2775 5756 πολλοῦ
2797 5682 2857 5737 C.
2907 5683 2940 5756 ξ
2972 5681 3103 5756 ἰνίον
3133 5681 3175 5734 Β
3206 5680 3272 5745 C,
3312 5681 3465 5756 ῂνίον
3611 5749 3622 5756 _
3658 5678 3680 5710 ⁸
3713 5679 3781 5749 τῇ

497 5752 608 5827 ᾁπδ
630 5755 733 5827 τῆς
761 5752 1010 5827 κορυφῆς
1033 5756 1076 5807 Β
1188 5825 1197 5827 _
1256 5752 1670 5827 5101;466th
1700 5752 1882 5827 παρέχ

501 5897 543 5933 υί
578 5895 846 5969 μέντοιΒ.
883 5896 926 5928 ⁸⁸
959 5898 1078 5949 ἐστι
1107 5895 1397 5967 ἐγκεφάλῳ
1417 5896 1482 5950 Ρ.

2072 5732 2094 5785 3
2124 5732 2503 5824 λαὲὅῌεξεόιᾞ,
2546 5732 2874 5824 ganges.
2907 5732 2985 5824 Ρ,
3002 5732 3112 5823 ὀέῆν
3135 5732 3427 5824 ἂεῖῥαόἔῆἐί
3446 5732 3783 5824 summa;

497 5768 608 5809 απο
630 5772 733 5822 της
761 5773 1010 5827 κορυφῆς
1036 5768 1076 5807 υ
1096 5768 1160 5808 r.
1256 5768 1279 5786 η
1305 5768 1423 5818 τοις
1449 5769 1670 5825 σωμασι
1700 5768 1882 5824 παρεχ
1912 5768 1975 5806 I5.
2072 5768 2094 5785 '
2125 5768 2413 5821 Ααοομενοι
2441 5768 2503 5819 b,
2546 5768 2717 5805 παΛΛο
2765 5769 2874 5806 ενοι
2908 5768 2971 5814 ι’,
3009 5768 3112 5823 την
3166 5770 3229 5806 κε
3277 5771 3304 5805 σ

494 5824 559 5883 C.
624 5825 648 5859 ⁸
677 5841 992 5897 παραγκεφ.
1042 5825 1140 5897 καὶ
1171 5825 1241 5897 ἣν
1274 5826 1340 5897 Δ,
1418 5825 1439 5897 Ϊ
1470 5823 1882 5896 παρεγκρανίδα
1913 5823 1955 5880 C
1981 5821 2047 5891 P,
2116 5823 2138 5855 ⁸
2177 5822 2605 5897 έκατέρωθενβ,
2640 5771 2898 5895 έκιξῒςερον
2928 5822 2991 5878 C.
3036 5824 3057 5857 ⁹
3098 5768 3304 5879 song.

3371 5817 3417 5857 ³ο
3453 5822 3516 5879 τὸ
3551 5817 3684 5878 ἰνίον
3718 5817 3778 5873 Β.
