4138 6460
379 433 519 490 n55
591 381 604 387 ’
1635 429 1722 484 DE
1763 427 2054 486 unum
2098 427 2406 484 HOMINIS.
3545 441 3686 499 ηδε

375 548 443 604 τὰ
469 543 588 603 ὦτα
617 545 889 618 κειμένων
914 544 1359 611 ἀποτελευτῶσα,
1390 545 1647 618 καὶπρὸς
1675 546 1778 618 τὴν
1805 564 1975 616 κορυ-

2097 546 2294 602 )ssium
2349 562 2473 617 qua:
2533 546 2778 618 lapidosa
2821 545 3069 625 diximus
3111 562 3240 618 pars
3270 551 3492 622 quidem
3521 572 3690 614 saxea

376 643 486 715 φῆν
509 639 934 712 ἐπισχιςομένη,
969 637 1341 710 σταυροειδῶς
1381 641 1565 692 ἐκεῖσε
1595 638 1979 694 διατυποῦταιο

2097 650 2194 703 est,
2220 656 2348 710 pars
2363 654 2495 694 vero
2519 641 2584 694 ad
2609 655 2825 694 osscatn
2849 629 3171 727 q‘ualitatem
3202 643 3468 702 laxiorem
3493 651 3686 721 vergit.

377 735 436 788 αί
467 733 525 787 δὲ
569 732 822 788 τοιαῦται
862 731 1042 803 ῥαφαὶ
1079 732 1178 795 τὰς
1219 731 1470 786 κάτωθεν
1508 732 1886 804 ἀνερχομένας
1917 733 1982 784 ἐκ

2097 731 2160 786 At
2215 733 2516 788 cerbcllum
2558 732 2812 787 eumdem
2846 741 3030 788 ortum
3069 750 3231 804 quem
3273 747 3327 793 ct
3375 741 3687 808 cerebrum,

377 825 657 896 στομάχου
691 825 786 879 καὶ
808 824 1048 895 γαστρὸς
1070 823 1458 895 ἐξατμίζουσιν
1481 824 1887 894 ἀναθυμιάσεις
1912 824 1978 877 ¹³.

2097 841 2156 879 ac
2187 825 2425 880 colorem
2479 824 2660 879 habet.
2721 825 2838 879 Alia
2894 833 3079 880 autem
3136 838 3328 883 sutura
3377 848 3500 902 qua:
3523 850 3691 903 supra

376 917 616 988 sinciput
639 917 907 988 procedit,
951 926 1004 971 et
1037 916 1104 971 ad
1131 931 1256 971 ossa
1287 931 1409 986 qua:
1436 915 1693 972 foliorum
1755 915 2176 971 similitudinem
2240 933 2350 988 prm
2380 933 2437 974 se
2502 917 2706 982 ferunt,
2771 918 2878 990 52
2903 935 3136 990 qumque
3159 923 3225 976 ad
3252 939 3418 980 aures
3443 925 3545 981 sita
3566 936 3695 982 sunt

376 1013 599 1078 desinit,
627 1028 753 1067 cum
780 1013 834 1066 in
862 1013 1065 1068 vertice
1096 1013 1357 1078 ﬁndatur,
1385 1014 1723 1070 inibicrucis
1783 1013 2013 1083 elligiem
2055 1015 2255 1086 ﬁgurat
2293 1035 2306 1070 :
2345 1031 2441 1086 per
2495 1016 2596 1072 has
2645 1032 2885 1087 namque
2951 1027 3196 1084 suturas,
3251 1021 3695 1078 exhalationihus

378 1120 500 1175 quae
568 1121 599 1160 a
663 1106 950 1161 stomacho
1037 1122 1258 1162 sursum
1343 1108 1575 1179 alvoque
1631 1107 1982 1175 deferuntur,
2019 1120 2173 1163 extra
2231 1108 2564 1178 eraporandi
2625 1110 2872 1178 pervium
2934 1111 3036 1167 iter
3096 1121 3262 1182 patet.

451 1199 854 1270 Περιείληπται
889 1199 946 1252 δὲ
980 1202 1008 1254 ὁ
1045 1202 1354 1272 ἐγκέφαλος
1386 1201 1492 1255 ὑπὸ
1525 1202 1621 1276 δύο
1655 1202 1907 1272 ὑμένωνο
1957 1202 1986 1254 ὀ

383 1293 482 1364 μὲν
512 1293 621 1363 γάρ
646 1292 1000 1364 ὑπέστρωται
1041 1295 1196 1364 αὐτῷ
1225 1295 1292 1359 ”,
1340 1297 1368 1348 ὁ
1399 1295 1456 1348 δὲ
1495 1295 1793 1349 ἐπίκειται·
1821 1295 1849 1348 ὃ
1893 1296 1990 1349 καὶ

380 1382 778 1451 δικτυῶδες¹⁸
828 1386 1067 1455 πλέγμα
1116 1387 1272 1458 παρὰ
1321 1386 1432 1440 τῶν
1489 1387 1694 1459 ἰατρῶν
1743 1387 1990 1456 λέγεται.

384 1475 789 1548 Περιπλέκεται
819 1473 914 1531 οῦν
961 1478 1020 1530 τὸ
1043 1478 1242 1532 ὀστοῦν
1277 1479 1424 1533 ἅπαν
1466 1482 1494 1532 ὁ
1532 1479 1920 1547 περικράνιος
1949 1481 1992 1512 ’⁸

384 1569 679 1640 λεγόμενος
725 1571 830 1639 μῦς
858 1588 870 1601 ·
907 1569 1132 1636 τούτους
1160 1572 1216 1624 δὲ
1246 1574 1380 1635 τοὺς
1404 1572 1567 1642 μῦας
1588 1573 1630 1603 ¹⁷
1669 1574 1763 1626 καὶ
1780 1573 1988 1643 μήνιγο

385 1680 495 1732 γας
529 1662 783 1717 καλοῦσι.

459 1755 569 1808 Καὶ
601 1756 704 1826 ὅρα
751 1748 854 1808 ὦδε
890 1755 1084 1824 σοφίαν
1122 1756 1495 1829 Δημιουργοῦ,
1537 1755 1679 1810 διατί
1707 1755 1750 1788 ¹⁸
1783 1757 1860 1828 μὴ
1906 1757 1995 1811 διὰ

2162 1203 2463 1258 Cerebrum
2489 1212 2675 1258 autem
2706 1204 2907 1276 duplici
2947 1208 3267 1263 membrana
3321 1212 3688 1281 comprehen-

2091 1296 2262 1360 ditur,
2296 1296 2468 1351 altera
2499 1297 2720 1367 quidem
2773 1298 2874 1367 ipsi
2927 1314 3028 1355 ccu
3087 1301 3268 1356 cubile
3293 1303 3691 1370 substernitur,

2091 1384 2267 1443 altera
2311 1405 2544 1458 superne
2577 1390 2873 1455 accumbit,
2919 1408 3084 1462 quam
3138 1394 3432 1451 reticulare
3480 1405 3691 1453 textum

2091 1481 2290 1536 medici
2324 1481 2597 1536 dictitant.
2618 1480 2744 1538 Ossi
2777 1485 2998 1553 quidem
3041 1488 3188 1556 quod
3213 1488 3368 1543 calva
3398 1504 3692 1561 nuncupao

2095 1582 2225 1637 uir,
2261 1574 2499 1629 musculi
2542 1591 2684 1644 quos
2737 1577 3010 1634 calvarios
3053 1579 3246 1637 dicunt
3305 1583 3690 1653 abducuntur,

2098 1669 2200 1724 hos
2224 1669 2443 1738 quidem
2472 1671 2754 1726 musculos
2780 1681 2833 1726 et
2866 1673 3220 1730 membranas
3251 1679 3560 1732 nominant.

2169 1759 2337 1830 Atqui
2407 1759 2460 1814 in
2527 1761 2633 1816 hoc
2689 1762 2820 1816 item
2890 1763 3172 1820 Creatoris
3224 1766 3550 1836 sapientiam
3597 1769 3696 1822 ad-

390 1853 519 1920 μιᾶς
570 1852 842 1920 μήνιγγος
881 1851 974 1904 τὸν
1022 1851 1332 1921 ἐγκέφαλον
1378 1851 1807 1923 περιεφύλαξεν,
1853 1852 1991 1906 ἀλλὰ

2097 1849 2390 1905 miratione
2471 1851 2734 1923 prosequi
2813 1852 3008 1921 decet,
3080 1872 3318 1926 quanam
3386 1857 3454 1913 de
3526 1873 3694 1915 causa

384 1941 477 1994 διὰ
513 1919 645 1995 δύοέ
677 1919 772 1995 καί
819 1941 1032 1996 τούτων
1065 1919 1495 2014 ἐνηλλαγμένων
1541 1919 1784 2014 ἐχουσῶν
1814 1943 1856 1974 ³⁸
1886 1943 1984 2013 τὴν

2097 1944 2380 1997 cerebrum
2437 1943 2617 2013 ipsum
2689 1945 2872 2000 tutelae
2932 1948 3100 2004 unius
3165 1950 3499 2006 membrana:
3559 1967 3696 2007 neu-

387 2035 598 2088 οἰκείαν
624 2034 888 2090 διάθεσιν.
924 2035 987 2088 Ἦ
1017 2037 1116 2106 μὲν
1139 2036 1249 2107 γάρ
1269 2038 1385 2089 ἐστι
1409 2039 1633 2107 παχεῖα,
1658 2038 1691 2108 ή
1714 2037 1770 2092 δὲ
1795 2037 1990 2111 λεπτή.

387 2128 450 2181 Εἰ
489 2129 600 2200 γάρ
641 2127 716 2200 μὴ
757 2127 932 2192 οὕτως
976 2129 1140 2183 αὑτὸν
1183 2130 1244 2183 ἐν
1293 2130 1525 2194 ταύταις
1565 2130 1812 2204 ἐνείλησέ
1837 2133 1883 2164 ²⁰
1915 2150 1991 2186 τε

387 2220 482 2275 καὶ
513 2221 898 2292 περιέσψιγξε,
928 2223 1026 2276 καὶ
1052 2217 1164 2276 οἷον
1192 2222 1688 2294 διεσπαργάνωσεν
1708 2265 1723 2290 ,
1757 2224 1990 2296 ἔμελλεν

385 2315 642 2368 ἀνιᾶσθαι
681 2315 926 2387 ὑπὸςτῆς
953 2315 1050 2370 τοῦ
1094 2315 1256 2370 ὀστοῦ
1300 2316 1728 2388 προσψαύσεως,
1778 2335 1992 2390 τραχυ-

2098 2036 2349 2106 liquam,
2399 2037 2496 2092 sed
2569 2039 2804 2092 duarum
2879 2039 3218 2107 crediderit,
3265 2057 3390 2113 qua:
3449 2043 3694 2100 vicissim

2095 2130 2313 2200 propria
2368 2131 2454 2185 sui
2515 2130 2878 2204 dispositione
2943 2143 3192 2191 utuntur.
3266 2135 3475 2191 Harum
3547 2140 3696 2192 enim

2095 2225 2269 2278 altera
2321 2238 2531 2290 crassa,
2572 2225 2747 2280 altera
2810 2227 2972 2282 exilis
3010 2237 3115 2284 est.
3169 2227 3286 2284 Nisi
3327 2229 3474 2284 cnim
3531 2245 3562 2284 a
3611 2246 3697 2286 re-

2097 2329 2216 2368 rum
2248 2314 2444 2383 opiﬁce
2493 2314 2600 2370 hoc
2644 2324 2806 2386 pacto
2847 2318 2953 2372 sub
2997 2318 3204 2388 duplici
3251 2318 3570 2374 membrana
3606 2322 3695 2374 in-

384 2406 545 2477 τέρου
576 2409 614 2438 ¹¹
640 2406 792 2470 ὄντος
825 2408 919 2462 καὶ
947 2407 1336 2478 σκληροτέρου.
1365 2407 1466 2462 Δια
1493 2409 1651 2462 τοῦτο
1680 2409 1888 2480 μεταξὺ
1913 2412 1990 2442 ³⁸·

2098 2406 2344 2462 volutum
2386 2407 2982 2481 comprehensumque,
3045 2423 3100 2466 et
3149 2427 3249 2467 ceu
3312 2410 3503 2467 l'asciis
3561 2426 3697 2468 con-

385 2500 481 2554 τοῦ
503 2500 664 2554 ὀστοῦ
702 2501 798 2554 καὶ
825 2500 918 2554 τοῦ
958 2502 1270 2571 ἐγκεφάλου
1302 2502 1402 2571 τὴν
1437 2502 1644 2574 λεπτὴν
1675 2502 1843 2574 ἔθηκε
1879 2505 1989 2575 μή-

385 2613 572 2664 νιγγα.
613 2595 777 2650 Ἀλλά
819 2596 961 2666 αὐτὴ
987 2597 1006 2626 ⁸
1053 2598 1087 2666 ἡ
1160 2596 1366 2668 μήνιγξ
1406 2599 1508 2667 τῆς
1551 2597 1650 2667 μὲν
1699 2594 1794 2650 τοῦ
1835 2597 1994 2664 ἐγκε-

393 2687 566 2756 φάλου
597 2687 788 2752 οὐσίας
814 2688 834 2718 ³
860 2688 1044 2756 ὀλίγον
1073 2689 1190 2742 ἐστὶ
1226 2687 1590 2760 σκληροτέρα,
1618 2687 1714 2742 τοῦ
1747 2687 1806 2741 δέ
1834 2684 1998 2742 ὀστοῦ

389 2781 627 2851 ὑπάρχει
701 2781 1110 2852 μαλακωτέραο
1197 2780 1430 2853 ἔμελλεν
1508 2776 1604 2835 οῦν
1681 2781 1780 2835 καὶ
1850 2778 1994 2852 αὐτὴ

391 2873 680 2943 ’πάσχουσά
711 2891 764 2927 τι
798 2873 906 2928 ὑπὸ
937 2875 1047 2928 τῶν
1080 2873 1302 2941 ἔξωθεν,
1352 2873 1512 2944 ἄγειν
1539 2874 1634 2929 τὸν
1681 2874 1992 2945 ἐγκέφαλον

391 2965 473 3026 εἰς
514 2964 867 3034 συμπάθειαν

2099 2501 2350 2558 strictum
2378 2504 2666 2558 cerebrum
2712 2515 2877 2571 esset,
2928 2507 2998 2562 ab
3052 2507 3264 2563 ossium
3313 2515 3572 2563 contactu
3625 2507 3698 2560 ob

2099 2607 2294 2648 eorum
2353 2593 2613 2649 duritiem
2667 2597 3140 2667 asperitatemque
3199 2599 3391 2654 laesum
3437 2598 3507 2652 iri
3562 2597 3696 2652 illud

2100 2687 2362 2743 credibile
2387 2687 2586 2744 fuerat.
2640 2687 2818 2762 Hujus
2882 2693 3075 2763 gratia.
3113 2693 3256 2749 inter
3287 2710 3352 2750 os
3406 2693 3699 2764 ipsumque

2098 2780 2382 2836 cerebrum
2427 2782 2661 2838 mediam
2720 2784 2917 2840 exilem
2962 2786 3345 2843 membranam
3389 2787 3693 2843 constituit.

2103 2870 2590 2928 Verumenimvero
2622 2913 2638 2938 ,
2716 2876 3038 2932 membrana
3122 2878 3239 2934 base
3309 2879 3428 2950 ipsa
3491 2877 3698 2934 cerebri

2096 2962 2407 3018 substantia
2452 2963 2618 3032 paulo
2663 2965 2934 3034 asperior,
2989 2981 3117 3022 osse
3148 2983 3280 3023 vero
3305 2967 3525 3023 mollior
3566 2976 3696 3030 est;

389 3075 556 3130 quam
596 3061 641 3116 si
673 3061 859 3117 abhis
888 3078 1011 3134 quae
1037 3070 1195 3118 extra
1237 3061 1500 3120 eveniunt
1540 3065 1868 3138 quandoque
1899 3062 2094 3120 ohlaedi
2125 3060 2435 3132 contigerit,
2491 3059 2672 3131 ipsum
2732 3063 2929 3122 iisdem
2981 3065 3338 3135 passionibus
3395 3063 3698 3121 obnoxium

392 3154 730 3212 redderetur.

461 3247 562 3301 Διὰ
604 3248 767 3304 τοῦτο
795 3251 1056 3322 ἐποίησεν
1101 3254 1164 3308 ἐν
1205 3253 1284 3326 τῷ
1326 3255 1478 3327 μέσῳ
1521 3254 1692 3324 ἄλλην
1743 3254 1990 3324 μήνιγγα

2165 3244 2280 3300 llac
2315 3246 2501 3314 itaque
2534 3245 2601 3299 de
2634 3260 2823 3308 causa,
2863 3244 3029 3299 aliam
3056 3246 3387 3300 crassiorem
3421 3247 3697 3303 membra-

391 3344 712 3413 παχυτέραν
730 3360 744 3374 ⁸
772 3343 870 3397 τοῦ
895 3345 996 3416 μὲν
1024 3347 1337 3416 ἐγκεφάλου
1372 3347 1518 3401 κατὰ
1544 3345 1682 3400 πολὺ
1711 3343 1994 3415 ὑπάρχου-

393 3450 494 3486 σαν
526 3435 925 3506 σκληροτέραν,
952 3436 1050 3489 τοῦ
1081 3439 1136 3490 δέ
1171 3438 1333 3491 ὀστοῦ
1366 3439 1532 3493 πάλιν
1563 3436 1986 3508 μαλακωτέραν.

394 3525 555 3586 Ὥςτε
584 3523 680 3576 τδν
711 3526 1020 3594 ἐγκέφαλον
1069 3527 1497 3598 μεσολαϐεῖσθαι
1526 3527 1633 3582 ὑπὸ
1659 3528 1759 3598 τῆς
1783 3526 1993 3595 λεπτῆς

393 3617 490 3669 καὶ
523 3617 760 3687 παχείας
789 3620 1079 3690 μήνιγγος·
1103 3620 1315 3692 ὁμιλεῖν
1339 3621 1397 3676 δὲ
1425 3620 1527 3692 τὴν
1559 3620 1662 3690 μὲν
1685 3620 1891 3690 λεπτὴν
1915 3618 1993 3688 τῷ

391 3708 704 3780 ἐγκεφάλῳ,
740 3710 842 3784 τὴν
873 3713 930 3766 δέ
961 3717 1200 3785 παχεῖαν
1221 3713 1297 3786 τῷ
1329 3713 1492 3786 ὀστῷ·
1519 3713 1667 3769 ὥστε
1702 3709 1868 3788 ἦττον
1897 3713 1990 3766 ὑπ’

393 3801 560 3857 αὑτοῦ
591 3805 846 3875 πάσχειν.
897 3807 961 3860 Ἦ
1010 3807 1068 3862 δὲ
1115 3808 1291 3882 λεπτὴ
1340 3808 1547 3882 μήνιγξ
1591 3807 1994 3882 περιλαμΰάνει

394 3895 484 3951 τόν
511 3897 818 3968 ἐγκέφαλον
849 3902 912 3955 οὐ
945 3902 1108 3974 μόνον
1142 3904 1288 3971 ὅλον,
1321 3904 1464 3959 ἀλλὰ
1488 3903 1586 3959 καὶ
1615 3904 1686 3958 τὰ
1725 3903 1867 3978 μέσα
1896 3903 1996 3958 αὑ-

391 3988 510 4044 τοῦ.
549 3991 662 4045 Καὶ
694 3992 752 4045 ἐν
781 3993 860 4065 τῷ
904 3996 1074 4048 παντὶ
1108 3995 1498 4068 μεσολαϐοῦσα
1527 3999 1860 4070 περικρατεῖ
1897 3995 1997 4066 τὴν

392 4083 586 4139 οὐσίαν
630 4085 799 4140 αὐτοῦ
824 4102 838 4117 ⁶
884 4087 1028 4142 ὥστε
1059 4089 1135 4160 μὴ
1175 4089 1561 4146 διολισθαίνειν
1602 4091 1699 4145 καὶ
1753 4091 1997 4163 διαρρεῖν

391 4175 479 4230 διὰ
505 4175 606 4248 τὴν
635 4178 875 4248 φυσικὴν
901 4179 1201 4251 ὑγρότητα.
1229 4181 1500 4254 Καθάπερ
1529 4181 1640 4254 γὰρ
1665 4181 1886 4253 ὁρῶμεν
1915 4183 1998 4235 ὅτι

392 4269 488 4323 καὶ
523 4271 617 4324 ἐπὶ
659 4272 773 4326 τῶν
805 4272 972 4344 ῥοιῶν
1003 4274 1206 4345 ὑμένες
1255 4274 1653 4347 διαφράττουσι
1701 4274 1832 4337 τοὺς
1863 4273 1997 4327 κόκ-

390 4381 559 4428 κους,
593 4367 689 4419 καὶ
734 4365 866 4438 ὃλην
901 4367 1074 4439 αὐτὴν
1119 4366 1600 4437 περιλαμϐάνουσι
1631 4365 1652 4398 ⁸
1685 4363 1785 4436 τὴν
1819 4365 1994 4436 ῥοιὰν,

389 4455 566 4520 οὕτως
613 4457 709 4510 καὶ
755 4459 850 4512 ἐπὶ
891 4459 986 4514 τοῦ
1029 4458 1343 4530 ἐγκεφάλου
1398 4458 1494 4514 καὶ
1545 4456 1652 4528 τῆς
1697 4456 1997 4528 είρημένης

323 4592 330 4606 .
392 4550 656 4619 μήνιγγος
699 4549 850 4606 ἐστιν
895 4552 1047 4608 ἰδεῖν.
1096 4551 1272 4606 Τοῦτο
1299 4551 1396 4606 καὶ
1430 4552 1524 4606 ἐπὶ
1565 4549 1664 4605 τοῦ
1695 4538 1995 4622 λεγομένου

2095 3351 2226 3392 nam
2249 3335 2318 3390 de
2343 3334 2524 3389 medio
2549 3334 2857 3399 constituit,
2879 3350 3001 3405 qua:
3025 3334 3429 3405 cerebrolongc
3458 3339 3700 3393 crassior

2095 3428 2474 3497 asperiorque,
2499 3440 2626 3481 osse
2657 3441 2789 3481 vero
2825 3427 2946 3496 ipso
2974 3426 3196 3482 mollior
3223 3435 3329 3482 est.
3359 3426 3570 3499 Itaque,
3605 3446 3697 3486 ce-

2096 3520 2318 3574 rebrum
2361 3518 2464 3572 sub
2491 3529 2752 3589 utraque,
2784 3519 2912 3574 exili
2943 3519 3198 3576 videlicet
3238 3529 3293 3577 et
3314 3536 3501 3578 crassa
3526 3538 3698 3579 mem-

2097 3615 2290 3680 brana,
2310 3613 2552 3669 medium
2572 3612 2844 3680 consistit,
2873 3628 3110 3684 quarum
3159 3629 3282 3685 qua:
3311 3615 3470 3672 exilis
3495 3625 3580 3674 est
3605 3633 3696 3674 ce-

2099 3706 2259 3761 rebro
2289 3705 2619 3776 applicatur,
2653 3704 2898 3760 crassior
2931 3719 3064 3760 vero
3107 3705 3222 3762 ossi
3258 3709 3525 3773 occurrit,
3558 3724 3698 3780 quo-

2098 3798 2281 3855 minus
2311 3799 2380 3853 ab
2411 3797 2529 3868 ipso
2581 3797 2874 3853 cerebrum
2929 3797 3131 3853 damna
3187 3800 3436 3855 sentiret.
3490 3799 3697 3858 Verum

2097 3891 2256 3948 exilis
2293 3893 2649 3957 membrana,
2685 3907 2794 3946 non
2835 3893 3001 3948 modo
3041 3893 3140 3948 toti
3175 3894 3405 3950 cerebro
3453 3895 3700 3950 obvolvi-

2101 3997 2214 4054 tur,
2270 4002 2460 4043 verum
2487 3986 2652 4041 etiam
2684 4001 2780 4057 per
2801 3986 2981 4042 media
3021 3987 3194 4056 ipsius
3221 3987 3417 4059 pergit.
3477 3987 3696 4044 Etcum

2101 4080 2285 4136 media
2345 4079 2467 4150 ejus
2528 4079 2787 4134 universa
2841 4077 3263 4150 complectatur,
3328 4079 3696 4136 substantiam

2100 4172 2250 4230 illius
2304 4173 2546 4244 undique
2595 4171 2860 4236 continet,
2894 4187 2965 4228 ne
2995 4188 3108 4243 prae
3158 4187 3225 4228 eo
3271 4173 3367 4244 qui
3398 4173 3452 4228 in
3479 4175 3596 4244 ipso
3616 4187 3701 4230 est

2099 4267 2339 4324 naturali
2366 4267 2598 4322 humore
2613 4266 2891 4322 dilabatur
2907 4281 2973 4320 ac
2996 4266 3261 4337 proﬂuat;
3282 4267 3442 4338 cujus
3461 4269 3540 4324 rei
3555 4269 3698 4324 mala

2099 4378 2223 4436 quae
2243 4361 2442 4432 punica
2458 4369 2849 4431 nuncupantur
2863 4374 2986 4416 esse
2997 4359 3248 4430 exemplo
3267 4371 3521 4431 possunt.
3535 4360 3696 4426 Nam,

2101 4465 2218 4511 tum
2254 4469 2427 4525 grana
2472 4469 2596 4525 quae
2626 4453 2681 4508 in
2713 4453 2834 4524 ipso
2860 4460 2989 4508 sunt
3017 4451 3411 4509 membranula:
3443 4455 3696 4525 quaedam

2101 4549 2356 4620 saepiunt,
2387 4557 2502 4604 tum
2535 4557 2711 4604 totum
2742 4547 2949 4602 malum
2991 4546 3403 4618 amplectuntur
3431 4563 3446 4600 :
3480 4546 3586 4619 53
3617 4548 3700 4604 sic

391 4643 646 4709 κρανίου
673 4643 829 4698 ἔστι⁸
861 4645 1143 4717 σκοπῆσαι
1163 4663 1178 4678 ·
1204 4645 1398 4700 ὀστοῦν
1438 4644 1497 4699 δέ
1525 4645 1644 4699 ἐστι
1670 4642 1834 4698 τοῦτο
1853 4683 1868 4708 ,
1895 4643 1993 4715 τὴν

2103 4649 2158 4696 et
2194 4641 2250 4695 in
2283 4641 2532 4707 cerebro,
2573 4655 2639 4696 ac
2683 4641 2739 4696 in
2781 4641 2900 4713 ipsa
2943 4641 3012 4697 de
3065 4656 3175 4714 qua
3228 4642 3473 4699 diximus
3521 4658 3696 4699 mem-

389 4734 488 4787 τοῦ
525 4736 831 4807 πολεμικοῦ
864 4739 1093 4810 κρανίου
1136 4738 1596 4811 ἀπομιμούμενον
1620 4737 1771 4792 θέσιν
1793 4754 1853 4790 τε
1897 4737 1993 4790 καῖ¹

2102 4735 2276 4789 brana
2322 4749 2551 4790 cernere
2580 4719 2666 4790 εει
2706 4751 2720 4789 :
2765 4733 2888 4790 hac
2943 4745 3128 4790 autem
3182 4735 3488 4792 similitudo
3543 4745 3598 4792 et
3638 4737 3694 4792 in

390 4831 606 4898 χρείαν.
649 4831 864 4906 Ὥσπερ
891 4833 1002 4906 γὰρ
1048 4834 1229 4888 ἐκεῖνο
1269 4833 1606 4905 κυκλοτερές
1632 4831 1691 4886 τέ
1719 4834 1870 4897 ἐστι,
1901 4831 1993 4886 καὶ

2097 4827 2251 4883 calva
2298 4825 2519 4891 visitur,
2569 4842 2693 4898 qua:
2737 4827 2907 4899 galeae
2938 4843 3050 4898 qua
3085 4829 3142 4884 in
3195 4829 3339 4885 bello
3373 4829 3585 4884 utimur
3617 4829 3695 4885 si-

387 4922 490 4994 τὴν
511 4923 640 4994 ὅλην
664 4926 1027 4995 ἁσφαλίζεται
1053 4925 1325 4998 κεφαλὴν,
1351 4925 1531 4989 οὕτως
1557 4924 1654 4978 καὶ
1677 4923 1740 4977 τὸ
1771 4922 1993 4996 κρανίον

2097 4918 2243 4974 milis
2281 4927 2398 4986 cst,
2446 4928 2503 4973 et
2543 4917 2802 4974 eumdem
2847 4920 3018 4976 situm
3085 4936 3152 4978 ac
3209 4923 3451 4978 colorem
3507 4921 3691 4978 habet.

391 5015 489 5068 καὶ
516 5015 651 5070 αὐτὸ
672 5017 1008 5091 κυκλοτερὲς
1029 5018 1114 5084 ὃν,
1143 5018 1240 5074 τὸν
1270 5017 1579 5088 ἐγκέφαλον
1603 5015 1989 5086 ἀσφαλίξεται.

2097 5011 2572 5081 Quemadmodum
2611 5011 2758 5066 enim
2798 5012 2953 5082 galea
2993 5012 3113 5083 ipsa
3162 5013 3421 5070 circulari
3459 5012 3692 5068 formata

351 5095 354 5098 ’
390 5106 556 5164 ’Ὀθεν
593 5110 689 5163 καὶ
727 5112 904 5181 αὐτῆς
939 5113 1043 5183 τῆς
1076 5110 1457 5184 προσηγορίας
1484 5112 1505 5142 ⁸
1538 5110 1751 5181 ἔτυχεν.

2097 5107 2306 5163 ambitu
2369 5106 2471 5162 toti
2519 5105 2666 5176 quod
2723 5103 2871 5161 intus
2916 5113 3003 5161 est
3047 5105 3217 5161 tutela
3261 5105 3693 5161 munimentum-

387 5193 495 5269 qne
543 5203 781 5266 exsistit,
841 5205 916 5259 ita
967 5213 1022 5260 et
1060 5205 1237 5270 calva,
1292 5219 1418 5259 cum
1456 5201 1706 5257 eamdem
1756 5199 1989 5256 formam
2028 5216 2142 5271 prae
2176 5215 2236 5257 se
2279 5198 2439 5266 ferat,
2470 5198 2759 5255 cerebrum
2789 5199 2896 5255 sub
2955 5213 3016 5256 se
3048 5199 3119 5254 ab
3145 5199 3298 5255 omni
3365 5199 3487 5255 labe
3513 5199 3693 5256 reddit

386 5305 724 5363 exemptum.
753 5293 911 5350 Unde
941 5298 1229 5352 cerebrum
1265 5297 1411 5367 quod
1445 5296 1499 5350 in
1527 5295 1706 5365 capite
1740 5298 1813 5350 sit
1834 5293 2138 5364 ἐγκέφαλος
2184 5293 2591 5349 denominatur.

459 5385 597 5439 Ούδέ
624 5385 784 5440 τοῦτο
814 5382 910 5442 οὖν
949 5387 1010 5453 ἐξ
1037 5389 1156 5452 ἐνὸς
1197 5387 1359 5442 ὀστοῦ
1391 5387 1834 5454 κατεσκεύασεν,
1867 5385 1985 5442 ἀλλ’

2164 5387 2286 5444 Non
2355 5387 2503 5443 enim
2569 5386 2722 5443 calva
2800 5385 2922 5457 ipsa
2977 5384 3198 5457 singulo
3254 5399 3383 5443 osse
3425 5395 3685 5451 constat,

384 5477 449 5531 ἐκ
468 5478 755 5551 ,διαφόρων
793 5481 990 5550 ὀστῶν,
1023 5483 1119 5537 καὶ
1151 5482 1212 5536 οὗ
1243 5481 1673 5555 κεχωρισμένων
1705 5480 1981 5554 ἀλλήλων,

2097 5480 2190 5536 sed
2239 5477 2472 5536 diversis
2532 5477 2756 5536 ossibus
2818 5477 3218 5549 distinguitur,
3269 5493 3394 5550 quae
3449 5479 3687 5537 discreta

357 5690 362 5694 .
457 5639 502 5672 "
529 5639 619 5694 hic
650 5638 788 5696 Cod.
811 5639 876 5696 C.
905 5642 1120 5697 orditur
1142 5644 1445 5699 secundum
1471 5651 1652 5710 caput.
1705 5644 1836 5716 περὶ
1862 5643 1993 5712 ἐγκε

382 5712 596 5764 κειοαλὴ
641 5713 939 5764 κεφαλαῖον
974 5714 1025 5764 Β.
1106 5715 1152 5747 ³⁵
1185 5715 1353 5764 αὑτοῦ
1382 5715 1445 5764 Β.
1525 5715 1570 5747 ⁸⁸
1603 5713 1895 5764 δυκτιῶδεε
1923 5714 1986 5764 Β.

2097 5657 2172 5697 ιου
2213 5640 2234 5711 (
2250 5638 2332 5696 sic
2364 5637 2443 5710 P)
2473 5637 2572 5694 xui.
2613 5637 2903 5712 μηνίγγων
2932 5613 3206 5693 καὶ-διατί
3236 5637 3588 5710 σφαιροειδὴς
3649 5642 3684 5714 ἡ
3790 5608 3796 5624 ἶ

2097 5716 2112 5747 ⁵
2144 5714 2286 5764 ὅπερ
2309 5709 2535 5764 κοὰνιος
2563 5710 2629 5764 Α.
2739 5710 2783 5743 ¹⁷
2819 5709 3029 5764 ὑμένας
3054 5709 3118 5764 Β.
3172 5714 3176 5720 ’
3233 5709 3278 5742 ¹⁸
3306 5709 3450 5763 διατί
3480 5711 3589 5764 γὰο
3620 5712 3682 5764 Β.

382 5712 597 5784 κεφαλὴ
641 5713 939 5780 κεφαλαῖον
972 5714 1025 5783 β.
1106 5715 1152 5747 ³⁵
1185 5715 1353 5769 αὑτοῦ
1382 5715 1445 5770 Β.
1525 5715 1570 5747 ⁸⁸
1603 5712 1895 5779 δυκτιῶδες
1923 5714 1986 5768 Β,

382 5787 428 5868 1
450 5783 698 5868 satiram.
721 5784 1166 5868 ἐνηλλαγμένως
1173 5857 1185 5868 _
1208 5786 1468 5868 ἐχούσαις
1501 5786 1567 5868 ᾼ,
1594 5785 1804 5868 ταύτας
1831 5787 1993 5868 ἐνῃλλ

2097 5716 2112 5747 ⁵
2144 5714 2286 5784 ὅπερ
2309 5712 2535 5783 κράνιος
2563 5712 2629 5766 Α.
2739 5712 2783 5743 ¹⁷
2819 5712 3029 5780 ὑμένας
3054 5712 3118 5764 Β.
3172 5714 3176 5720 ’
3233 5712 3278 5742 ¹⁸
3306 5712 3450 5763 διατί
3480 5712 3589 5782 γὰρ
3620 5712 3682 5765 B.

2097 5783 2513 5868 ts'va;_éx_o'.iaa;
2713 5781 2762 5868 3°
2782 5779 3102 5868 ἐνείλισεοιξ.
3179 5781 3252 5868 ’ξι
3274 5781 3590 5868 παχυτέρου

380 5857 480 5940 ξ¹-¹
507 5856 603 5940 καὶ
632 5849 946 5940 μέσουῆτρί
965 5849 1201 5928 ’μεταξὺ
1325 5927 1361 5940 ἡ
1391 5859 1413 5890 ³
1440 5849 1536 5912 καὶ
1556 5849 1704 5931 ἀὐτὴ
1734 5849 1797 5916 Βξ
1893 5849 1926 5892 ³’
1945 5849 2138 5923 οὐσίας
2192 5849 2288 5914 τοῦ
2307 5849 2524 5926 Ἑγκεφ.
2557 5855 2620 5912 Β.
2712 5853 2736 5888 ⁸
2766 5851 3174 5926 περιλαμϐάνει
3207 5851 3272 5910 Β.
3357 5849 3388 5886 ’ί
3413 5849 3591 5908 ἔνεστι
3618 5849 3680 5908 Β.

2329 5855 2524 5926 ἐγκεφ.
2557 5855 2620 5912 Β.

377 5925 402 5958 ⁸
425 5925 815 6000 ταύτηςέτυχς
849 5925 952 6000 τῆς
975 5925 1212 6001 προσηγ.
1255 5927 1298 5983 Β
1321 5927 1384 5986 Ρ.

1893 5860 1914 5892 ³
1945 5860 2138 5923 οὐσίας
2192 5860 2288 5914 τοῦ

2917 6035 2959 6080 ./
