4138 6466
418 378 558 433 11ἶὶ7

1662 374 1753 430 DE
1791 368 2080 430 NATURA
2119 368 2423 426 HOMINIS;

3553 373 3692 431 H58

417 495 512 548 ml
541 491 740 564 ἐκροὰς
772 490 855 544 ὅτι
887 487 1148 554 πλείστας
1179 491 1256 552 ώς
1288 489 1502 562 κυρίως
1531 489 1793 562 ἐποίησεν
1827 489 1997 559 ἔχειν,

2115 500 2267 554 quam
2324 473 2565 541 diximus
2613 500 2778 542 causa
2813 485 3060 541 habetur.
3111 486 3193 543 Ad
3243 487 3393 554 haec,
3446 488 3695 547 ﬂuxuum

413 589 505 641 ἵνα
548 587 593 618 ’⁸
626 584 701 656 μὴ
738 583 808 638 τὰ
855 582 1250 654 περιττώματα
1298 582 1576 651 γενόμενα
1625 584 1671 615 ’⁸
1721 582 1997 636 πλείστων

2115 575 2448 631 excretiones
2501 577 2668 646 capiti
2710 585 2769 631 ut
2822 578 3055 648 principi
3089 585 3228 648 partl
3278 595 3462 634 rerum
3503 579 3694 651 Opifex

411 679 566 750 αὐτῷ
601 677 1030 748 συμπτωμάτων
1058 675 1208 730 αἴτια
1240 675 1470 744 γένηται
1499 675 1568 728 ³ο.

485 855 701 924 ’Ὠσπερ
734 852 918 906 τοίνυν
949 851 1047 904 ἐπὶ
1069 850 1174 921 τῆς
1223 849 1267 882 ³⁸
1292 849 1532 920 γαστρὸς
1563 848 1862 920 βλέπομεν,
1903 851 2001 904 καὶ

412 944 849 1015 διαγινώσκομεν
885 943 988 1012 τὴν
1030 941 1318 1013 ἐνέργειαν
1366 941 1541 1011 αὐτῆς
1572 943 1638 996 ἐκ
1670 941 1782 995 τῶν
1813 959 2002 1013 περιτ-

413 1037 689 1108 τωμάτων
713 1052 727 1065 ·
759 1034 856 1088 καὶ
885 1034 934 1086 εί
957 1035 1056 1104 μὲν
1089 1029 1429 1099 πεπεμμένα
1462 1031 1507 1062 ³²
1552 1030 1670 1084 ἐστὶ
1702 1030 1772 1083 τὰ
1796 1030 1997 1100 διαχω-

416 1133 481 1202 ρή
492 1146 658 1201 ματα,
683 1126 917 1197 λέγομεν
939 1124 1036 1196 τὴν
1059 1126 1311 1194 γαστέρα
1332 1122 1516 1188 καλῶς
1541 1121 1761 1177 πέττειν
1781 1140 1794 1154 ’
1827 1122 2002 1186 οὕτως

415 1225 510 1279 καὶ
544 1223 638 1277 ἐπὶ
664 1223 760 1275 τοῦ
795 1220 1102 1290 ἐγκεφάλου
1130 1222 1195 1275 ἐκ
1219 1220 1330 1274 τῶν
1362 1217 1804 1290 περιττωμάτων
1835 1214 2003 1271 αὑτοῦ

413 1315 512 1378 τὰς
539 1312 827 1384 ἐνεργείας
849 1311 1195 1382 γνωρίζομεν
1224 1325 1238 1340 ·
1275 1309 1414 1380 πρὸς
1448 1308 1558 1379 γὰρ
1590 1309 1713 1371 ταῖς
1738 1305 2003 1378 ἀνωτέρω

415 1405 741 1476 εἰρημέναις
785 1404 1012 1474 ραφαῖς,
1044 1398 1406 1470 καθαίρεσθαι
1433 1397 1596 1451 αὑτὸν
1635 1397 1731 1450 καὶ
1767 1394 1857 1448 διὰ
1897 1412 2003 1464 μυ-

415 1499 638 1570 κτήρων
670 1497 766 1550 καὶ
797 1494 952 1549 ὢτων
983 1495 1080 1548 καὶ
1103 1491 1422 1563 ὀφθαλμῶν,
1443 1490 1540 1544 καὶ
1567 1488 1659 1542 τοῦ
1697 1487 2000 1559 λεγομένου

416 1592 698 1662 τρήματος
720 1635 735 1661 ,
769 1587 797 1640 ὃ
823 1585 1030 1657 χώνην
1067 1584 1216 1647 τινὲς
1244 1583 1539 1653 ὠνόμασαν
1572 1581 1682 1636 ἀπὸ
1722 1581 1821 1650 τῆς
1865 1580 2003 1650 πρὸς

419 1683 636 1755 ἐκείνην
671 1679 1058 1750 ὀμοιώσεως,ὁ
1086 1678 1189 1747 τῆς
1216 1677 1436 1747 φύσεως
1465 1676 1858 1746 ἐμηχανήσατο
1887 1671 2002 1727 Κύ-

419 1795 537 1846 ριος
571 1777 638 1828 ³³.
672 1775 870 1843 Χώνην
917 1774 974 1827 δὲ
1003 1773 1064 1827 τὸ
1110 1773 1301 1843 τρῆμα
1339 1771 1618 1839 λέγουσιν,
1671 1769 1866 1838 ἐπειδὴ
1896 1766 2008 1820 άπὸ

419 1844 721 1941 εὐρυτέροις
769 1863 982 1934 βάσεως
1028 1861 1358 1934 ἀρχόμενον,
1407 1861 1486 1923 εἰς
1538 1859 2007 1930 στενοχωρότερον
2039 1844 2081 1898 Β

418 1960 647 2029 τελευτᾷ
676 1956 842 2028 πόρον
884 1957 947 2011 ³⁸⁵.

506 2136 662 2190 Ἐπεὶ
688 2135 745 2187 δὲ
778 2133 876 2188 καὶ
918 2131 1053 2204 μύες
1093 2129 1282 2185 πολλοὶ
1311 2129 1454 2184 κατὰ
1487 2129 1588 2202 τὴν
1629 2127 1874 2198 κεφαλὴν
1915 2129 2012 2180 καὶ

417 2225 564 2282 κατὰ
594 2225 685 2278 τὸν
720 2221 1025 2292 ἐγκέφαλόν
1047 2222 1174 2288 είσι,
1211 2220 1416 2291 μᾶλλον
1437 2219 1494 2273 δὲ
1518 2219 1780 2274 καὶκατὰ
1809 2217 2012 2280 παντὸς

417 2321 512 2375 τοῦ
546 2320 800 2391 σώματος
827 2360 841 2384 ,
873 2319 1121 2390 εἴπωμεν
1153 2317 1256 2389 τὴν
1283 2315 1478 2371 τούτου
1509 2316 1553 2348 ³⁵
1588 2314 1873 2385 ἐνέργειαν
1917 2313 2013 2366 καὶ

417 2413 610 2486 χρείαν
640 2412 688 2444 ⁸⁸
728 2412 848 2466 οἵαν
880 2411 961 2483 τῷ
1005 2411 1212 2482 ἡνιόχῳ
1240 2412 1268 2464 6
1300 2408 1521 2480 χαλινὸς
1554 2408 1614 2461 ἐν
1659 2405 1740 2477 τῷ
1778 2405 2009 2477 ἅρματι.

420 2506 636 2577 Ὠσπερ
663 2503 775 2576 γάρ
816 2505 904 2558 ἐπ’
936 2505 1116 2558 ἐκεῖνό
1149 2505 1270 2556 ἐστι
1313 2503 1414 2574 μὲν
1451 2504 1480 2556 6
1512 2501 1733 2573 ἡνίοχος
1753 2540 1768 2566 ,
1813 2501 1923 2552 εἰσὶ
1955 2499 2012 2552 δὲ

418 2601 515 2653 καὶ
566 2601 718 2671 ήνίαι
747 2641 762 2667 ,
799 2600 896 2654 καὶ
934 2597 1074 2669 μετὰ
1110 2597 1212 2662 τὰς
1245 2595 1405 2668 ἡνίας
1452 2596 1481 2648 6
1529 2595 1751 2667 χαλινὸς
1780 2632 1797 2660 ,
1837 2595 2012 2663 ἡρτηυ

421 2693 581 2763 μένος
623 2694 667 2724 ³⁷
705 2692 806 2763 μὲν
840 2692 950 2746 ἀπὸ
993 2690 1105 2744 τῶν
1153 2689 1344 2758 ἠνίων,
1378 2687 1770 2759 συνδεδεμένος
1800 2685 1858 2739 δὲ
1896 2687 2013 2749 τοῖς

419 2787 611 2848 ἵπποις
629 2826 644 2851 ,
674 2786 784 2838 εἰσὶ
806 2785 864 2839 δὲ
891 2786 986 2838 καὶ
1015 2785 1172 2838 αὐτοὶ
1190 2785 1240 2837 oi
1265 2784 1452 2838 ἵππον
1478 2780 1656 2844 οὕτως
1677 2781 1774 2834 καὶ
1795 2779 1888 2833 ἐπὶ
1915 2778 2011 2833 τοῦ

415 2880 692 2950 ἡμετέρου
729 2878 1020 2949 σώματος·
1060 2880 1273 2950 ἡνιοχεῖ
1311 2878 1411 2949 μὲν
1442 2876 1579 2930 αὐτὸ
1613 2878 1642 2930 ὀ
1676 2874 2011 2945 ἐγκέφαλος,

418 2969 570 3042 ήνίαι
619 2971 665 3003 ³⁸
696 2971 754 3024 δὲ
806 2970 974 3026 αὐτοῦ
1014 2971 1084 3023 τὰ
1142 2970 1346 3042 νεῦρα’
1386 2969 1599 3041 χαλινοὶ
1646 2969 1704 3022 δέ
1739 2967 1909 3023 αὑτοῦ
1964 2970 2014 3023 οἱ

421 3062 559 3134 μῦες
583 3077 598 3093 ο
633 3061 792 3114 ίπποὶ
823 3061 880 3114 δέ
905 3061 974 3115 τά
1003 3061 1170 3115 λοιπὰ
1202 3061 1394 3132 μόρια.
1433 3060 1543 3113 Καὶ
1570 3060 1598 3112 6
1633 3059 1736 3130 μὲν
1767 3059 2014 3129 ἐγκέφα-

2106 668 2335 739 largitus
2356 677 2460 733 cst,
2501 686 2568 724 ne
2590 671 2797 726 scilicet
2831 674 2878 725 si
2917 681 3266 727 excrementa
3291 674 3587 745 intercepta
3612 674 3693 730 fo-

2109 770 2251 827 rent,
2272 762 2522 830 plurimis
2551 763 2773 818 casibus
2804 763 3103 819 obnoxium
3131 765 3468 821 redderetur.

2180 851 2651 919 Quemadmodum
2694 854 2858 925 igitur
2897 855 2951 908 in
2987 856 3092 909 alvi
3122 859 3488 914 excrementis
3540 859 3699 915 nobis

2108 947 2396 1016 perspicue
2441 955 2591 1017 patet
2642 949 2889 1016 (etenim,
2926 949 2971 1003 si
2999 960 3411 1006 excrementum
3453 953 3600 1022 quod
3632 954 3699 1008 al.

2108 1039 2226 1108 ipsa
2256 1039 2526 1094 emittitur
2559 1052 2881 1095 concoctum
2923 1041 3119 1106 fuerit,
3170 1052 3317 1098 recte
3353 1044 3527 1115 ipsam
3565 1060 3700 1100 con-

2107 1143 2346 1198 coquere
2379 1127 2647 1195 dicimus;
2678 1129 2726 1185 si
2759 1145 2886 1184 vero
2911 1129 3319 1197 inconcnctum,
3357 1148 3467 1188 non
3492 1139 3701 1202 recte),

2108 1217 2182 1272 ita
2236 1228 2291 1272 ct
2324 1219 2376 1273 in
2429 1220 2654 1275 cerebro
2695 1219 2937 1276 visitur:
2978 1222 3047 1277 ab
3091 1225 3504 1280 cxcrementitia
3555 1226 3703 1281 enim

2108 1312 2228 1380 ejus
2259 1313 2508 1380 materia,
2543 1317 2788 1371 actiones
2817 1315 2991 1386 ipsius
3026 1315 3183 1372 nobis
3214 1317 3516 1388 perspicua:
3542 1318 3701 1374 fiunt.

2109 1401 2227 1458 Hoc
2255 1414 2460 1470 autem,
2495 1421 2606 1460 non
2641 1407 2808 1463 modo
2847 1408 3054 1464 suturis
3086 1426 3227 1480 quas
3256 1412 3412 1481 prius
3441 1411 3702 1478 diximus,

2109 1496 2203 1550 sed
2232 1504 2288 1548 et
2331 1510 2487 1562 naso,
2521 1498 2778 1565 auribus,
2824 1500 3020 1566 oculis,
3047 1512 3403 1572 purgamenta
3437 1504 3702 1558 excernit.

2107 1587 2191 1641 Ad
2212 1590 2327 1644 hac
2348 1589 2474 1644 item
2499 1606 2560 1646 ea
2593 1602 2747 1662 parte
2769 1609 2929 1663 quam
2957 1593 3128 1648 Graeci
3152 1594 3361 1666 τρῆμα,
3390 1596 3475 1649 vel
3501 1597 3703 1666 χώνην,

2109 1683 2257 1754 quod
2315 1698 2345 1737 a
2398 1684 2677 1755 plerisque
2740 1685 3148 1741 infundibulum
3203 1694 3584 1757 nuncupatur;
3638 1688 3705 1741 ad

2109 1775 2232 1846 ejus
2279 1776 2426 1831 enim
2483 1776 2897 1833 similitudinem
2933 1789 3145 1834 natura:
3183 1778 3373 1849 Opifex
3411 1779 3541 1835 illud
3577 1794 3709 1834 con-

2113 1867 2311 1922 stituit.
2354 1868 2504 1922 Illam
2539 1869 2686 1924 enim
2713 1882 2923 1940 partem
2956 1871 3366 1927 infundibulum
3402 1871 3704 1942 appellant,

2112 1973 2178 2013 eo
2229 1959 2375 2028 quod
2434 1958 2541 2029 55
2574 1960 2643 2015 ab
2676 1962 2945 2032 ampliore
2989 1971 3166 2018 tractu
3205 1963 3259 2018 in
3287 1962 3707 2018 contractiorem

2113 2061 2351 2105 meatum
2394 2051 2614 2108 desinit.

2183 2141 2479 2210 Quoniam,
2531 2152 2646 2198 tum
2708 2155 2903 2216 caput,
2967 2154 3080 2200 tum
3137 2144 3460 2214 cerebrum,
3495 2160 3710 2201 necnon

2114 2240 2286 2286 totum
2314 2248 2515 2303 corpus
2557 2243 2808 2290 nostrum
2858 2236 3109 2306 pluribus
3149 2236 3416 2291 musculis
3472 2236 3709 2292 obsitum

2113 2340 2230 2391 cst,
2273 2327 2470 2382 horum
2509 2328 2756 2383 actiones
2809 2327 3083 2398 ofﬁciique
3128 2327 3503 2392 functionem,
3544 2342 3712 2399 quam

2115 2436 2223 2474 una
2267 2435 2391 2475 cum
2426 2425 2653 2477 cerebro
2705 2430 2998 2492 peragunt,
3057 2421 3212 2492 prius
3259 2420 3522 2476 diximus.
3584 2419 3716 2476 Tale

2113 2512 2260 2566 enim
2294 2512 2400 2582 ipsi
2431 2513 2660 2568 cerebro
2685 2512 2922 2569 oﬂicium
2942 2513 3225 2582 exhibent,
3245 2513 3406 2584 quale
3427 2513 3630 2584 auriga:
3659 2515 3712 2568 in

2115 2601 2352 2673 regendo
2418 2616 2587 2657 curru
2649 2601 2805 2658 frena
2866 2601 3162 2657 sufﬁciunt.
3236 2601 3715 2669 Quemadmodum

2113 2694 2260 2748 enim
2299 2693 2354 2747 in
2382 2708 2550 2749 curru
2607 2693 2800 2765 auriga
2835 2693 3149 2764 inspicitur,
3193 2703 3307 2749 tum
3351 2703 3405 2749 et
3448 2693 3566 2748 lora
3598 2693 3716 2763 ipsa

2115 2800 2237 2854 quae
2267 2802 2298 2841 a
2331 2785 2486 2843 freno
2515 2787 2826 2858 dependent
2868 2802 2980 2858 quo
3013 2789 3140 2860 equi
3166 2787 3462 2859 alligantur
3491 2801 3718 2844 cernere

2115 2888 2228 2945 est;
2257 2878 2353 2934 sed
2391 2888 2446 2934 et
2471 2879 2599 2950 equi
2631 2881 2685 2934 in
2719 2895 2786 2936 eo
2818 2882 3071 2938 visuntur
3097 2900 3111 2936 :
3143 2881 3336 2936 eodem
3379 2889 3563 2952 pacto,
3593 2894 3721 2935 cor-

2118 2973 2269 3041 poris
2295 2972 2466 3028 nostri
2497 2972 2722 3028 habitus
2748 2983 2987 3030 constat.
3015 2974 3316 3029 Cerebrum
3362 2973 3584 3044 quidem
3617 2987 3717 3027 au;

2119 3063 2256 3131 riga:
2283 3060 2401 3115 vice
2431 3060 2705 3132 fungitur,
2733 3064 2884 3118 nervi
2911 3079 3043 3119 vero
3073 3065 3174 3120 lori
3205 3063 3442 3120 ollicium
3477 3063 3718 3136 explent,

417 3153 510 3217 λος
536 3151 754 3223 πρῶτος
783 3153 907 3214 ταῖς
946 3151 1131 3223 ἡνίαις
1173 3151 1464 3223 χρώμενος
1484 3188 1499 3215 ,
1524 3151 1558 3221 ἢ
1589 3150 1835 3222 παράγει
1867 3151 1910 3182 ³⁸
1953 3150 2012 3203 τὸ

2119 3170 2218 3224 pro
2268 3152 2438 3210 frenis
2487 3155 2768 3210 musculos
2797 3156 3135 3224 constituas;
3169 3157 3319 3227 equi,
3346 3156 3571 3227 reliquae
3597 3171 3721 3210 cor-

420 3245 582 3318 σῶμα
611 3245 765 3316 παρὰ
792 3246 863 3300 τὰ
899 3244 1112 3316 πλάγια
1135 3245 1208 3317 ,ἢ
1246 3245 1329 3310 είς
1363 3245 1611 3299 τούπίσω
1645 3243 2008 3314 ἀναχαιτίζει,

417 3339 453 3410 ἢ
486 3338 676 3410 πρόσω
704 3337 996 3408 ἐπιτρέπει
1024 3335 1292 3408 φέρεσθαι
1317 3355 1331 3367 ο
1356 3339 1385 3390 6
1406 3337 1464 3390 δὲ
1493 3336 1711 3408 χαλινὸς
1744 3336 2012 3405 ἐπόμενος

415 3435 542 3496 ταῖς
576 3432 774 3502 ἡνίαις,
800 3431 945 3484 κατὰ
980 3429 1336 3500 συμόεϐηκὺς
1363 3428 1598 3482 ἕπεσθαι
1632 3429 1781 3480 ποιεῖ
1812 3427 1882 3479 τὰ
1919 3427 2016 3495 μό·-

421 3541 515 3596 ρια
555 3523 636 3592 τῷ
667 3522 873 3593 πρώτῳ
915 3521 1132 3594 πρῶτον
1165 3521 1407 3574 κινοῦντι
1441 3519 1509 3572 ³ο.
1553 3518 1765 3571 Οὐκοῦν
1798 3520 1848 3572 oi
1880 3517 2017 3586 μῦες

420 3613 613 3685 χρείαν
653 3613 874 3685 χαλινοῦ
903 3614 982 3684 τῷ
1007 3613 1302 3682 ἐγκεφάλῳ
1326 3611 1696 3682 παρέχουσιν·
1727 3609 2014 3680 ἐνέργειαν

418 3701 475 3754 δὲ
515 3701 799 3755 ποιοῦνται
836 3702 937 3774 τὴν
975 3701 1292 3772 κινητικὴν.

2121 3247 2272 3316 poris
2323 3255 2507 3316 partes
2569 3246 2865 3303 habentur.
2923 3246 3240 3314 Enimvero,
3297 3263 3424 3303 cum
3476 3248 3719 3318 primum

2120 3358 2324 3412 corpus
2376 3349 2756 3397 transversum
2817 3340 3196 3407 circumferre,
3253 3357 3353 3397 seu
3416 3341 3717 3402 retrahere,

2116 3433 2233 3487 sive
2282 3433 2335 3486 in
2385 3433 2665 3486 anteriora
2719 3448 2939 3487 movere
2992 3433 3307 3503 contigerit,
3343 3433 3569 3488 cerebro
3613 3433 3718 3502 ipsi

2117 3523 2297 3588 nervi,
2327 3537 2470 3593 quos
2519 3522 2638 3576 lora
2669 3522 2929 3588 diximus,
2968 3523 3286 3594 huiusmodi
3317 3524 3502 3580 officio
3538 3524 3716 3579 inscr-

2118 3616 2311 3681 viunt;
2365 3616 2578 3670 frenum
2631 3630 2800 3683 vero,
2833 3632 2957 3672 cum
3009 3618 3282 3674 trahentia
3343 3635 3404 3675 se
3463 3620 3580 3674 lora
3630 3633 3718 3672 se-

2117 3715 2352 3777 quatur,
2412 3715 2594 3778 partes
2648 3709 2799 3779 ipsas
2855 3709 3010 3764 illum
3058 3711 3155 3781 qui
3215 3713 3476 3783 primitus
3536 3719 3722 3765 movet

421 3795 578 3866 sequi
607 3796 832 3867 subigit.
865 3795 1006 3852 Hinc
1058 3795 1226 3866 igitur
1255 3804 1426 3867 patet,
1451 3794 1599 3866 quod
1637 3797 1876 3852 musculi
1941 3800 2044 3872 ipsi
2086 3803 2228 3860 freni
2295 3803 2471 3859 vicem
2506 3805 2749 3875 cerebro
2779 3806 3042 3876 explent;
3084 3807 3179 3863 sed
3224 3819 3277 3864 ct
3303 3808 3409 3880 ipsi
3451 3807 3717 3864 motivam

421 3885 692 3940 actionem
733 3885 1044 3956 perﬁciunt.

502 3981 562 4034 '0
605 3981 662 4034 δὲ
690 3979 963 4047 νωτιαῒος
993 3978 1292 4050 λεγόμενος
1329 3979 1557 4048 μυελὸς
1577 4020 1590 4043 ,
1618 3979 1895 4052 άπόρῥοιά
1929 3984 2017 4048 τίς

421 4073 537 4127 ἐστι
587 4070 681 4126 τοῦ
740 4070 1085 4140 ἐγκεφάλου·
1152 4075 1248 4124 καὶ
1305 4065 1418 4124 οἷον
1477 4071 1586 4125 ἀπὸ
1635 4075 1822 4144 πηγῆς
1869 4092 2016 4139 τινος

423 4166 605 4236 ῥύακα
648 4167 902 4235 μιμεῖται
943 4163 1206 4235 προϊόντα
1229 4179 1241 4193 ·
1275 4164 1374 4244 τῆς
1408 4163 1507 4233 μὲν
1550 4167 1737 4236 πηγῆς
1764 4167 1938 4238 αὐτῆς
1967 4171 2016 4222 εἰ

419 4258 579 4329 τύχοι
615 4257 914 4330 περιφερὲς
960 4257 1198 4328 ἐχούσης
1234 4256 1422 4327 σχῆμα
1468 4257 1512 4288 υ
1539 4298 1555 4321 ,
1590 4259 1685 4313 τοῦ
1718 4259 1774 4312 δὲ
1812 4259 2017 4330 ῥύακος

419 4355 499 4414 είς
556 4351 734 4422 μῆκος
785 4349 1196 4421 ὲκτεινομένου,
1259 4349 1417 4403 Ἐπεὶ
1463 4344 1558 4403 οὖν
1605 4349 1651 4382 ιι
1694 4353 1722 4404 ὁ
1762 4355 2017 4417 νωτιαῖος

419 4436 576 4506 οὗτος
607 4442 700 4496 τοῦ
733 4440 1043 4510 ἐγκεφάλου
1087 4441 1255 4511 μοίρα
1298 4440 1380 4502 τίς
1409 4440 1530 4494 ἐστι
1555 4483 1570 4508 ,
1607 4444 1926 4516 περιέχεται
1959 4445 2017 4499 δὲ

2189 3980 2431 4036 Medulla
2495 3992 2678 4039 autem
2743 3999 2867 4055 quae
2962 3985 3109 4041 dorsi
3145 3987 3484 4057 appellatur,
3563 3992 3722 4060 quasi

2119 4073 2357 4140 etnuxus
2407 4075 2617 4130 cerebri
2654 4076 2875 4146 quidam
2911 4084 3018 4138 est.
3059 4086 3113 4133 et
3148 4093 3247 4134 ceu
3289 4079 3442 4135 rivus
3495 4095 3523 4133 a
3575 4082 3727 4138 fonte

2121 4165 2400 4235 proﬂuens
2450 4165 2745 4238 effigiatur.
2784 4167 2931 4225 Fons
2962 4169 3207 4239 quidem,
3239 4181 3299 4225 ut
3345 4172 3419 4226 ita
3467 4172 3724 4240 dixerim,

2123 4257 2452 4312 circularem
2495 4258 2723 4329 ﬁguram
2767 4276 2882 4330 pra:
2916 4276 2975 4316 se
3010 4260 3137 4325 fert,
3189 4265 3339 4319 rivus
3369 4278 3502 4320 vero
3543 4274 3723 4321 tractu

2125 4351 2180 4404 in
2240 4351 2463 4419 longum
2517 4361 2773 4420 porrecto
2827 4351 3022 4407 fertur.
3075 4353 3346 4420 Quoniam
3391 4355 3560 4427 igitur
3611 4358 3731 4412 haec

2128 4440 2281 4497 dorsi
2336 4440 2576 4496 medulla
2615 4441 2827 4497 cerebri
2882 4459 3010 4513 pars
3057 4453 3162 4511 est,
3195 4445 3338 4501 hanc
3385 4447 3455 4502 ab
3505 4448 3729 4504 ossibus

420 4537 479 4590 ἐν
509 4536 686 4600 ὀστοῖς
715 4575 728 4601 ,
775 4536 944 4607 ἤγουν
987 4538 1046 4590 ἐν
1075 4537 1190 4598 τοῖς
1238 4533 1562 4600 σπονδύλοις
1601 4537 1701 4609 τῆς
1762 4540 2012 4610 ῥάχεως,

2128 4533 2300 4603 spinae
2346 4532 2802 4602 comprehensam
2850 4548 2973 4589 esse
3025 4536 3326 4592 cernimus.
3387 4537 3498 4594 Has
3545 4547 3731 4594 autem

418 4627 642 4697 ἀνάγκη
711 4625 807 4681 καὶ
859 4626 990 4691 τοὺς
1037 4625 1372 4689 σπονδύλους
1427 4625 1709 4691 τοιούτους
1758 4629 1868 4682 ἀπὸ
1919 4629 2012 4700 τῆς

2125 4625 2432 4690 vertebras,
2466 4624 2547 4678 uti
2579 4632 2630 4679 et
2666 4625 2964 4680 medullam
3000 4625 3176 4695 ipsam
3201 4635 3413 4683 natura;
3438 4643 3731 4700 procreare

420 4718 637 4789 φύσεως
685 4719 1061 4790 γεγενῆσθαι,
1094 4713 1210 4782 οἷος
1265 4718 1361 4772 καὶ
1403 4720 1432 4772 ὀ
1489 4719 1692 4790 μυελός
1720 4737 1733 4751 ·
1779 4721 1876 4774 καὶ
1933 4720 2012 4774 διὸ

2128 4717 2504 4774 necessarium
2553 4717 2786 4785 exstitit,
2813 4727 2869 4774 et
2910 4719 3012 4774 hac
3060 4719 3128 4774 de
3194 4735 3362 4776 causa
3418 4723 3730 4778 communi-

418 4811 579 4866 τοῦτο
629 4811 722 4864 καὶ
755 4811 1049 4875 κοινωνίας
1085 4811 1346 4882 μετέχειν
1393 4812 1559 4866 αὐτὸν
1594 4815 1841 4884 φυσικῆς
1876 4815 2012 4884 μετὰ

2127 4811 2402 4866 rationem
2455 4811 2754 4881 quamdam
2808 4828 2933 4867 cum
2985 4813 3208 4869 ossibus
3241 4815 3552 4870 naturalem
3583 4815 3730 4870 obti-

417 4904 530 4958 τῶν
559 4904 739 4958 ὀστῶν
760 4922 774 4936 ο
811 4904 954 4976 πρὸς
986 4904 1096 4976 γὰρ
1127 4905 1230 4976 τὴν
1261 4904 1359 4958 τοῦ
1394 4907 1798 4978 περιεχομένου
1837 4907 2012 4978 φύσιν,

2130 4913 2260 4967 net;
2300 4919 2424 4957 nam
2467 4904 2535 4959 ad
2571 4912 2829 4960 naturam
2863 4905 3012 4962 illius
3039 4909 3184 4978 quod
3215 4909 3730 4980 comprehenditur,

418 4999 513 5053 καὶ
544 4997 606 5052 τό
636 4999 898 5071 περιέχον
932 4997 1068 5052 αὐτὸ
1098 4995 1147 5030 ⁸³
1185 4997 1631 5070 δημιουργεῖται.

2133 5001 2189 5048 et
2227 4995 2361 5055 illud
2394 4995 2541 5066 quod
2595 4998 3015 5068 comprehcndit
3045 5009 3394 5070 procreatum
3443 5017 3567 5058 esse
3605 5017 3732 5086 cer-

2139 5092 2252 5137 ῑΙιῖΙ]
2295 5094 2400 5139 est.

489 5181 602 5235 Kal.
640 5182 744 5253 ὅρα
777 5181 896 5244 πῶς
943 5181 1162 5235 ἅπαντα
1190 5178 1260 5232 τὰ
1292 5178 1388 5231 τοῦ
1422 5177 1680 5248 σώματος
1706 5178 1843 5231 ὀστᾶ
1880 5178 2012 5248 πρὸς

2206 5177 2318 5248 Age
2344 5177 2456 5246 jam
2491 5195 2602 5250 quo
2631 5191 2792 5251 pacto
2822 5183 3102 5254 proprium
3129 5185 3403 5254 quoddam
3428 5187 3744 5260 peculiare:

430 5269 610 5324 σοῦ-τον
649 5271 770 5341 ,ἔχει
817 5269 918 5343 τὴν
963 5270 1305 5341 οἰκειότητα.
1360 5267 1484 5321 Τῶν
1544 5266 1654 5339 γὰρ
1698 5266 2015 5320 σπονδύλων

421 5359 679 5411 ἁπάντων
709 5365 743 5430 ἡ
771 5363 990 5426 σύνοδος
1041 5363 1140 5433 τὴν
1165 5361 1341 5433 ἀρχὴν
1362 5361 1428 5414 ἐκ
1457 5359 1554 5429 τῆς
1575 5360 1793 5431 ῥάχεως
1825 5359 2017 5430 ἐποιή-

2133 5285 2242 5339 que
2276 5271 2442 5326 totius
2471 5273 2719 5342 corporis
2748 5289 2876 5331 ossa
2902 5275 2967 5330 ad
2998 5275 3149 5332 dorsi
3181 5278 3434 5334 vertebra
3459 5277 3743 5345 obtinent,

2127 5361 2509 5432 inspiciamus.
2543 5362 2825 5421 Vertebrae
2847 5367 2994 5422 enim
3035 5383 3229 5426 omnes
3255 5370 3586 5428 cohaerentia
3619 5374 3747 5460 ori-3

494 5471 542 5562 ξ⁸
573 5472 834 5562 πλείστας
859 5477 886 5527 ὁ
918 5478 1040 5556 ἐγκ.
1075 5477 1189 5548 ἔχει
1231 5477 1320 5529 ἵνα
1351 5478 1440 5562 P.‘
1495 5479 1540 5562 ’ξ
1572 5475 1973 5562 στεγόμενα.Βέ
1994 5476 2399 5562 συστελλόμενα
2421 5479 2461 5534 C
2497 5478 2556 5562 Ρ..
2637 5482 2682 5562 ξθ
2704 5483 2923 5562 γίνηται
2966 5485 3029 5562 B_,
3055 5485 3299 5562 γίνονται
3325 5487 3392 5562 C._
3430 5488 3512 5562 μ³¹
3536 5488 3733 5562 ὥσπερ

423 5544 520 5624 ἐπὶ
583 5547 683 5624 τῆς
721 5561 780 5624 γ.
811 5547 1022 5624 ἐκβτῶν
1049 5544 1358 5624 περιττωμα
1388 5544 1798 5624 τῂν-ἐνεργείαν
1835 5547 2010 5624 αὐτῆς
2051 5544 2413 5624 γνωρίζωμεν
2437 5552 2548 5624 ’,εί
2589 5550 2700 5624 γὰρ

2733 5571 2867 5628 πεπ.
2905 5556 3323 5628 ἐστὶ.....λέχειν
3347 5559 3396 5611 εί
3425 5559 3480 5613 δὲ
3512 5556 3732 5616 ἄπεπτα

422 5616 484 5697 ού
519 5614 708 5697 καλῶς
739 5617 804 5697 Ιξ.
859 5616 908 5694 ’ξ
941 5616 1231 5697 πεπεμένα
1292 5614 1355 5670 Β.
1420 5614 1466 5696 ξῖ
1497 5614 1704 5688 Κύριος
1767 5617 1892 5697 ἐπεὶ
1927 5614 2036 5697 γάρ
2090 5618 2149 5671 τὸ
2171 5614 2359 5697 ξτρῆμα
2385 5620 2496 5697 άπὸ
2515 5619 2578 5675 Ρ.
2600 5614 2678 5697 ἷξε
2710 5625 2878 5697 πόρον
2910 5625 3114 5697 ἐκλήθη
3152 5614 3240 5697 P."
3281 5628 3328 5661 ³⁸
3349 5629 3558 5684 τούτων
3590 5629 3631 5684 Β
3666 5614 3727 5686 ι».

426 5686 472 5775 ξς
506 5679 620 5775 ore?
654 5684 914 5775 Ιτοῦ
936 5679 1248 5775 ἐῆγκεφάλου
1291 5679 1900 5775 πεηεοεοῦχταιξητοιιαύτην
2060 5679 2359 5775 χρείαν-ξτῷ
2387 5692 2700 5775 ..ἐγκεφάλῳ
2731 5679 3067 5775 παρέχουσίν
3093 5679 3195 5775 ΪΞΟ
3225 5699 3336 5775 P._
3362 5679 3730 5775 ingemit»;

516 5830 528 5841 .
566 5756 611 5787 ³⁸
643 5755 773 5844 ε’ξγνίΙοι
800 5754 859 5811 Β.
895 5755 978 5844 “’9
1007 5756 1411 5844 rrsptdyet'pnC
1447 5756 1508 5813 P.
1588 5758 1631 5790 ⁵ο
1660 5757 1738 5830 τῷ
1775 5754 2014 5831 πρώτως
2034 5754 2144 5816 xiv.
2175 5757 2216 5814 B
2300 5754 2422 5835 ,⁷τῷ
2447 5754 2825 5834 πρῶτος’κιν.’
2847 5754 2909 5822 (Σῖ

423 5827 486 5896 Β,
513 5825 702 5896 ἐπειδὴ
729 5827 792 5881 C.
895 5825 939 5856 ⁸³
969 5825 1100 5880 αὐτὸ
1131 5825 1241 5882 om.
1274 5826 1314 5880 Β
1339 5827 1400 5881 Ρ.

745 5923 1024 5982 Pauor“
1076 5922 1196 5984 Gn.
1243 5922 1465 5981 LXIV.

3007 5766 3049 5799 “
3078 5766 3139 5821 τὸ
3176 5785 3265 5840 σχ.
3302 5769 3342 5823 Β
3366 5769 3430 5826 C.
3459 5766 3486 5772 ”’
3521 5766 3581 5804 δ”
3596 5772 3730 5839 γοῦν

3329 5932 3409 5992 39
