4138 6512
463 342 603 401 H59
1772 341 2057 398 MELETII
2102 342 2407 401 MONACIH
3592 349 3732 409 μου

459 467 637 539 ginem
663 479 693 519 a
718 463 874 536 spina
902 460 1164 518 trahunt:
1190 476 1356 533 quam
1382 461 1572 517 eadem
1597 462 1948 533 proportione
1975 462 2042 519 ad
2076 470 2093 524 Α

2097 467 2125 525 ι
2154 480 2285 517 σατο
2307 482 2319 493 ·
2351 464 2474 536 ἦτις
2527 462 2630 535 τὴν
2677 462 2851 534 αὐτὴν
2879 461 3176 533 ἀναλογίαν
3205 461 3284 534 τῷ
3321 463 3576 537 ἡμετέρῳ
3622 466 3731 521 σώ-

460 570 636 616 totum
668 572 872 628 corpus
907 566 1158 614 nostrum
1193 558 1545 627 respondere,
1575 572 1681 629 qua
1714 559 1870 614 navis
1899 558 2042 613 cari-

2147 576 2280 631 ματι
2314 558 2602 630 φυλάττει,
2634 556 2826 610 ὁποίαν
2856 557 2953 611 καλ⁸
2986 557 3019 627 ἠ
3059 555 3256 628 τρόπις
3289 559 3389 627 τῆς
3416 557 3546 628 νηὸς
3583 557 3720 629 πρὸς

460 667 587 707 nam
622 650 691 706 ad
715 649 971 705 universa
1000 664 1122 719 qua:
1148 648 1249 719 ipsi
1276 647 1441 702 afﬁxa
1468 657 1598 703 sunt
1623 648 2039 719 ligna,ccnscn-

2142 651 2212 705 τὰ
2238 652 2319 715 είς
2370 651 2542 721 αὐτὴν
2578 648 2960 720 ὲμῦαλλόμενα
2985 646 3145 715 ξύλα.
3179 646 3396 714 ’Ὠσπερ
3445 648 3558 720 γὰρ
3592 649 3725 721 πρὸς

460 742 587 797 dum
632 747 739 796 est.
789 740 857 795 Et
920 739 1381 811 quemadmodum
1434 741 1759 796 necessitate
1807 741 2042 811 quadam

2142 742 2359 813 ἐκείνην
2394 740 2611 810 ἀνάγκη
2668 740 2846 793 πάντα
2876 737 2945 791 τὰ
2981 736 3113 803 ξύλα
3165 730 3312 790 εἶναι
3338 779 3353 802 ,
3391 749 3489 791 xu:
3535 739 3584 791 εί
3628 739 3730 809 μὲν

461 832 608 905 ligna
635 832 703 886 ad
728 831 997 897 carinam,
1017 830 1131 884 sive
1167 844 1362 900 magna
1387 830 1500 894 illa,
1533 846 1628 886 seu
1662 846 1826 901 parva
1857 830 2039 896 fuerit,

2143 836 2177 906 ή
2204 832 2401 905 τρόπις
2437 831 2653 904 μεγάλη
2688 831 2796 901 εἴη,
2858 829 3073 900 μεγάλα
3120 829 3215 882 καὶ
3263 828 3334 880 τὰ
3367 826 3500 892 ξύλα
3523 844 3536 857 ·
3571 829 3620 881 εί
3668 827 3728 881 δὲ

455 925 606 994 iusta
648 922 1003 994 proportione
1047 919 1379 986 referuntur,
1426 919 1535 991 56
1574 920 1647 976 ita
1679 930 1735 977 et
1769 922 1836 977 de
1884 922 2041 992 spina

2146 925 2320 997 μικρὰ
2342 962 2357 990 ,
2385 925 2589 996 ὁμοίως
2622 923 2720 977 καὶ
2759 921 2827 976 τά
2858 914 2993 989 ξύλα
3017 937 3032 953 ο
3078 919 3254 984 οὕτως
3305 922 3420 991 ἔχει
3456 923 3555 973 καὶ
3585 919 3730 972 κατὰ

457 1017 643 1073 dicere
669 1028 995 1085 possumus;
1020 1026 1143 1067 nam
1174 1012 1390 1083 qualem
1427 1013 1517 1067 illa
1545 1014 1613 1068 ad
1646 1021 1852 1079 costas,
1881 1014 2041 1069 talem

2141 1017 2243 1088 τὴν
2270 1019 2431 1088 ῥάχιν
2454 1030 2473 1049 ο
2507 1015 2605 1068 καὶ
2631 1014 2678 1046 ⁸⁸
2700 1013 2777 1078 ὡς
2808 1012 2875 1068 ἀν
2904 1013 3007 1085 ἔχῃ
3036 1012 3197 1083 αὑτὴ,
3239 1010 3337 1065 καὶ
3369 1010 3425 1065 αί
3462 1010 3601 1082 πρὸς
3625 1010 3728 1064 αύ-

457 1109 625 1163 etiam
657 1114 713 1161 et
743 1112 911 1161 costae
944 1104 1011 1158 ad
1039 1104 1387 1172 scapularum
1416 1118 1543 1159 ossa
1578 1111 1824 1161 tenorem
1856 1118 2042 1160 serva-

2142 1110 2245 1181 τὴν
2273 1108 2688 1181 διηρθρωμέναι
2738 1107 2972 1179 πλευραὶ
3010 1104 3196 1171 ἕξουσι
3221 1143 3238 1170 ,
3274 1102 3371 1158 καὶ
3409 1103 3466 1157 ai
3503 1094 3549 1135 "
3574 1100 3729 1169 ὠμο-

458 1198 626 1264 bunt;
656 1207 795 1261 tum,
842 1197 909 1252 ad
933 1195 1207 1266 scapulas,
1248 1195 1568 1262 brachium,
1601 1195 1765 1261 ulnae,
1811 1203 1867 1250 et
1898 1194 2043 1250 radi-

2142 1201 2368 1266 πλάται,
2417 1201 2558 1272 πρὸς
2588 1199 2646 1253 δὲ
2671 1198 2771 1264 τὰς
2801 1198 2846 1230 ⁸⁸
2875 1192 3209 1269 ὠμοπλάτας
3244 1192 3489 1266 βραχίων
3516 1212 3579 1248 τε
3631 1195 3727 1247 καὶ

456 1291 573 1348 cale
592 1302 677 1354 os,
697 1304 933 1360 ossaque
953 1288 1006 1343 in
1029 1303 1152 1359 qua:
1177 1300 1375 1343 manus
1397 1296 1639 1343 extrema
1662 1287 1888 1352 desinit;
1912 1301 2041 1357 prae-

2143 1292 2348 1363 πῆχυς,
2390 1292 2486 1345 καὶ
2512 1290 2727 1362 κερκὶς,
2767 1289 2862 1343 καὶ
2889 1288 2959 1342 τά
2988 1288 3086 1359 τῆς
3111 1287 3287 1359 ἄκρας
3315 1285 3498 1357 χειρὸς
3522 1285 3685 1340 ὀστέα
3709 1304 3722 1316 ·

458 1393 601 1439 terea
640 1383 862 1438 iliorum
896 1396 1056 1446 ossa,
1090 1382 1261 1451 spinae
1295 1380 1398 1451 ipsi
1432 1378 1646 1436 inferne
1673 1378 2038 1449 applicantur.

2142 1386 2237 1439 καὶ
2267 1385 2433 1439 πάλιν
2464 1383 2601 1453 πρὸς
2629 1382 2730 1454 τὴν
2756 1382 2916 1453 ῥάχιν
2941 1381 3059 1436 ἐστὶ
3087 1380 3155 1433 τὰ
3184 1380 3285 1451 τῆς
3312 1378 3542 1449 λαγόνος
3569 1379 3724 1441 ὀστᾶ.

454 1475 567 1533 illis
599 1491 725 1532 vero
752 1474 961 1530 femora
1003 1473 1458 1535 dearticulantur,
1501 1481 1557 1527 et
1583 1471 1761 1536 tibiae,
1791 1479 1847 1526 et
1886 1486 2039 1536 sura,

2142 1477 2284 1549 πρὸς
2320 1476 2356 1531 ἃ
2385 1475 2722 1548 διήρθρωται
2757 1474 2786 1526 ὀ
2837 1473 3014 1545 μηρός
3037 1489 3051 1504 ·
3103 1472 3199 1526 καὶ
3237 1471 3378 1542 πρὸς
3427 1468 3640 1525 ἐκεῖνον
3690 1475 3724 1542 ἡ

453 1576 510 1623 et
530 1567 684 1637 pedis
706 1566 882 1635 ipsius
914 1579 1064 1619 ossa.
1095 1562 1376 1633 Siquidem
1402 1560 1633 1632 pedibus
1673 1560 1808 1631 ipsis
1842 1574 2040 1613 nervo-

2141 1571 2326 1640 κνήμη
2358 1586 2419 1621 τε
2455 1568 2550 1621 καὶ
2586 1568 2619 1637 ἡ
2655 1566 2862 1637 περόνη
2882 1604 2898 1628 ,
2932 1563 3190 1634 καὶπρὸς
3222 1561 3427 1624 ταύτας
3455 1562 3499 1593 ³⁷
3536 1561 3604 1615 τὰ
3629 1560 3724 1615 τοῦ

452 1673 576 1713 rum
629 1658 1119 1725 musculorumquc
1171 1653 1499 1717 ministerio,
1528 1652 1623 1722 qui
1679 1651 1918 1705 maxima
1947 1648 2041 1704 Dei

2142 1661 2302 1725 ποδὸς
2330 1660 2515 1714 ὀστέα.
2563 1656 2846 1713 Ἐντεῦθεν
2877 1655 3063 1719 αὐτοῖς
3096 1654 3245 1726 καὶὴ
3277 1652 3495 1726 κίνησις
3525 1653 3724 1707 δίδοται

452 1747 796 1819 providentia
850 1754 1014 1816 atque
1064 1743 1294 1799 consilio
1343 1758 1373 1798 a
1423 1742 1650 1798 cerebro
1686 1749 1895 1796 motum
1949 1755 2041 1795 ca-
2072 1815 2086 1826 _

2090 1817 2110 1826 ι
2141 1755 2232 1809 διὰ
2270 1755 2481 1826 νεύρων
2508 1751 2602 1805 καὶ
2632 1750 2785 1822 μυῶν
2812 1750 2872 1814 ἐξ
2902 1748 3207 1820 ἐγκεφάλου
3238 1763 3252 1778 ·
3284 1746 3613 1801 καὶτούτων
3637 1764 3724 1801 κι-

454 1815 633 1912 piunt,
666 1815 941 1894 movendi,
973 1835 1206 1892 facultas
1250 1834 1722 1891 subministratur.
2071 1815 2088 1871 ¹

2090 1817 2113 1871 ³
2143 1815 2423 1918 νουμένων
2452 1845 2595 1899 κατά
2616 1815 2716 1915 τὴν
2744 1815 2993 1914 μεγάλήν
3022 1815 3219 1912 βουλὴν
3249 1835 3344 1891 τοῦ
3368 1836 3507 1892 Θεοῦ
3540 1838 3585 1871 ⁸⁸
3625 1840 3724 1895 καὶ

2141 1956 2423 1993 ποονοιαν.

2141 1957 2183 1993 π
2252 1956 2423 1993 νοιαν.

524 2025 661 2080 Nam
697 2023 956 2088 mli-90"“,
986 2036 1126 2091 (ιιιοε
1166 2020 1340 2077 Graia
1376 2019 1519 2091 μύας
1573 2034 1606 2073 ³
1666 2020 1833 2075 Verbo
1883 2019 2041 2090 μύειν
2187 1939 2375 2096 ρῗίῦες
2402 2028 2459 2083 δὲ
2490 2028 2745 2098 λέγονται
2781 2028 2932 2098 παρὰ
2960 2024 3021 2079 τὸ
3046 2024 3205 2097 μύειν
3240 2027 3299 2081 ὲν
3323 2022 3449 2090 ταῖς
3478 2023 3723 2086 οἰκείαις

455 2117 667 2183 dicunt,
685 2116 830 2188 quod
858 2116 1105 2171 claudere
1125 2113 1588 2185 interpretareris,
1606 2114 1677 2170 ob
1696 2114 1747 2168 id
1773 2113 1844 2168 ita
1862 2114 2041 2184 appel-

2141 2121 2450 2193 ὲνεργείαις
2479 2134 2493 2151 ⁸
2529 2121 2950 2189 συστελλόμενοι
2980 2117 3111 2189 γὰρ,
3148 2117 3244 2171 καὶ
3269 2118 3363 2171 ἐπὶ
3391 2116 3490 2187 τὴν
3510 2115 3722 2170 οἰκείαν

456 2209 608 2263 iantu
619 2223 662 2274 r,
680 2207 812 2279 quia
834 2206 1056 2278 propria
1081 2202 1166 2261 sui
1193 2204 1380 2259 munia
1406 2202 1755 2273 exsequendo
1776 2200 2040 2256 claudun-

2142 2217 2321 2288 ἀρχὴν
2349 2215 2752 2286 ἀνατρέχοντες
2777 2248 2793 2277 ,
2828 2211 2920 2266 διὰ
2966 2212 3068 2283 τῆς
3098 2210 3368 2282 συστολῆς
3408 2207 3622 2263 κινοῦσι
3650 2207 3722 2262 τά

450 2310 543 2354 tur
579 2317 592 2353 :
624 2299 680 2353 bi
728 2312 967 2368 namque
1014 2311 1127 2368 pm
1176 2296 1262 2352 sui
1303 2295 1712 2361 contractione,
1748 2303 1804 2350 et
1832 2294 1899 2350 ad
1934 2293 2037 2349 sibi

2141 2310 2235 2363 ὑπ’
2266 2308 2448 2362 αὐτῶν
2477 2306 2777 2377 κινούμενα
2813 2304 3000 2375 μόρια.
3037 2302 3195 2367 Τινὲς
3229 2301 3287 2357 δὲ
3317 2302 3606 2371 λέγουσιν,
3638 2300 3722 2353 ὃτι

455 2391 773 2462 praescripta
823 2388 1091 2460 principia
1140 2386 1480 2452 extensione,
1533 2385 1786 2456 partibus
1816 2400 1939 2455 quae
1968 2384 2040 2441 ab

2143 2398 2417 2473 μυοειδεῐς
2447 2401 2556 2453 εἰσι
2575 2438 2590 2464 ,
2627 2398 2724 2452 καὶ
2757 2398 2837 2461 είς
2864 2394 3039 2450 λεπτὰ
3064 2394 3111 2426 δ’
3140 2391 3580 2447 ἀποτελευτῶσιν
3598 2406 3614 2421 ⁸
3645 2389 3723 2453 ὡς

449 2482 582 2553 ipsis
613 2487 900 2535 moventur
933 2487 1141 2534 motum
1172 2477 1443 2532 tribuunt.
1469 2475 1610 2530 Sunt
1631 2475 1726 2546 qui
1758 2489 1854 2531 eos
1881 2475 1951 2529 ob
1983 2472 2037 2528 id

2141 2472 2447 2564 ὲμφερείαν
2481 2489 2630 2561 ἔχειν
2674 2487 2814 2559 πρὸς
2842 2485 2941 2558 τὴν
2971 2484 3142 2557 οὐρὰν
3189 2484 3287 2539 τοῦ
3336 2483 3476 2548 ζώου
3513 2483 3560 2515 ³⁸
3593 2481 3725 2545 τοὺς

450 2573 733 2629 musculos
772 2571 1046 2639 dictitant,
1092 2569 1239 2639 quod
1274 2572 1328 2624 in
1361 2568 1505 2624 exile
1524 2567 1804 2631 desinunt,
1827 2575 1942 2622 tum
1967 2565 2038 2621 ad

2142 2584 2289 2655 μῦας
2312 2582 2379 2638 ⁵¹.
2400 2582 2510 2636 Καὶ
2532 2580 2643 2653 γὰρ
2666 2579 2736 2634 τὰ
2760 2577 2947 2647 νεῦρα
2962 2577 3060 2649 τὴν
3091 2575 3390 2648 ὀνομασίαν
3421 2573 3545 2646 ἔσχε
3570 2573 3724 2645 παρά

448 2665 702 2721 animalis
731 2678 931 2719 nervos
960 2660 1322 2717 similitudine
1353 2657 1683 2729 respondere
1714 2657 2034 2713 creduntur.

2137 2676 2233 2731 τοῦ
2264 2673 2448 2730 νεύειν
2490 2673 2635 2744 πρὸς
2681 2670 2889 2727 ἑαυτάο
2938 2668 3033 2724 τόν
3066 2668 3229 2723 αὐτὸν
3273 2668 3330 2722 δὲ
3373 2668 3579 2740 τρόπον
3626 2665 3723 2719 καὶ

449 2757 556 2815 Sed
578 2770 633 2814 et
652 2770 778 2814 cum
804 2753 1135 2826 nervisipsis
1154 2750 1508 2825 proportione
1520 2749 1876 2806 conveniunt.
1898 2747 2035 2804 Nam

2138 2766 2282 2823 αὐτὰ
2312 2768 2426 2830 τοῖς
2472 2765 2636 2836 μυσὶν
2690 2763 2944 2833 ἐνεργεῖ·
2984 2760 3189 2830 μᾶλλον
3240 2759 3300 2813 δὲ
3348 2760 3399 2812 οἱ
3441 2759 3580 2830 μῦες
3610 2756 3721 2810 τῶν

447 2848 910 2921 (Ιιιθῐηθάηἲοάωη
957 2847 1107 2902 “em
1134 2885 1150 2910 ν
1192 2845 1288 2915 (Ιυί
1326 2843 1396 2898 ab
1436 2842 1545 2899 im"
1580 2840 1751 2914 νεῦρα
1784 2839 2044 2913 ποιΡάτοῦ
2137 2861 2383 2932 νεύρων·
2437 2857 2592 2927 παρὰ
2635 2852 2731 2911 οῦν
2761 2854 2823 2909 τὸ
2872 2852 3052 2909 νεύειν
3082 2851 3298 2924 νεῦρον,
3339 2853 3431 2906 καὶ
3465 2850 3621 2921 παρὰ
3657 2849 3720 2904 τὸ

447 2951 624 3006 νεύειν
643 2950 779 3024 πρὸς
796 2949 986 3011 ἑαυτὰ,
1010 2947 1157 3018 quod
1180 2947 1234 3000 in
1251 2958 1310 3001 se
1325 2946 1443 3015 ipsa
1458 2945 1693 2999 innuant
1712 2958 1910 3000 nomen
1925 2958 2038 3000 sor-

2141 2952 2300 3026 μύειν
2334 2950 2491 3024 μῦες.
2541 2949 2655 3003 οὐκ
2699 2948 2817 3002 ἔστι
2863 2946 2923 3001 δὲ
2960 2944 3112 3017 ἀπλῆ
3144 2946 3178 3017 ἡ
3210 2945 3321 2998 τῶν
3356 2944 3509 3015 μυῶν
3537 2943 3715 3006 οὐσία,

452 3043 537 3099 titi
569 3049 722 3103 sunt,
747 3041 829 3096 sic
850 3050 906 3095 et
931 3038 1035 3109 ipsi
1056 3036 1245 3092 eadem
1266 3049 1387 3106 quae
1404 3042 1462 3090 et
1483 3033 1720 3090 musculi
1745 3043 1934 3105 agunt,
1950 3034 2037 3089 vel

2136 3044 2276 3100 ἀλλὰ
2320 3042 2579 3106 σύνθετος
2618 3040 2683 3095 ἐκ
2731 3056 2793 3094 τε
2832 3038 2959 3093 ίνῶν
2994 3037 3091 3091 καὶ
3138 3034 3454 3107 σαρκὼδους
3503 3035 3716 3098 οὐσίας.

447 3131 687 3187 musculi
722 3130 907 3201 potius
937 3128 1080 3183 idem
1106 3126 1252 3196 quod
1274 3134 1331 3181 et
1357 3124 1531 3181 nervi.
1567 3122 1804 3181 Utenim
1834 3140 2035 3181 nervus
2061 3152 2081 3208 (

2081 3151 2104 3208 3
2136 3138 2257 3192 Τῶν
2288 3136 2347 3190 δὲ
2388 3134 2534 3202 ίνῶν,
2584 3137 2641 3188 αἱ
2692 3131 2793 3205 μὲν
2820 3131 2930 3187 ἀπὸ
2962 3146 3072 3185 των
3113 3129 3326 3201 νεύρων
3361 3128 3538 3193 εἰσὶν,
3571 3130 3625 3181 ai
3658 3126 3715 3180 δὲ

444 3222 594 3295 quod
623 3222 836 3287 innuat,
860 3218 1200 3282 utdiximus,
1229 3226 1601 3287 nuncupatur,
1626 3216 1701 3271 ita
1717 3225 1773 3272 et
1791 3217 2033 3273 musculi

2132 3228 2242 3286 ἀπὸ
2267 3227 2377 3283 τῶν
2407 3226 2749 3295 συνδέσμων,
2777 3217 2860 3288 οἷς
2888 3223 3158 3292 ἐνύφανεν
3188 3222 3222 3293 ἡ
3250 3222 3416 3291 φύσις
3449 3219 3547 3291 τὴν
3578 3235 3711 3289 σαρ-

443 3314 594 3386 quod
620 3313 975 3381 clauduntur,
1005 3311 1260 3383 appellati
1288 3316 1437 3367 sunt.
1477 3307 1597 3364 Non
1628 3309 1775 3365 enim
1808 3325 2034 3366 muscu-

2132 3321 2280 3392 κώδη
2326 3319 2555 3374 οὐσίανο
2603 3318 2698 3373 καὶ
2740 3316 2834 3371 διὰ
2875 3315 2939 3370 τὸ
2968 3314 3047 3387 μὴ
3078 3313 3417 3385 βλάπτεσθαι
3474 3312 3669 3384 ῥᾳδίως
3694 3345 3713 3374 ,

441 3407 621 3463 lorum
643 3407 951 3462 substantia
969 3406 1224 3475 simplex,
1244 3403 1339 3460 sed
1358 3402 1659 3472 composita
1679 3410 1792 3469 est;
1816 3417 1943 3457 nam
1966 3418 2033 3458 ex

2130 3413 2247 3468 ἀλλ’
2285 3415 2362 3477 ὼς
2396 3411 2492 3466 ἐπὶ
2530 3410 2752 3482 ποιῦἦς
2796 3407 3183 3464 ἀναπαύεσθαι
3208 3422 3223 3439 ⁸
3259 3407 3354 3460 καί
3384 3405 3471 3459 ἵνα
3498 3405 3554 3457 εν
3593 3403 3719 3465 ταῖς

442 3497 704 3553 librarum
745 3510 1087 3566 carnosaque
1114 3493 1421 3550 substantia
1444 3494 1778 3565 compositos
1795 3503 2031 3550 constat.

2128 3506 2391 3577 ἀμέτροις
2439 3504 2723 3575 κινήσεσιν
2756 3501 3179 3574 αύχμηρότεραι
3232 3498 3526 3568 γενόμεναι
3582 3494 3714 3549 καθ-

441 3591 515 3648 At
547 3590 718 3660 ﬂbrre,
741 3590 989 3663 quaedam
1015 3604 1046 3645 a
1072 3591 1276 3654 nervis,
1309 3589 1589 3645 nonnullae
1619 3603 1750 3644 vero
1782 3603 1815 3644 a
1848 3589 2031 3656 nodis,

2188 3596 2587 3669 ’ραίνωνται⁸¹,
2613 3594 2710 3649 καὶ
2734 3594 2832 3665 τὴν
2860 3596 2927 3649 ἐκ
2959 3592 3069 3648 τῶν
3117 3590 3417 3665 σαρκωδῶν
3450 3589 3711 3660 δέχωνται
3814 3654 3822 3661 .

443 3684 562 3739 sive
594 3699 625 3739 a
654 3683 964 3756 ligamentis
994 3684 1152 3747 iiunt,
1183 3680 1385 3753 quibus
1415 3691 1612 3736 natura
1646 3681 1764 3751 ipsa
1791 3698 1859 3738 ne
1881 3684 2032 3740 dam-

881 3683 964 3739 Itis
994 3684 1152 3747 iiunt,
1183 3680 1385 3753 quibus
1415 3691 1612 3736 natura
1646 3681 1764 3751 ipsa
1791 3698 1859 3738 ne
1881 3684 2032 3740 dam-
2137 3690 2515 3762 παραμυθίαν.

440 3782 531 3838 nis
563 3780 782 3838 facilius
815 3781 1068 3836 obnoxias
1095 3779 1413 3844 reddantur,
1478 3777 1575 3834 sed
1612 3793 1710 3834 ceu
1766 3779 1820 3834 in
1873 3784 2061 3840 stratis
2097 3788 2462 3857 quiescerent,
2533 3798 2824 3842 carnosam
2870 3783 3237 3841 substantiam
3277 3780 3579 3845 contexuit,
3606 3794 3720 3850 quo

440 3888 553 3943 pra:
578 3873 850 3927 immenso
873 3879 1023 3926 motu
1041 3871 1106 3925 ad
1139 3870 1439 3926 siccitatem
1471 3869 1730 3939 redactae,
1757 3886 1823 3926 ex
1842 3874 2027 3931 carnis
2064 3878 2297 3935 humore
2326 3877 2606 3949 suppetias
2626 3876 2819 3933 adesse
2851 3877 3141 3933 sentirent.

515 3964 659 4021 Sunt
699 3965 793 4035 qui
819 3973 1066 4035 quaerant
1098 3975 1334 4034 quanam
1364 3962 1433 4017 de
1465 3977 1634 4019 causa
1658 3973 1828 4036 caput
1851 3967 2028 4023 homi-

2202 3970 2443 4043 Ζητοῦσι
2493 3970 2553 4025 δέ
2592 3985 2740 4035 τινες
2782 3969 2928 4024 διατί
2973 3968 3035 4024 τὸ
3089 3967 3194 4039 τῆς
3223 3965 3472 4037 κεφαλῆς
3518 3965 3714 4036 σχῆμα

439 4060 528 4115 nis
549 4057 690 4130 globi
718 4058 912 4128 figura,
931 4070 1039 4111 non
1066 4063 1247 4111 autem
1266 4055 1608 4127 triangulari,
1626 4056 1710 4112 vel
1733 4058 2023 4128 quadrata,

2131 4064 2473 4135 σφαιροειδές
2505 4064 2621 4117 ἐστι
2649 4105 2664 4129 ,
2719 4061 2818 4116 καὶ
2871 4064 2947 4132 μὴ
2996 4060 3199 4133 μᾶλλον
3260 4060 3627 4128 τετράγωνον,
3678 4058 3712 4128 ἢ

437 4161 537 4206 aut
568 4150 903 4216 acuminata,
936 4147 1020 4203 vel
1055 4147 1109 4202 in
1141 4146 1260 4202 coni
1296 4147 1515 4202 modum
1540 4156 1794 4215 protensa
1819 4149 1911 4206 sit.
1941 4148 2024 4205 Ad

2127 4155 2424 4225 ὁξύγωνον,
2463 4154 2497 4227 ἢ
2535 4155 2802 4226 τρίγωνον
2829 4191 2844 4217 ,
2877 4154 2909 4219 ἢ
2968 4153 3277 4216 κωνοειδές.
3324 4151 3435 4205 Καὶ
3476 4149 3713 4217 λέγομεν

436 4257 561 4314 qua:
598 4242 778 4297 tribus
822 4238 1133 4296 rationibus
1168 4240 1566 4310 respondemus
1603 4258 1615 4293 :
1648 4255 1882 4312 quarum
1914 4255 2021 4298 una

2129 4247 2323 4301 τούτου
2361 4248 2516 4318 τρεῖς
2558 4244 2742 4311 αἰτίας
2769 4244 2815 4277 ⁵³
2840 4261 2853 4274 ·
2892 4245 3023 4314 μίαν
3073 4242 3208 4313 μὶν,
3239 4243 3323 4297 ὅτι
3363 4241 3426 4296 τὸ
3462 4239 3711 4294 τοιοῦτον

435 4345 540 4401 est,
558 4335 703 4408 quod
721 4335 844 4391 talis
858 4336 1029 4406 iigura
1046 4333 1219 4403 magis
1235 4346 1398 4404 quam
1420 4333 1540 4389 alia:
1554 4335 1900 4404 passionibus
1915 4335 2018 4391 im-

2125 4340 2317 4411 σχῆμα
2352 4336 2800 4409 δυσπαθέστερόν
2851 4336 2970 4389 ἐστι
3017 4335 3129 4389 τῶν
3170 4333 3345 4389 ἀλλων
3384 4330 3705 4403 σχημάτων.

436 4428 624 4498 pervia
641 4429 895 4483 habetur.
914 4423 1051 4480 Nam
1076 4439 1200 4496 qum
1213 4426 1269 4479 in
1284 4425 1515 4496 angulos
1529 4426 1808 4492 desinunt,
1839 4442 1866 4480 a
1884 4427 2016 4496 qui-

2120 4432 2264 4485 Ὅσα
2287 4430 2398 4501 γὰρ
2423 4429 2539 4500 ἔχει
2560 4427 2788 4498 γωνίας,
2818 4426 3053 4495 ἑτοίμως
3072 4427 3189 4488 τοῖς
3216 4423 3416 4490 ἔξωθεν
3439 4422 3705 4484 ἐναντίοις

436 4521 673 4576 buslibet
702 4536 823 4589 quae
850 4519 1011 4575 obvia
1036 4516 1797 4587 ferunturacumenipsorum
1816 4517 2015 4571 obtun-
2046 4549 2070 4604 Ι

2069 4551 2090 4603 )
2116 4522 2422 4587 ἀπαντῶσι,
2458 4522 2552 4577 καὶ
2580 4521 3006 4591 ὲντυγχάνονται
3049 4519 3181 4590 ῥᾷον
3206 4518 3253 4550 ⁸⁸
3282 4518 3380 4572 καὶ
3410 4515 3703 4588 θραύονται

435 4608 583 4664 ditur
646 4618 702 4663 et
729 4607 886 4662 facile
908 4605 1200 4676 frangitur.
1232 4604 1416 4660 Altera
1446 4608 1533 4660 est
1556 4644 1572 4671 ,
1607 4604 1755 4672 quod
1788 4603 1893 4673 57
1919 4605 2015 4673 qui
2053 4603 2066 4604 ί

2117 4617 2209 4670 ὑπ’
2241 4615 2445 4671 αὐτῶν.
2493 4613 2760 4687 Δεύτερον
2800 4614 2845 4647 ³⁸
2892 4611 2955 4667 δὲ
2981 4649 2998 4676 ,
3026 4612 3114 4665 ὅτι
3160 4609 3548 4665 ἀποδέδεικται
3590 4608 3704 4669 τοῖς

438 4697 824 4752 mensurandae
881 4702 1040 4750 terra:
1095 4692 1381 4749 scientiam
1439 4692 1787 4763 profitentur,
1837 4694 2016 4751 circu-

2112 4707 2460 4779 γεωμέτραις
2474 4705 2545 4760 τὰ
2574 4704 2813 4758 κυκλικά
2840 4704 3103 4774 σχήματα
3123 4702 3236 4756 τῶν
3256 4700 3700 4774 ίσοπεριμέτρων

438 4793 609 4850 larem
655 4793 888 4866 ﬁgurant
936 4792 1197 4849 omnibus
1246 4792 1390 4856 aliis,
1435 4791 1553 4847 sive
1596 4791 1652 4846 in
1712 4801 1844 4859 tres,
1898 4794 2016 4852 sive

2114 4798 2415 4870 σχημάτων
2447 4796 2710 4851 ἀπάντων
2734 4837 2750 4862 ,
2798 4795 3110 4866 τριγώνων,
3169 4793 3265 4847 καὶ⁵
3312 4791 3698 4864 τετραγώνων,

435 4891 698 4956 quatubr.
723 4894 824 4944 aut
841 4892 961 4951 ‘sex,
992 4884 1250 4956 pluresve
1294 4883 1547 4940 eumdem
1580 4884 1844 4942 ambitum
1883 4903 2015 4944 con-

2114 4889 2209 4943 καὶ
2243 4885 2577 4956 πολυγώνων
2606 4887 2675 4954 ⁵⁸,
2716 4885 3142 4957 πολυχωρότερα
3167 4885 3322 4940 ὄντα.
3373 4884 3437 4937 Ἦ
3473 4884 3701 4953 πρόνοια

432 4982 670 5037 tinentcs
710 4982 941 5054 angulos
990 4981 1335 5045 scindantur,
1373 4981 1715 5052 capaciorem
1766 5000 1890 5042 esse
1919 4986 2015 5042 de—

2111 4977 2206 5036 οῦν
2254 4980 2430 5034 εἰδυῖα
2459 4980 2542 5034 ὅτι
2574 4981 2609 5052 ἡ
2639 4980 2855 5051 κεφαλὴ
2887 4979 2981 5033 τὸν
3024 4978 3331 5049 ἐγκέφαλον
3365 4977 3513 5048 ἔχειν
3546 4974 3698 5046 ὀφεί-

432 5081 830 5127 monstrarunt.
862 5069 997 5127 Nam
1025 5087 1151 5127 cum
1175 5070 1272 5127 Dei
1296 5073 1633 5143 providentia
1665 5076 2009 5134 animadver-

2115 5074 2198 5127 λει
2230 5073 2297 5139 ⁸⁷,
2337 5074 2431 5127 καὶ
2472 5075 2718 5144 μήνιγγα
2750 5073 2868 5143 μετ’
2904 5070 3071 5125 αὐτοῦ
3100 5069 3336 5143 παχεῖάν
3369 5088 3428 5124 τε
3474 5068 3569 5123 καὶ
3609 5068 3695 5121 λε⁴

430 5168 567 5215 teret
614 5170 778 5231 caput
819 5158 1266 5217 constituendum
1324 5160 1463 5227 fore.
1520 5166 1602 5220 uti
1663 5166 1718 5221 in
1759 5182 1818 5223 se
1855 5183 2007 5224 cere-

2113 5166 2277 5238 πτὴν,
2306 5166 2400 5221 καὶ
2425 5167 2486 5221 τὸ
2508 5165 2811 5229 δικτυῶδες
2848 5166 2895 5200 ³⁸
2923 5166 3164 5238 πλέγμα,
3193 5166 3286 5219 καὶ
3304 5167 3403 5229 τὰς
3435 5164 3547 5218 τῶν
3574 5162 3694 5216 νεύ-

429 5248 611 5313 brum,
651 5262 705 5306 et
737 5252 806 5306 ab
832 5252 950 5321 ipso
994 5253 1365 5309 membranam
1415 5268 1651 5312 crassam
1678 5257 2003 5329 exiiemque,

2115 5275 2225 5326 ρων
2251 5257 2393 5312 ἑπτὰ
2434 5258 2726 5328 συζυγίας,
2759 5258 2856 5313 καὶ
2885 5258 2957 5312 τὰ
2987 5258 3098 5312 τῶν
3129 5257 3442 5328 αἰσθήσεων
3471 5252 3697 5321 οἰκητή-

429 5356 640 5398 necnon
701 5345 989 5399 reticuiare
1038 5354 1241 5401 textum
1275 5389 1289 5414 ,
1354 5356 1668 5419 septemque
1709 5364 2002 5406 nervorum

2115 5369 2209 5421 ρια
2233 5368 2246 5382 ·
2294 5351 2647 5424 ὀφθαλμοὺς,
2674 5345 2810 5416 ὦτα,
2842 5353 3027 5421 ρἰαςο
3066 5352 3162 5406 καὶ
3188 5352 3257 5406 τὰ
3290 5351 3399 5404 ἔσω
3429 5342 3528 5399 τοῦ
3571 5345 3694 5398 στό-

495 5519 543 5551 ut
572 5520 665 5600 καὶ
705 5533 813 5600 om.
838 5518 899 5600 ii.
976 5521 1020 5600 “_
1053 5521 1180 5600 οέ-[ι
1269 5522 1328 5579 P.
1382 5525 1452 5600 _“
1477 5526 1606 5600 τοὺς
1644 5524 1683 5578 Β
1817 5524 1894 5600 __"’
1927 5525 2155 5600 ταύταις
2187 5525 2307 5580 BP.
2371 5526 2418 5600 “f
2439 5544 2492 5583 τ.
2518 5528 2583 5582 Θ.
2613 5528 2820 5600 βουλὴν
2854 5530 2893 5583 Β
2921 5531 2980 5585 P.
3035 5530 3081 5564 "
3111 5528 3280 5600 λευτὰ
3308 5526 3371 5600 εξ,
3399 5525 3596 5600 λεῖττὺν
3751 5538 3770 5562 ‘

422 5586 468 5620 "
502 5589 945 5667 πρδςᾎτὰςημύας
965 5593 1033 5646 τὰ
1067 5592 1193 5667 ζῶα
1210 5596 1275 5659 Α,
1307 5595 1399 5667 qui
1426 5595 1549 5651 add.
1581 5586 1698 5667 {est
1723 5595 1781 5648 δὲ
1809 5594 2025 5667 ἀλογον.
2099 5586 2145 5667 ‘_”
2178 5604 2298 5665 post
2348 5595 2491 5667 μύας
2522 5586 2649 5652 add.
2677 5586 2795 5652 ἐστὶ
2830 5600 2887 5652 δὲ
2917 5600 3114 5667 ἄλογον
3143 5597 3206 5654 Β.
3310 5586 3367 5629 ’ί
3388 5595 3691 5667 καθυγραί-

422 5658 602 5711 νονται
630 5658 691 5712 Β.
765 5660 812 5691 ⁸⁸
841 5662 950 5714 αίτ.
981 5666 1131 5744 τρεῖς
1162 5663 1223 5718 Β.
1262 5658 1267 5659 ί
1318 5658 1367 5698 ⁵⁶
1405 5668 1552 5721 ἀπα)
1568 5664 1730 5718 ιῶντα
1755 5665 1850 5717 καὶ
1883 5658 2048 5734 ἐντυγ
2089 5658 2286 5720 ἀνοντα
2307 5707 2322 5730 ,
2348 5658 2359 5667 ’
2392 5658 2489 5739 ᾷον
2523 5668 2562 5721 Β
2581 5708 2597 5731 ,
2638 5668 2967 5723 ἀπαντῶντα
2998 5658 3128 5740 firo
3177 5666 3472 5739 θραύονται
3499 5658 3582 5730 (ἐξ
3607 5663 3690 5729 ἐξ·

422 5726 560 5779 ωοεν
587 5727 758 5791 αἴτιος
804 5731 1127 5787 ἀπαντωντα
1150 5734 1248 5791 τὴν
1275 5735 1484 5791 ἑαυτῶν
1505 5733 1549 5791 ('t
1570 5731 2026 5791 ιιιὴνθραύονται
2048 5682 2305 5791 ἔεύτερον
2472 5737 2517 5770 ⁸³
2549 5735 2811 5791 δευτέραν
2840 5738 2898 5791 Β.
2976 5740 3023 5773 ⁵⁸
3044 5725 3364 5791 ’πολυγόνων
3391 5736 3452 5791 Β.
3514 5737 3561 5770 ⁸⁷
3598 5735 3690 5791 ότι.

420 5726 560 5779 ωθεν
587 5727 758 5791 αἴτιος
804 5726 1127 5787 ἀπαντῶντα
1150 5734 1248 5805 τὴν
1275 5735 1484 5791 ἑαυτῶν
1505 5733 1549 5792 ('t
1570 5726 2054 5805 ιμὴνθραύονταίέ

420 5794 505 5856 εχ.
577 5798 621 5834 ⁸³
650 5798 709 5853 Β.
739 5798 1074 5856 δυκτυοειδὲς
1103 5803 1165 5856 Β.

2056 5726 2414 5810 ἕεύτερονζΡδ
2472 5737 2517 5770 ⁸³
2549 5726 2811 5810 δευτέραν
2840 5738 2898 5792 Β.
2976 5726 3023 5773 ⁵’⁶
3044 5726 3364 5808 ’πολυγόνων
3391 5736 3452 5792 Β.
3514 5726 3561 5770 ⁸θ

446 5813 505 5868 χ.
577 5813 621 5834 σε·
650 5813 709 5853 ις.
739 5813 1074 5867 ουκτυοειοες
1103 5813 1165 5857 u.
