4138 6456
379 370 514 424 “fil

1637 364 1725 420 DE
1765 364 2060 424 NATURA
2098 363 2405 424 HOMINIS.

3520 372 3665 431 H62

380 507 552 560 ματος
577 527 592 553 ,
634 487 732 541 καὶ
768 485 867 552 τὰς
899 486 1069 550 ἄλλας
1105 485 1461 557 κοιλότητας,
1513 485 1579 549 ἃς
1629 486 1838 549 κοιλίας
1886 487 1972 539 λέ-

2076 487 2324 557 copulas,
2379 494 2433 542 et
2487 487 2860 544 seusoriorum
2907 489 3085 552 sedes,
3133 488 3325 545 oculos
3381 489 3659 559 videlicet,

377 601 539 652 γουσι
561 598 578 614 ο
609 582 705 636 καὶ
733 580 953 651 πνεῦμα
977 579 1213 650 ψυχικὸν
1239 577 1501 649 ψυχικαῖς
1533 579 1840 650 ἐνεργείαις
1868 579 1970 631 ὑπ-

377 674 782 746 ηρετούμενον,
826 672 1058 736 εἰκότως
1082 675 1149 743 τῇ
1180 672 1396 742 κεφαλῇ
1433 671 1621 741 σχῆμα
1647 671 1889 726 τοιοῦτον
1923 672 1969 706 ⁵⁸

375 768 663 833 ὲπλέξατο.
702 768 767 819 Ἥ
802 766 860 820 δὲ
902 765 1067 838 τρίτη
1099 765 1255 819 αἰτία
1297 763 1598 827 Πλάτωνός
1631 765 1750 817 ἐστι
1799 763 1973 833 φλυα-

378 863 470 932 ρία
499 863 557 914 ὲν
577 863 644 933 τῇ
673 859 812 931 πρὸς
843 858 1099 929 Τίμαιον.
1299 857 1438 928 Φησὶ
1487 855 1599 927 γάρ
1633 858 1698 889 ⁸⁸⁸
1745 855 1967 926 Ἐπειδὴ

378 952 608 1025 ἔμελλεν
652 953 687 1023 η
724 951 889 1020 φύσις
947 949 1138 1022 μόριον
1189 949 1368 1002 ποιεῖν
1410 945 1591 1018 ψυχῆς
1634 965 1696 1002 τε
1736 947 1832 1001 καὶ
1873 946 1965 1000 νοῦ

377 1047 719 1118 οἰκητήριον,
762 1044 852 1098 ἵνα
894 1043 971 1115 μὴ
1006 1043 1285 1113 ξενίζηται
1315 1040 1584 1095 κατιοῦσα
1618 1039 1728 1093 ἀπὸ
1767 1038 1968 1094 κυκλο-

374 1140 572 1214 τεροῦς
606 1140 701 1194 τοῦ
731 1137 992 1210 ούρανοῦ,
1018 1137 1100 1199 είς
1134 1135 1392 1204 ἀνόμοιον
1422 1131 1635 1202 οἴκημα
1687 1130 1963 1197 είσιοῦσα,

375 1236 563 1306 ὅμοιον
587 1231 684 1286 τοῦ
710 1229 947 1306 ούρανοῦ
965 1230 1154 1300 σχῆμα
1169 1227 1305 1297 αὐτῇ
1336 1224 1763 1297 κατειργάσατο.
1792 1222 1966 1276 Τοῦτο
1993 1229 1996 1233 ’

375 1327 434 1382 δὲ
461 1327 686 1399 εἴρηκεν
725 1328 754 1380 ὁ
786 1324 1080 1394 φιλόσοφος
1111 1322 1210 1394 τὴν
1245 1317 1668 1391 μετεμψύχωσιν
1696 1314 1965 1387 δογματί-

376 1420 508 1487 ζων,
554 1422 650 1474 καὶ
694 1420 792 1491 τὴν
826 1419 1007 1490 ψυχὴν
1051 1418 1108 1470 ἐν
1154 1414 1232 1485 τῷ
1262 1413 1584 1485 ἡγεμονικῷ
1633 1414 1824 1479 οἰκεῖν,
1871 1409 1965 1463 καὶ

380 1514 458 1586 μὴ
485 1516 542 1568 ὲν
574 1514 682 1584 ὅλῳ
711 1512 790 1582 τῷ
821 1511 1038 1582 σώματι
1072 1508 1358 1580 φλυαρῶν.

2073 592 2256 640 aures,
2310 592 2491 644 nares,
2538 587 2593 632 et
2633 593 2756 648 ttuae
2785 578 2926 634 intra
2969 593 3031 633 os
3085 580 3415 646 consistunt,
3447 583 3517 638 ad
3547 583 3663 640 haec

2073 680 2128 725 et
2181 686 2315 726 cava
2365 687 2489 742 quae
2545 671 2832 727 ventriculi
2882 671 3172 738 dicuntur,
3233 682 3349 728 tum
3405 675 3661 746 spiritum

2075 759 2280 828 ipsum,
2339 760 2434 830 qui
2495 759 2829 816 animalibus
2879 761 3190 819 actionibus
3245 764 3490 832 inservit,
3524 780 3662 821 cou-

2072 853 2310 916 tineret,
2376 851 2538 906 talem
2590 851 2820 921 ﬁguram
2893 853 3073 922 ipsum
3149 855 3399 913 obtinere
3465 858 3666 914 debere

2076 943 2280 1013 optima
2314 943 2529 999 ratione
2557 944 2790 998 censuit.
2827 943 2899 999 At
2928 945 3086 1000 tertia
3125 947 3345 1018 quidem
3373 965 3482 1020 qua
3506 947 3664 1005 Plato

2076 1035 2145 1089 ad
2198 1033 2456 1089 Timaeum
2503 1035 2644 1090 ludit
2673 1035 2815 1089 ratio
2859 1043 2963 1091 est.
2995 1035 3287 1106 Quoniam,
3339 1041 3538 1110 inquit,
3569 1057 3667 1096 na-

2077 1138 2212 1185 turte
2230 1128 2332 1200 ipsi
2356 1145 2489 1186 cura
2513 1128 2818 1184 adhibenda
2845 1128 3026 1186 fuerat
3051 1133 3448 1188 constituenda:
3468 1137 3663 1205 partis,

2083 1224 2138 1279 in
2194 1239 2301 1294 qua
2357 1223 2543 1278 anima
2601 1239 2868 1294 mensque
2918 1227 3196 1296 propriam
3249 1227 3434 1284 sedem
3489 1231 3667 1286 conti-

2077 1325 2270 1380 neret;
2310 1331 2381 1370 ne
2418 1315 2532 1386 ipsa
2583 1331 2613 1370 a
2659 1331 2858 1386 supero
2913 1317 3169 1374 circulari
3228 1319 3438 1376 caelesti
3487 1329 3664 1380 tractu

2078 1407 2146 1462 ad
2198 1405 2458 1461 inferiora
2517 1407 2766 1472 tendens,
2814 1407 3162 1480 peregrinum
3212 1410 3394 1466 locum
3449 1421 3502 1468 et
3559 1414 3667 1471 sibi

2075 1497 2398 1554 dissimilem
2449 1507 2764 1568 occuparet,
2823 1499 3051 1572 ﬁguram
3095 1501 3199 1572 ipsi
3254 1504 3395 1567 oculo
3440 1522 3670 1578 compa-

377 1624 494 1665 rem
540 1605 853 1662 destinavit.
896 1602 1010 1658 Hoc
1063 1610 1243 1658 autem
1309 1598 1669 1671 philosophus
1738 1597 1968 1652 dicendo
2034 1593 2344 1648 animarum
2389 1607 2457 1647 cx
2501 1593 2829 1663 corporibus
2889 1594 2943 1650 in
2983 1611 3215 1667 corpora
3281 1600 3667 1672 migrationem

379 1705 482 1759 hac
526 1701 786 1773 opinione
832 1708 1064 1755 tuetur:
1102 1707 1217 1754 tum
1274 1697 1518 1752 animam
1577 1697 1630 1750 in
1671 1693 1962 1766 principali
2038 1699 2216 1762 parte,
2269 1707 2377 1746 non
2435 1699 2617 1746 autem
2700 1692 2752 1745 in
2796 1701 2912 1746 toto
2953 1709 3186 1764 corpore
3235 1699 3540 1758 consistere
3574 1717 3670 1760 nu-

375 1809 558 1872 gatur,
599 1805 983 1867 argumentum
1026 1811 1276 1855 sumens,
1322 1793 1468 1864 quod
1521 1792 1718 1847 anima:
1747 1791 1960 1862 priores
1994 1787 2318 1897 corporibus
2360 1787 2492 1842 sint.
2835 1885 2845 1896 .
2959 1887 2971 1897 ι
3047 1886 3057 1897 .

463 1893 656 1963 Ἡμεῖς
695 1892 755 1944 δὲ
789 1892 1024 1962 λέγομεν
1056 1891 1137 1944 ὃτι
1172 1889 1504 1960 κυκλοτερὲς
1538 1889 1726 1960 σχῆμα
1776 1887 1838 1941 τὸ
1879 1887 1973 1955 τῆς

2154 1881 2264 1939 Nos
2317 1891 2524 1947 autem,
2587 1893 2750 1954 caput
2800 1885 3091 1942 circularis
3148 1888 3336 1959 ﬁgura:
3371 1907 3480 1946 non
3510 1895 3672 1949 modo

379 1983 625 2052 κεφαλῆς
674 1981 958 2051 ὑπάρχει,
994 1978 1056 2032 οὐ
1108 1973 1270 2049 μόνον
1321 1976 1412 2029 διὰ
1449 1975 1511 2029 τὸ
1557 1975 1866 2047 εὐπρεπές
1903 1972 1974 2026 τά

378 2075 488 2143 γάρ
521 2070 841 2142 σφαιροειδῆ
875 2067 984 2121 τῶν
1017 2065 1309 2138 ἀντρὼδων
1337 2063 1658 2134 οἰκημάτων
1685 2060 1974 2132 κρείττονα

377 2163 488 2218 τῶν
529 2161 675 2217 κατὰ
711 2160 890 2230 μῆκος
915 2160 996 2222 είς
1031 2155 1271 2228 θεωρίαν
1294 2170 1310 2186 ·
1337 2154 1479 2208 ἀλλὰ
1502 2154 1599 2207 καὶ
1625 2151 1719 2205 διὰ
1751 2151 1813 2204 τὸ
1847 2150 1970 2204 κατ’

378 2255 510 2310 εὐθὺ
539 2253 641 2324 τῆς
673 2253 768 2307 τοῦ
799 2251 922 2315 νοὸς
949 2248 1256 2321 ἐνεργείας.
1295 2246 1448 2301 Ἔδει
1474 2247 1586 2317 γάρ
1614 2245 1679 2299 τὸ
1711 2242 1974 2315 ὑπερκεί-

381 2365 544 2418 μενον
572 2346 667 2400 τοῦ
703 2345 960 2416 σώματος
993 2343 1116 2398 ὅλου
1153 2341 1321 2414 μέρος
1351 2338 1688 2409 κυκλοτερές
1713 2354 1772 2391 τε
1803 2332 1968 2402 εἶναι,

380 2440 475 2494 καὶ
505 2439 574 2493 τὰ
603 2438 705 2509 τῆς
737 2438 917 2509 ἀρχῆς
955 2435 1169 2491 ἐκεῖθεν
1202 2431 1576 2505 γνωρίζεσθαι
1596 2449 1610 2463 ο
1647 2431 1735 2483 ἵνα
1781 2427 1972 2500 ὥσπερ

378 2534 607 2604 ἄριστος
634 2531 984 2602 κυϐερνήτης
1010 2530 1038 2581 ὀ
1063 2532 1194 2592 νοῦς
1220 2526 1317 2580 ἐπὶ
1347 2524 1460 2578 τῶν
1487 2525 1692 2579 οἰάκων
1723 2521 1974 2592 καθήμε-

379 2643 470 2689 νος
492 2668 507 2690 ,
539 2623 878 2693 πηδαλιουχῇ
910 2620 971 2674 τὸ
1003 2620 1167 2687 σῶμα
1199 2617 1351 2672 ἆπαν
1386 2616 1481 2670 καὶ
1504 2614 1748 2686 διασώζῃ
1774 2629 1788 2644 ο
1812 2613 1889 2676 ὡς
1914 2611 1975 2676 ἐξ

379 2716 603 2786 ἑτοίμου
650 2713 792 2784 ἔχων
839 2711 936 2766 καὶ
984 2709 1086 2774 τὰς
1125 2709 1446 2780 αίσθήσειςο
1501 2705 1688 2770 καθώς
1739 2720 1906 2775 φησιν
1946 2705 1975 2756 ὀ

383 2809 560 2876 μέγας
598 2805 882 2867 Βασίλειος
932 2802 974 2833 ⁶¹
1003 2820 1018 2834 ο
1080 2820 1098 2853 ι
1154 2802 1306 2854 Ἑκεί
1341 2799 1487 2870 ὄψις,
1545 2799 1640 2852 καὶ
1671 2797 1813 2869 ἀκοὴ
1837 2839 1849 2859 ,
1878 2797 1974 2852 καὶ

376 2898 674 2969 ὄσφρησις,
719 2895 819 2948 καὶ
877 2893 1091 2963 γεῦσις.
1129 2911 1148 2944 ι
1185 2893 1297 2946 Καὶ
1336 2890 1504 2945 πάλιν
1529 2907 1542 2922 ·
1591 2907 1610 2937 ε
1666 2887 1974 2960 Ὀφθαλμοὶ

383 2990 482 3061 μὲν
513 2989 624 3060 γὰρ
645 2987 747 3059 τὴν
778 2985 1128 3058 ὑψηλοτάτην
1161 2984 1398 3038 σκοπιάν
1436 2983 1838 3053 κατειλήφασιν
1859 2999 1873 3012 °
1897 2982 1974 3046 ὡς

298 3076 300 3078 ⁷
381 3082 556 3153 μηδὲν
596 3082 783 3144 αὐτοῖς
810 3079 911 3151 τὴν
935 3079 980 3111 θ’
1022 3077 1134 3132 τῶν
1171 3076 1268 3130 τοῦ
1305 3077 1561 3146 σώματος
1587 3077 1796 3148 μορίων
1821 3075 1972 3129 θέσιν

378 3174 769 3248 ἐπιπροσθεῖν·
803 3171 944 3228 ἀλλὰ
977 3171 1154 3242 μικρᾷ
1178 3187 1285 3224 τινι
1306 3168 1584 3240 προσϐολῇ
1615 3169 1723 3223 τῶν
1747 3167 1974 3239 ὀφρύων

2077 1975 2298 2031 decoris
2351 1977 2524 2046 gratia
2584 1976 2803 2045 (etenim
2847 1977 2900 2032 in
2949 1979 3178 2048 sphaera:
3233 1982 3466 2038 formam
3503 1986 3674 2040 forni-

2077 2068 2213 2115 catze
2269 2062 2412 2116 aedes
2456 2063 2888 2132 conspicatiorcs
2941 2063 2995 2117 in
3058 2065 3282 2137 longum
3337 2073 3672 2128 constructis

2077 2152 2310 2220 aedibus,
2359 2168 2424 2208 ac
2470 2153 2652 2208 visum
2685 2154 2861 2224 magis
2899 2155 3234 2216 obiectantes
3275 2163 3448 2235 sunt),
3483 2165 3580 2220 sed
3611 2175 3674 2221 ut

2079 2245 2279 2302 mentis
2332 2245 2476 2302 actio
2534 2249 2739 2304 rectius
2796 2252 3138 2321 procederet,
3184 2264 3429 2311 creatum
3480 2273 3672 2316 cense-

2078 2363 2223 2403 mus.
2269 2347 2404 2402 Nam
2449 2360 2680 2419 partem,
2717 2367 2841 2422 quae
2884 2353 2937 2407 in
2972 2369 3193 2410 summo
3227 2358 3394 2412 totius
3425 2363 3674 2431 corporis

2079 2439 2377 2495 constituta
2412 2448 2494 2495 est
2551 2453 2606 2496 et
2674 2441 2930 2500 circulari
2983 2446 3156 2517 ﬁgura
3209 2450 3488 2518 praeditam
3549 2469 3674 2510 esse

2079 2531 2342 2600 oportuit,
2391 2539 2446 2584 et
2504 2539 2566 2586 ut
2604 2530 2739 2586 illud
2774 2534 2924 2604 quod
2972 2535 3266 2607 imperium
3307 2539 3521 2597 obtinet
3548 2542 3672 2598 inde

2078 2621 2470 2691 comprehendi
2501 2621 2696 2692 possit,
2729 2639 2838 2695 quo
2874 2641 3030 2682 mens
3059 2628 3177 2697 ipsa
3206 2631 3400 2701 optimi
3439 2635 3674 2692 rectoris

2079 2714 2254 2768 instar
2313 2714 2366 2768 in
2422 2715 2782 2786 gubernaculi
2836 2721 3123 2777 cacumine
3180 2724 3449 2793 residens,
3494 2736 3671 2784 totum

2077 2820 2278 2876 COI‘pUS
2343 2815 2555 2877 regeret
2617 2823 2683 2864 ac
2750 2818 3031 2875 ιυετθίιιν,
3101 2828 3314 2870 11801101]
3371 2825 3426 2872 ΘΙ.
3477 2833 3675 2875 sensus

2079 2897 2230 2966 ipsos
2297 2897 2352 2951 in
2415 2909 2667 2970 promptu
2731 2901 2978 2970 haberet,
3025 2907 3475 2979 quandoquidem
3529 2911 3669 2967 inibi

2078 2987 2333 3054 subinde,
2371 2997 2432 3044 ut
2482 3006 2716 3063 magnus
2746 2992 2984 3051 Basilius
3011 3008 3314 3065 asseverat,
3368 3009 3423 3056 et
3455 3017 3674 3070 sensus,

2079 3089 2139 3136 ut
2175 3080 2352 3150 visus,
2382 3083 2624 3151 auditus,
2655 3084 2890 3144 olfactus
2928 3101 3234 3162 gustusque
3283 3094 3554 3153 locantur.
3591 3099 3674 3154 Ad

2079 3171 2218 3237 tuaac,
2276 3182 2332 3227 et
2378 3175 2524 3230 oculi
2575 3176 2631 3230 in
2661 3177 3107 3246 feminentissima
3149 3196 3323 3254 parte,
3374 3197 3432 3243 ut
3463 3189 3516 3244 in
3547 3207 3675 3261 spe-

377 3266 852 3340 ὁπερκαθήμενοι,
876 3265 943 3318 ἐκ
971 3264 1070 3334 τῆς
1095 3262 1306 3318 ἄνωθεν
1326 3263 1522 3334 ὲξοχῆς
1552 3263 1690 3334 πρὸς
1719 3261 1782 3316 τὸ
1802 3263 1966 3325 εὐθὺς

2076 3264 2197 3320 cula
2245 3267 2430 3322 sedem
2481 3280 2842 3340 occuparunt,
2897 3288 2968 3328 ne
2997 3275 3107 3329 ulla
3150 3252 3402 3349 corporis
3435 3285 3675 3352 partium

378 3358 844 3414 ἀποτείνονται⁶³.
882 3375 901 3408 ι
931 3356 1043 3410 Καὶ
1071 3354 1247 3410 ταῦτα
1283 3355 1383 3425 μὲν
1414 3354 1544 3424 περὶ
1572 3356 1672 3425 τῆς
1699 3355 1964 3425 κεφαλῆς.

2079 3357 2214 3426 ipsis
2267 3374 2334 3413 ex
2382 3361 2612 3416 adverso
2662 3378 2782 3419 sese
2832 3365 3117 3434 obiiceret,
3192 3372 3287 3426 sed
3340 3373 3451 3445 58
3503 3392 3676 3446 pravo

377 3455 616 3525 quodam
670 3464 934 3521 genarum
1000 3447 1222 3518 obiectu
1285 3448 1657 3513 imminentes,
1744 3464 1774 3503 a
1833 3447 2103 3518 superiori
2161 3452 2460 3508 eminentia
2512 3454 2578 3509 ad
2633 3463 2843 3510 rectum
2921 3458 3252 3529 dirigantur.
3311 3462 3379 3518 Et
3441 3467 3555 3525 haec
3605 3469 3674 3525 de

375 3544 560 3614 capite
593 3542 802 3598 dixisse
849 3539 1110 3596 sufﬁciat.

592 3655 737 3720 Κεφ.
791 3652 867 3705 B'.
905 3681 974 3692 -—
1010 3648 1153 3719 Περὶ
1197 3649 1316 3703 τῶν
1387 3650 1734 3722 ὀφθαλμῶν.

462 3766 618 3820 Ἐπεὶ
653 3765 712 3818 δὲ
738 3765 950 3832 ἔξεστιν
973 3765 1106 3836 ἡμῖν
1141 3765 1285 3820 κατὰ
1332 3767 1442 3820 πᾶν
1471 3767 1630 3839 ἡμῶν
1676 3769 1836 3839 μέλος
1866 3769 1964 3824 τοῦ

375 3858 714 3934 δημιουργοῦ
771 3856 909 3912 Θεοῦ
964 3860 1066 3929 τὴν
1118 3857 1344 3912 σύνεσιν
1399 3859 1808 3932 ἐκπλήττεσθαι
1869 3864 1966 3917 καὶ

375 3948 707 4023 θαυμάζειν,
763 3949 999 4020 ετδωμεν
1030 3948 1075 3982 ⁸⁸
1107 3950 1248 4021 μετὰ
1294 3949 1395 4020 τὴν
1448 3952 1695 4025 κεφαλὴν
1721 3955 1816 4007 καὶ
1865 3954 1967 4018 τὰς

375 4043 485 4098 τών
510 4041 812 4112 ὀφθαλμῶν
839 4039 1142 4107 συνθέσεις,
1172 4041 1269 4095 καὶ
1292 4042 1603 4112 ἐνεργείας,
1631 4044 1726 4097 καὶ
1750 4044 1965 4116 χρείας,

377 4134 474 4191 καὶ
504 4134 828 4204 ὀνομασίας,
865 4133 961 4187 καὶ
1003 4135 1096 4188 τὸν
1139 4134 1380 4207 ἀριθμὸν
1408 4135 1520 4188 τῶν
1554 4137 1822 4208 χιτώνων,
1874 4139 1970 4194 καὶ

376 4228 486 4282 τῶν
515 4227 700 4298 ὑγρῶν
728 4226 830 4298 τὴν
881 4227 1184 4298 ποσότητα,
1220 4229 1316 4282 καὶ
1360 4229 1429 4282 τά
1473 4230 1754 4295 ούσιωδῶς
1789 4233 1971 4305 ὑπάρ-

377 4331 543 4386 χοντα
573 4314 652 4386 τῷ
684 4315 975 4388 ὀφθαλμῷ,
1009 4316 1105 4370 καὶ
1146 4316 1218 4371 τὰ
1260 4319 1401 4373 κατὰ
1435 4320 1786 4393 συμϐεϐηκὸς
1819 4325 1969 4396 αὐτῷ

378 4405 813 4476 προσγινόμενα.
842 4406 1137 4470 Οὐσιωδῶς
1167 4407 1212 4440 ⁸⁵
1247 4408 1348 4479 μὲν
1391 4403 1485 4463 οὖν
1535 4409 1703 4464 αὐτοῦ
1747 4412 1898 4465 ἐστιν
1930 4415 1964 4486 η

2536 3658 2667 3730 Cap.
2714 3659 2778 3714 ll.
2809 3692 2877 3703 --
2913 3662 2990 3717 De
3024 3665 3214 3722 oculis.

2146 3769 2422 3835 Quoniam
2489 3771 2809 3842 singillatim
2871 3777 3154 3846 quodlibet
3193 3781 3442 3851 corporis
3493 3799 3670 3841 mem-

2073 3859 2232 3916 brum
2289 3862 2660 3931 recensendo,
2694 3866 3038 3936 prudentiam
3066 3871 3333 3928 creatoris
3371 3875 3548 3930 nostri
3574 3875 3670 3933 Dei

2072 3965 2297 4028 stupore
2361 3959 2838 4034 admirationeque
2901 3966 3160 4038 prosequi
3229 3968 3429 4026 merito
3477 3970 3669 4039 decet,

2071 4066 2198 4108 cum
2243 4053 2358 4123 jam
2386 4055 2454 4111 de
2491 4056 2668 4127 capite
2695 4057 3090 4127 deﬁnierimus,
3124 4070 3180 4118 et
3209 4063 3492 4120 oculorum
3519 4081 3672 4123 com-

2073 4144 2428 4216 positionem,
2464 4149 2839 4220 actionesque,
2875 4161 3042 4223 atque
3087 4169 3245 4221 usus,
3273 4164 3328 4212 et
3353 4158 3668 4227 appellatio-

2074 4253 2194 4304 nes,
2239 4254 2455 4296 necnon
2496 4243 2869 4300 tunicularum
2904 4261 3217 4316 numerum,
3250 4249 3319 4306 ad
3351 4251 3468 4307 haec
3484 4261 3540 4308 et
3565 4252 3672 4308 bu-

2076 4348 2292 4387 morum
2340 4335 2711 4406 quantitates;
2755 4349 3040 4410 praeterea,
3077 4358 3330 4414 quaenam
3378 4345 3492 4403 sint
3547 4364 3671 4418 qua

2076 4425 2238 4480 oculo
2260 4426 2640 4483 substantialia
2667 4429 2878 4499 insunt;
2906 4433 3152 4502 demum,
3185 4437 3424 4509 quaeipsi
3449 4439 3672 4497 evenire

376 4501 578 4570 κρᾶσις
610 4499 859 4572 ψυχράἢ
907 4501 1111 4574 θερμὴ,
1143 4501 1286 4574 ξηρὰ
1331 4503 1364 4575 ἢ
1397 4504 1564 4575 ὑγρά.
1599 4506 1712 4560 Καὶ
1759 4508 1818 4561 ἐν
1852 4511 1969 4574 τοῖς

2076 4533 2172 4588 per
2198 4521 2456 4578 accidens
2509 4523 2706 4591 solent,
2769 4527 3046 4598 explicare
3097 4499 3499 4602 aggrediemur.
3529 4531 3672 4591 Nam

376 4591 772 4664 ὀμοιομερέσιν
800 4595 970 4649 αὐτοῦ
1006 4595 1311 4668 μαλακὺνῆ
1341 4598 1602 4670 σκληρὸν,
1637 4599 1701 4653 τὸ
1745 4602 1968 4672 εύκίνη-

375 4701 468 4739 τον
503 4686 536 4756 ἦ
572 4685 916 4757 δυσκίνητον.
966 4690 1056 4742 Ἐν
1084 4689 1192 4761 ὅλῳ
1238 4689 1297 4744 δὲ
1355 4691 1433 4763 τῷ
1488 4694 1708 4764 ὀργάνῳ
1752 4697 1785 4765 ἠ
1825 4695 1972 4750 κατὰ

381 4777 616 4847 μέγεθος
644 4781 945 4853 ἀμετρίαῆ
975 4784 1297 4855 συμμετρία
1324 4800 1338 4815 '
1383 4787 1416 4855 ἡ
1451 4787 1496 4818 ⁶⁶
1524 4786 1670 4841 κατὰ
1711 4788 1814 4860 τὴν
1852 4789 1970 4844 διά-

377 4866 580 4922 πλασιν
601 4869 770 4923 αὑτοῦ
803 4872 1078 4944 εὐρυθμία
1127 4875 1223 4927 καὶ
1263 4876 1515 4948 ἁρυθμία
1550 4880 1593 4911 ⁸⁷
1624 4897 1638 4911 ο
1690 4881 1786 4935 καὶ
1832 4883 1971 4954 πρὸς

375 4959 592 5027 τούτοις
619 4962 730 5017 τῶν
769 4965 1065 5037 ἐνεργειῶν
1100 4968 1272 5040 ἀρετή
1309 4987 1367 5023 τε
1395 4970 1490 5024 καὶ
1522 4972 1714 5027 κακία.

2077 4609 2198 4680 ejus
2243 4611 2666 4684 substantialia,
2727 4625 3220 4690 temperamentum
3272 4622 3531 4696 frigidum
3575 4637 3674 4683 aut

2077 4704 2352 4770 calidum,
2388 4705 2596 4762 siccum
2644 4709 2728 4765 vel
2775 4711 3058 4769 humidum
3099 4714 3392 4774 habentur.
3447 4721 3520 4775 At
3550 4720 3672 4792 ejus

2078 4796 2346 4853 similaria
2367 4837 2382 4864 ,
2415 4799 2582 4857 molle
2609 4803 2695 4856 vel
2754 4804 2956 4860 durum
2979 4848 2995 4874 ,
3039 4815 3135 4863 aut
3202 4810 3352 4880 quod
3395 4809 3556 4866 facile
3587 4813 3674 4868 vel

2077 4889 2366 4946 diﬁiculter
2405 4903 2678 4962 movetur,
2735 4895 2992 4955 dicimus.
3058 4901 3117 4954 ln
3175 4911 3293 4957 toto
3347 4917 3479 4958 vero
3525 4904 3672 4960 oculi

2078 4982 2448 5041 instrumento
2479 4987 2583 5043 hoc
2629 4990 3090 5049 considerandum
3116 5002 3222 5059 est,
3270 4995 3314 5050 si
3351 4997 3670 5067 magnitudo

375 5058 676 5111 excesserit
722 5058 806 5112 vel
852 5059 1135 5115 moderata
1186 5059 1386 5129 fuerit;
1435 5064 1482 5120 si
1515 5080 1638 5119 cum
1677 5065 1971 5136 formatur,
2012 5070 2069 5127 in
2104 5074 2220 5144 ipsa
2269 5077 2413 5133 oculi
2478 5081 2878 5140 constitutione
2943 5087 3291 5145 concinnitas
3323 5089 3672 5146 inconcinni-

376 5160 530 5210 tasve
564 5155 857 5211 exstiterit.
907 5154 1040 5210 Item
1065 5196 1080 5223 ,
1117 5158 1162 5213 si
1218 5159 1466 5215 actiones
1505 5161 1628 5230 ejus
1686 5177 1969 5234 perperam
2009 5169 2092 5225 vel
2124 5182 2270 5227 recte
2305 5174 2639 5246 diriguntur.

446 5246 912 5313 Διαγινὼσκονται
941 5249 998 5302 δὲ
1015 5251 1065 5302 εί
1095 5249 1288 5321 θερμοί
1309 5253 1447 5305 εἰσιν
1468 5252 1502 5323 ἢ
1526 5253 1748 5325 ψυχροὶ,
1767 5257 1962 5322 οὕτως·

378 5333 444 5385 Ei
478 5336 576 5402 μὲν
605 5337 715 5406 γὰρ
746 5337 1024 5410 θερμότης
1121 5342 1165 5374 ⁸⁸
1197 5343 1255 5394 ὲν
1287 5343 1500 5407 αὐτοῖς,
1543 5345 1875 5415 εύρύφλεϐοι
1915 5350 1965 5402 oi

375 5422 608 5478 τοιοῦτοι
646 5425 711 5494 θ’,
753 5429 845 5481 καὶ
881 5431 1124 5501 φανερὰς
1154 5433 1326 5496 αὑτάς
1357 5433 1575 5505 ἔχουσιν
1603 5453 1618 5468 ο
1672 5440 1721 5490 εί
1759 5438 1817 5491 δὲ
1856 5440 1952 5510 ψυ-

429 5625 476 5707 σξ
503 5622 566 5707 τὸ
584 5623 828 5679 τοιοῦτον
855 5627 914 5682 Β.
957 5628 1002 5660 ⁸ο
1027 5629 1250 5702 καὶγὰρ
1281 5633 1337 5684 ὲν
1370 5632 1448 5703 τῷ
1488 5652 1548 5687 π.
1580 5633 1645 5688 Τ.
1673 5636 1822 5707 φησὶ⁸
1848 5637 1911 5691 Β.
1945 5639 2051 5707 φλυ

337 5723 345 5729 -
375 5696 470 5764 qui
503 5694 555 5775 i_r_i
590 5707 737 5775 textu
763 5710 962 5775 caetera
993 5715 1102 5754 om.
1153 5694 1327 5775 usque
1351 5694 1430 5775 ad
1465 5707 1626 5759 verba
1667 5694 1862 5775 Ἡμεῖς
1889 5694 2035 5763 δὲ’λὲ

377 5765 605 5841 ειμιβ.-
656 5766 1064 5841 _“_posteriora
1117 5787 1182 5826 ex
1240 5765 1375 5826 ἆλλὰ
1435 5790 1603 5841 usque
1667 5765 1750 5830 ad.
1793 5765 1973 5832 ἀποτει

2076 5800 2174 5835 ’ται
2218 5799 2327 5837 0m.
2372 5765 2508 5841 ArC.

381 5834 428 5871 “
455 5836 550 5892 καὶ
583 5838 614 5907 ἡ
655 5835 696 5890 Β
724 5834 786 5896 Ρ.
865 5841 907 5872 ⁸⁷
963 5839 1082 5910 εὕρ.
1115 5841 1148 5912 ἢ
1201 5834 1535 5915 δυσρυθμξαξ
1613 5848 1658 5879 ⁸³
1691 5850 1773 5919 εἴη
1828 5850 1867 5900 Β
1897 5851 1954 5904 Ρ.
2035 5853 2077 5884 ⁶⁹
2099 5834 2341 5910 τοιοῦτο-ί
2372 5834 2516 5910 ἶῐσῖν
2548 5857 2610 5911 Β.

2056 5641 2187 5712 αρία
2209 5643 2281 5728 ἐκ
2314 5645 2409 5728 τοῦ
2443 5647 2826 5728 προῦπᾲρ-χειν
2846 5651 2945 5728 τάς
2982 5651 3162 5728 diali;
3181 5653 3579 5728 λαμϐανομένη
3613 5658 3655 5714 Ρ

2040 5727 2096 5779 γ.
2209 5715 2252 5745 ⁶¹
2289 5732 2344 5768 κ.
2373 5718 2401 5788 ὀ
2435 5715 2497 5788 μγ.
2534 5715 2842 5788 φησί’Βασ.
2877 5715 2938 5776 Β.

2149 5261 2346 5319 Utrum
2371 5267 2562 5324 calidae
2582 5271 2867 5340 qualitatis
2896 5280 2992 5328 aut
3026 5272 3238 5345 frigidae
3271 5277 3415 5332 oculi
3441 5275 3666 5346 fuerint,

2079 5353 2186 5410 hoc
2237 5367 2400 5426 pacto
2456 5361 2854 5430 deprehendes.
2917 5364 3022 5432 Qui
3086 5367 3231 5422 enim
3293 5369 3456 5425 calidi
3505 5378 3672 5438 sunt,

2073 5445 2297 5504 latiores
2346 5458 2401 5505 et
2458 5454 2859 5523 perspectiores
2914 5472 3037 5527 qum
3083 5457 3138 5512 in
3175 5459 3308 5530 ipsis
3343 5470 3472 5518 sunt
3522 5477 3677 5519 vente

2611 5788 2656 5820 “
2687 5789 2900 5862 ἴδωμεν
2929 5793 2989 5850 C.
3098 5795 3142 5828 ⁸³
3164 5788 3442 5872 ὀὺσιὼδης
3478 5798 3519 5854 Β
3543 5799 3581 5854 C
3609 5797 3675 5856 Ρ.

3037 5725 3081 5757 ⁸⁸
3108 5724 3210 5796 τὴν
3259 5724 3313 5781 et
3363 5724 3484 5783 mdx
3522 5724 3677 5783 θέσιν
3760 5770 3765 5776 .
