  <div class='ocr_page' id='page_1' title='image "/cluster/home/n/w/nwhite01/storage/ocr_20150623/64:no.13/coo.31924054869643/623.png"; bbox 0 0 4138 6506; ppageno 0'>
   <div class='ocr_carea' id='block_1_1' title="bbox 509 363 3769 441">
    <p class='ocr_par' dir='ltr' id='par_1_1' title="bbox 509 363 3769 441">
     <span class='ocr_line' id='line_1_1' title="bbox 509 363 3769 441; baseline 0.003 -22"><span class='ocrx_word' id='word_1_1' title='bbox 509 365 648 419; x_wconf 64' lang='lat' dir='ltr'><strong>“tif;</strong></span> <span class='ocrx_word' id='word_1_2' title='bbox 1828 363 2107 422; x_wconf 79' lang='lat' dir='ltr'><strong>MELETII</strong></span> <span class='ocrx_word' id='word_1_3' title='bbox 2150 364 2458 423; x_wconf 78' lang='lat' dir='ltr'><strong>MONACHI</strong></span> <span class='ocrx_word' id='word_1_4' title='bbox 3632 386 3769 441; x_wconf 60' lang='lat' dir='ltr'><strong>Hc;</strong></span> 
     </span>
    </p>
   </div>
   <div class='ocr_carea' id='block_1_2' title="bbox 501 476 2041 568">
    <p class='ocr_par' dir='ltr' id='par_1_2' title="bbox 501 476 2033 549">
     <span class='ocr_line' id='line_1_2' title="bbox 501 476 2033 549; baseline 0 -15"><span class='ocrx_word' id='word_1_5' title='bbox 501 488 848 541; x_wconf 85' lang='lat' dir='ltr'><strong>cernuntur;</strong></span> <span class='ocrx_word' id='word_1_6' title='bbox 899 477 989 547; x_wconf 88' lang='lat' dir='ltr'><strong>qui</strong></span> <span class='ocrx_word' id='word_1_7' title='bbox 1038 492 1165 532; x_wconf 82' lang='lat' dir='ltr'><strong>vero</strong></span> <span class='ocrx_word' id='word_1_8' title='bbox 1216 476 1394 549; x_wconf 76' lang='lat' dir='ltr'><strong>frigidi</strong></span> <span class='ocrx_word' id='word_1_9' title='bbox 1431 487 1590 544; x_wconf 88' lang='lat' dir='ltr'><strong>sunt,</strong></span> <span class='ocrx_word' id='word_1_10' title='bbox 1651 494 1800 534; x_wconf 78' lang='lat' dir='ltr'><strong>vena:</strong></span> <span class='ocrx_word' id='word_1_11' title='bbox 1845 481 1896 534; x_wconf 90' lang='lat' dir='ltr'><strong>in</strong></span> <span class='ocrx_word' id='word_1_12' title='bbox 1951 480 2033 549; x_wconf 90' lang='lat' dir='ltr'><strong>ips</strong></span> 
     </span>
    </p>
   </div>
   <div class='ocr_carea' id='block_1_3' title="bbox 2144 476 3772 568">
    <p class='ocr_par' dir='ltr' id='par_1_3' title="bbox 2144 480 3772 568">
     <span class='ocr_line' id='line_1_3' title="bbox 2144 480 3772 568; baseline 0.012 -36"><span class='ocrx_word' id='word_1_13' title='bbox 2144 480 2412 551; x_wconf 56' lang='grc' dir='ltr'>λχρότης,</span> <span class='ocrx_word' id='word_1_14' title='bbox 2457 481 2518 535; x_wconf 79' lang='grc' dir='ltr'><strong>οὐ</strong></span> <span class='ocrx_word' id='word_1_15' title='bbox 2573 483 2835 554; x_wconf 76' lang='grc' dir='ltr'>φανεράς,</span> <span class='ocrx_word' id='word_1_16' title='bbox 2893 485 3027 540; x_wconf 82' lang='grc' dir='ltr'>ἀλλὰ</span> <span class='ocrx_word' id='word_1_17' title='bbox 3069 493 3427 563; x_wconf 76' lang='grc' dir='ltr'>κερυμμένας</span> <span class='ocrx_word' id='word_1_18' title='bbox 3455 495 3521 550; x_wconf 75' lang='grc'><strong>⁷⁸.</strong></span> <span class='ocrx_word' id='word_1_19' title='bbox 3571 497 3681 568; x_wconf 82' lang='grc' dir='ltr'>Τὴν</span> <span class='ocrx_word' id='word_1_20' title='bbox 3713 500 3772 552; x_wconf 75' lang='lat'><strong>66</strong></span> 
     </span>
    </p>
   </div>
   <div class='ocr_carea' id='block_1_4' title="bbox 501 569 2041 656">
    <p class='ocr_par' dir='ltr' id='par_1_4' title="bbox 501 569 2041 641">
     <span class='ocr_line' id='line_1_4' title="bbox 501 569 2041 641; baseline 0.001 -15"><span class='ocrx_word' id='word_1_21' title='bbox 501 572 869 632; x_wconf 75' lang='lat' dir='ltr'><strong>occultantur,</strong></span> <span class='ocrx_word' id='word_1_22' title='bbox 907 584 969 623; x_wconf 87' lang='lat' dir='ltr'><strong>ac</strong></span> <span class='ocrx_word' id='word_1_23' title='bbox 1009 569 1199 624; x_wconf 90' lang='lat' dir='ltr'><strong>latent.</strong></span> <span class='ocrx_word' id='word_1_24' title='bbox 1235 573 1302 623; x_wconf 88' lang='lat' dir='ltr'><strong>At</strong></span> <span class='ocrx_word' id='word_1_25' title='bbox 1339 569 1602 625; x_wconf 87' lang='lat' dir='ltr'><strong>siccitatis</strong></span> <span class='ocrx_word' id='word_1_26' title='bbox 1637 570 2041 641; x_wconf 81' lang='lat' dir='ltr'><strong>humiditatisqt</strong></span> 
     </span>
    </p>
   </div>
   <div class='ocr_carea' id='block_1_5' title="bbox 2144 569 3772 656">
    <p class='ocr_par' dir='ltr' id='par_1_5' title="bbox 2194 570 3772 656">
     <span class='ocr_line' id='line_1_5' title="bbox 2194 570 3772 656; baseline 0.012 -32"><span class='ocrx_word' id='word_1_27' title='bbox 2194 570 2467 643; x_wconf 82' lang='grc' dir='ltr'>ξηρότητα</span> <span class='ocrx_word' id='word_1_28' title='bbox 2523 574 2633 627; x_wconf 84' lang='grc' dir='ltr'>τῶν</span> <span class='ocrx_word' id='word_1_29' title='bbox 2666 575 2964 646; x_wconf 80' lang='grc' dir='ltr'><strong>ὀφθαλμῶν</strong></span> <span class='ocrx_word' id='word_1_30' title='bbox 3020 581 3114 633; x_wconf 74' lang='grc' dir='ltr'>καὶ</span> <span class='ocrx_word' id='word_1_31' title='bbox 3171 582 3452 655; x_wconf 76' lang='grc' dir='ltr'><strong>ὑγρότητα</strong></span> <span class='ocrx_word' id='word_1_32' title='bbox 3473 587 3772 656; x_wconf 66' lang='grc' dir='ltr'>διαγνωσότ</span> 
     </span>
    </p>
   </div>
   <div class='ocr_carea' id='block_1_6' title="bbox 500 661 2041 748">
    <p class='ocr_par' dir='ltr' id='par_1_6' title="bbox 500 661 2041 732">
     <span class='ocr_line' id='line_1_6' title="bbox 500 661 2041 732; baseline 0.001 -12"><span class='ocrx_word' id='word_1_33' title='bbox 500 680 692 720; x_wconf 86' lang='lat' dir='ltr'><strong>eorum</strong></span> <span class='ocrx_word' id='word_1_34' title='bbox 740 664 938 718; x_wconf 83' lang='lat' dir='ltr'><strong>indicia</strong></span> <span class='ocrx_word' id='word_1_35' title='bbox 986 663 1058 716; x_wconf 88' lang='lat' dir='ltr'><strong>ita</strong></span> <span class='ocrx_word' id='word_1_36' title='bbox 1107 661 1622 732; x_wconf 87' lang='lat' dir='ltr'><strong>deprehenduntur,</strong></span> <span class='ocrx_word' id='word_1_37' title='bbox 1667 677 1790 718; x_wconf 91' lang='lat' dir='ltr'><strong>cum</strong></span> <span class='ocrx_word' id='word_1_38' title='bbox 1857 665 2041 722; x_wconf 77' lang='lat' dir='ltr'><strong>duritit</strong></span> 
     </span>
    </p>
   </div>
   <div class='ocr_carea' id='block_1_7' title="bbox 2144 661 3775 748">
    <p class='ocr_par' dir='ltr' id='par_1_7' title="bbox 2193 663 3775 748">
     <span class='ocr_line' id='line_1_7' title="bbox 2193 663 3775 748; baseline 0.011 -34"><span class='ocrx_word' id='word_1_39' title='bbox 2193 663 2335 732; x_wconf 88' lang='grc' dir='ltr'>μεθα</span> <span class='ocrx_word' id='word_1_40' title='bbox 2382 665 2493 718; x_wconf 82' lang='grc' dir='ltr'><strong>ἀπό</strong></span> <span class='ocrx_word' id='word_1_41' title='bbox 2520 682 2579 719; x_wconf 88' lang='grc' dir='ltr'><strong>τε</strong></span> <span class='ocrx_word' id='word_1_42' title='bbox 2617 666 2713 719; x_wconf 80' lang='grc' dir='ltr'>τοῦ</span> <span class='ocrx_word' id='word_1_43' title='bbox 2747 668 2986 739; x_wconf 68' lang='grc' dir='ltr'>σκληρδν</span> <span class='ocrx_word' id='word_1_44' title='bbox 3037 672 3067 742; x_wconf 82' lang='grc' dir='ltr'><strong>ἢ</strong></span> <span class='ocrx_word' id='word_1_45' title='bbox 3106 673 3417 744; x_wconf 75' lang='grc' dir='ltr'>αὐχμηρὸν,</span> <span class='ocrx_word' id='word_1_46' title='bbox 3456 676 3488 748; x_wconf 70' lang='grc' dir='ltr'>ἦ</span> <span class='ocrx_word' id='word_1_47' title='bbox 3524 679 3775 748; x_wconf 83' lang='grc' dir='ltr'>μαλακόν</span> 
     </span>
    </p>
   </div>
   <div class='ocr_carea' id='block_1_8' title="bbox 503 753 2041 840">
    <p class='ocr_par' dir='ltr' id='par_1_8' title="bbox 503 753 2041 816">
     <span class='ocr_line' id='line_1_8' title="bbox 503 753 2041 816; baseline -0.001 -6"><span class='ocrx_word' id='word_1_48' title='bbox 503 759 555 812; x_wconf 89' lang='lat' dir='ltr'><strong>in</strong></span> <span class='ocrx_word' id='word_1_49' title='bbox 614 758 695 810; x_wconf 90' lang='lat' dir='ltr'><strong>eis</strong></span> <span class='ocrx_word' id='word_1_50' title='bbox 753 755 834 810; x_wconf 79' lang='lat' dir='ltr'><strong>vel</strong></span> <span class='ocrx_word' id='word_1_51' title='bbox 900 754 1165 816; x_wconf 87' lang='lat' dir='ltr'><strong>ariditas,</strong></span> <span class='ocrx_word' id='word_1_52' title='bbox 1229 768 1294 808; x_wconf 93' lang='lat' dir='ltr'><strong>ac</strong></span> <span class='ocrx_word' id='word_1_53' title='bbox 1350 753 1607 809; x_wconf 90' lang='lat' dir='ltr'><strong>mollities</strong></span> <span class='ocrx_word' id='word_1_54' title='bbox 1659 769 1724 809; x_wconf 89' lang='lat' dir='ltr'><strong>ac</strong></span> <span class='ocrx_word' id='word_1_55' title='bbox 1787 754 2041 811; x_wconf 73' lang='lat' dir='ltr'><strong>humiditz</strong></span> 
     </span>
    </p>
   </div>
   <div class='ocr_carea' id='block_1_9' title="bbox 2144 753 3772 840">
    <p class='ocr_par' dir='ltr' id='par_1_9' title="bbox 2187 755 3772 840">
     <span class='ocr_line' id='line_1_9' title="bbox 2187 755 3772 840; baseline 0.011 -35"><span class='ocrx_word' id='word_1_56' title='bbox 2187 769 2247 806; x_wconf 86' lang='grc' dir='ltr'><strong>τε</strong></span> <span class='ocrx_word' id='word_1_57' title='bbox 2281 755 2373 808; x_wconf 80' lang='grc' dir='ltr'><strong>καὶ</strong></span> <span class='ocrx_word' id='word_1_58' title='bbox 2408 756 2575 826; x_wconf 78' lang='grc' dir='ltr'>ὑγρὸν</span> <span class='ocrx_word' id='word_1_59' title='bbox 2616 757 2758 811; x_wconf 80' lang='grc' dir='ltr'>εἶναι</span> <span class='ocrx_word' id='word_1_60' title='bbox 2792 759 2885 811; x_wconf 80' lang='grc' dir='ltr'><strong>τὸν</strong></span> <span class='ocrx_word' id='word_1_61' title='bbox 2915 759 3199 832; x_wconf 77' lang='grc' dir='ltr'>ὀφθαλμόν</span> <span class='ocrx_word' id='word_1_62' title='bbox 3221 782 3232 794; x_wconf 93' lang='grc'><strong>·</strong></span> <span class='ocrx_word' id='word_1_63' title='bbox 3263 768 3356 818; x_wconf 78' lang='grc' dir='ltr'><strong>καὶ</strong></span> <span class='ocrx_word' id='word_1_64' title='bbox 3382 768 3409 820; x_wconf 88' lang='lat'><strong>6</strong></span> <span class='ocrx_word' id='word_1_65' title='bbox 3453 768 3551 835; x_wconf 82' lang='grc' dir='ltr'><strong>μὲν</strong></span> <span class='ocrx_word' id='word_1_66' title='bbox 3600 769 3772 840; x_wconf 68' lang='grc' dir='ltr'>ὑγρὸς</span> 
     </span>
    </p>
   </div>
   <div class='ocr_carea' id='block_1_10' title="bbox 501 843 2041 930">
    <p class='ocr_par' dir='ltr' id='par_1_10' title="bbox 501 843 2041 918">
     <span class='ocr_line' id='line_1_10' title="bbox 501 843 2041 918; baseline 0.001 -19"><span class='ocrx_word' id='word_1_67' title='bbox 501 846 802 918; x_wconf 73' lang='lat' dir='ltr'><strong>perspicua:</strong></span> <span class='ocrx_word' id='word_1_68' title='bbox 833 845 1007 907; x_wconf 79' lang='lat' dir='ltr'><strong>fiunt;</strong></span> <span class='ocrx_word' id='word_1_69' title='bbox 1061 859 1247 898; x_wconf 88' lang='lat' dir='ltr'><strong>verum</strong></span> <span class='ocrx_word' id='word_1_70' title='bbox 1294 843 1485 898; x_wconf 89' lang='lat' dir='ltr'><strong>molles</strong></span> <span class='ocrx_word' id='word_1_71' title='bbox 1547 844 1909 916; x_wconf 83' lang='lat' dir='ltr'><strong>hutnidosque</strong></span> <span class='ocrx_word' id='word_1_72' title='bbox 1951 860 2041 901; x_wconf 78' lang='grc' dir='ltr'><strong>θοι</strong></span> 
     </span>
    </p>
   </div>
   <div class='ocr_carea' id='block_1_11' title="bbox 2144 843 3774 930">
    <p class='ocr_par' dir='ltr' id='par_1_11' title="bbox 2187 847 3774 930">
     <span class='ocr_line' id='line_1_11' title="bbox 2187 847 3774 930; baseline 0.009 -33"><span class='ocrx_word' id='word_1_73' title='bbox 2187 847 2282 898; x_wconf 80' lang='grc' dir='ltr'>καὶ</span> <span class='ocrx_word' id='word_1_74' title='bbox 2308 847 2337 897; x_wconf 99' lang='lat'><strong>6</strong></span> <span class='ocrx_word' id='word_1_75' title='bbox 2362 847 2404 877; x_wconf 79' lang='grc'>⁷⁸</span> <span class='ocrx_word' id='word_1_76' title='bbox 2441 848 2686 917; x_wconf 88' lang='grc' dir='ltr'>μαλακὸς</span> <span class='ocrx_word' id='word_1_77' title='bbox 2735 849 3134 919; x_wconf 79' lang='grc' dir='ltr'>εὐδιάγνωστὸς</span> <span class='ocrx_word' id='word_1_78' title='bbox 3161 855 3310 907; x_wconf 81' lang='grc' dir='ltr'>ἐστιν</span> <span class='ocrx_word' id='word_1_79' title='bbox 3341 872 3353 884; x_wconf 90' lang='grc'><strong>·</strong></span> <span class='ocrx_word' id='word_1_80' title='bbox 3385 859 3413 910; x_wconf 91' lang='lat'><strong>6</strong></span> <span class='ocrx_word' id='word_1_81' title='bbox 3446 858 3502 910; x_wconf 90' lang='lat'><strong>66</strong></span> <span class='ocrx_word' id='word_1_82' title='bbox 3533 861 3774 930; x_wconf 74' lang='grc' dir='ltr'>σκληρὸς</span> 
     </span>
    </p>
   </div>
   <div class='ocr_carea' id='block_1_12' title="bbox 499 937 2041 1020">
    <p class='ocr_par' dir='ltr' id='par_1_12' title="bbox 499 937 2041 1006">
     <span class='ocr_line' id='line_1_12' title="bbox 499 937 2041 1006; baseline 0.003 -14"><span class='ocrx_word' id='word_1_83' title='bbox 499 941 583 994; x_wconf 84' lang='lat' dir='ltr'><strong>lns</strong></span> <span class='ocrx_word' id='word_1_84' title='bbox 648 938 805 992; x_wconf 89' lang='lat' dir='ltr'><strong>facile</strong></span> <span class='ocrx_word' id='word_1_85' title='bbox 864 949 1200 1006; x_wconf 77' lang='lat' dir='ltr'><strong>cognosces,</strong></span> <span class='ocrx_word' id='word_1_86' title='bbox 1264 945 1316 990; x_wconf 90' lang='lat' dir='ltr'><strong>at</strong></span> <span class='ocrx_word' id='word_1_87' title='bbox 1385 937 1554 993; x_wconf 91' lang='lat' dir='ltr'><strong>duros</strong></span> <span class='ocrx_word' id='word_1_88' title='bbox 1618 947 1673 993; x_wconf 92' lang='lat' dir='ltr'><strong>et</strong></span> <span class='ocrx_word' id='word_1_89' title='bbox 1728 940 1911 996; x_wconf 88' lang='lat' dir='ltr'><strong>aridos</strong></span> <span class='ocrx_word' id='word_1_90' title='bbox 1972 957 2041 996; x_wconf 94' lang='lat' dir='ltr'><strong>no</strong></span> 
     </span>
    </p>
   </div>
   <div class='ocr_carea' id='block_1_13' title="bbox 2144 937 3770 1020">
    <p class='ocr_par' dir='ltr' id='par_1_13' title="bbox 2187 938 3770 1020">
     <span class='ocr_line' id='line_1_13' title="bbox 2187 938 3770 1020; baseline 0.01 -30"><span class='ocrx_word' id='word_1_91' title='bbox 2187 938 2283 990; x_wconf 80' lang='grc' dir='ltr'><strong>καὶ</strong></span> <span class='ocrx_word' id='word_1_92' title='bbox 2323 938 2612 1012; x_wconf 79' lang='grc' dir='ltr'>αὐχμηρὸς</span> <span class='ocrx_word' id='word_1_93' title='bbox 2641 941 2703 996; x_wconf 76' lang='grc' dir='ltr'><strong>οὐ</strong></span> <span class='ocrx_word' id='word_1_94' title='bbox 2743 943 2950 1015; x_wconf 81' lang='grc' dir='ltr'>σφόδρα</span> <span class='ocrx_word' id='word_1_95' title='bbox 2971 961 2986 976; x_wconf 89' lang='grc'><strong>·</strong></span> <span class='ocrx_word' id='word_1_96' title='bbox 3020 947 3120 1000; x_wconf 80' lang='grc' dir='ltr'><strong>οὐκ</strong></span> <span class='ocrx_word' id='word_1_97' title='bbox 3153 943 3246 1001; x_wconf 81' lang='grc' dir='ltr'>οὖν</span> <span class='ocrx_word' id='word_1_98' title='bbox 3272 952 3335 1002; x_wconf 86' lang='grc' dir='ltr'>ὲκ</span> <span class='ocrx_word' id='word_1_99' title='bbox 3359 951 3456 1020; x_wconf 81' lang='grc' dir='ltr'>τῆς</span> <span class='ocrx_word' id='word_1_100' title='bbox 3497 950 3700 1016; x_wconf 75' lang='grc' dir='ltr'>ἔξωθεν</span> <span class='ocrx_word' id='word_1_101' title='bbox 3717 955 3770 987; x_wconf 72' lang='grc'><strong>⁷⁸</strong></span> 
     </span>
    </p>
   </div>
   <div class='ocr_carea' id='block_1_14' title="bbox 500 1028 2041 1117">
    <p class='ocr_par' dir='ltr' id='par_1_14' title="bbox 500 1033 2041 1106">
     <span class='ocr_line' id='line_1_14' title="bbox 500 1033 2041 1106; baseline 0.001 -14"><span class='ocrx_word' id='word_1_102' title='bbox 500 1039 792 1093; x_wconf 83' lang='lat' dir='ltr'><strong>admodum</strong></span> <span class='ocrx_word' id='word_1_103' title='bbox 858 1035 1052 1099; x_wconf 79' lang='lat' dir='ltr'><strong>facile,</strong></span> <span class='ocrx_word' id='word_1_104' title='bbox 1114 1035 1207 1089; x_wconf 87' lang='lat' dir='ltr'><strong>sed</strong></span> <span class='ocrx_word' id='word_1_105' title='bbox 1267 1033 1335 1088; x_wconf 89' lang='lat' dir='ltr'><strong>ab</strong></span> <span class='ocrx_word' id='word_1_106' title='bbox 1400 1036 1484 1090; x_wconf 85' lang='lat' dir='ltr'><strong>his</strong></span> <span class='ocrx_word' id='word_1_107' title='bbox 1553 1052 1674 1106; x_wconf 74' lang='lat' dir='ltr'><strong>qua:</strong></span> <span class='ocrx_word' id='word_1_108' title='bbox 1737 1040 2041 1096; x_wconf 80' lang='lat' dir='ltr'><strong>extrinsecu</strong></span> 
     </span>
    </p>
   </div>
   <div class='ocr_carea' id='block_1_15' title="bbox 2144 1028 3771 1117">
    <p class='ocr_par' dir='ltr' id='par_1_15' title="bbox 2186 1028 3771 1117">
     <span class='ocr_line' id='line_1_15' title="bbox 2186 1028 3771 1117; baseline 0.01 -35"><span class='ocrx_word' id='word_1_109' title='bbox 2186 1028 2422 1098; x_wconf 81' lang='grc' dir='ltr'>βασάνου</span> <span class='ocrx_word' id='word_1_110' title='bbox 2471 1033 2918 1102; x_wconf 87' lang='grc' dir='ltr'>διαγινώσκεται.</span> <span class='ocrx_word' id='word_1_111' title='bbox 2981 1039 3218 1105; x_wconf 81' lang='grc' dir='ltr'>Πολλοὺς</span> <span class='ocrx_word' id='word_1_112' title='bbox 3257 1040 3366 1112; x_wconf 75' lang='grc' dir='ltr'>γὰρ</span> <span class='ocrx_word' id='word_1_113' title='bbox 3423 1043 3644 1114; x_wconf 75' lang='grc' dir='ltr'>δρῶμεν</span> <span class='ocrx_word' id='word_1_114' title='bbox 3693 1044 3771 1117; x_wconf 75' lang='grc' dir='ltr'>μὴ</span> 
     </span>
    </p>
   </div>
   <div class='ocr_carea' id='block_1_16' title="bbox 497 1121 2041 1205">
    <p class='ocr_par' dir='ltr' id='par_1_16' title="bbox 497 1126 2041 1199">
     <span class='ocr_line' id='line_1_16' title="bbox 497 1126 2041 1199; baseline 0 -13"><span class='ocrx_word' id='word_1_115' title='bbox 497 1132 768 1194; x_wconf 85' lang='lat' dir='ltr'><strong>eveniunt,</strong></span> <span class='ocrx_word' id='word_1_116' title='bbox 803 1127 1311 1183; x_wconf 77' lang='lat' dir='ltr'><strong>animadvertimus.</strong></span> <span class='ocrx_word' id='word_1_117' title='bbox 1347 1126 1485 1181; x_wconf 86' lang='lat' dir='ltr'><strong>Sunt</strong></span> <span class='ocrx_word' id='word_1_118' title='bbox 1512 1130 1603 1199; x_wconf 92' lang='lat' dir='ltr'><strong>qui</strong></span> <span class='ocrx_word' id='word_1_119' title='bbox 1641 1131 1693 1184; x_wconf 92' lang='lat' dir='ltr'><strong>in</strong></span> <span class='ocrx_word' id='word_1_120' title='bbox 1740 1131 1948 1185; x_wconf 88' lang='lat' dir='ltr'><strong>fumum</strong></span> <span class='ocrx_word' id='word_1_121' title='bbox 1993 1133 2041 1187; x_wconf 90' lang='lat' dir='ltr'><strong>in</strong></span> 
     </span>
    </p>
   </div>
   <div class='ocr_carea' id='block_1_17' title="bbox 2144 1121 3768 1205">
    <p class='ocr_par' dir='ltr' id='par_1_17' title="bbox 2181 1121 3768 1205">
     <span class='ocr_line' id='line_1_17' title="bbox 2181 1121 3768 1205; baseline 0.011 -32"><span class='ocrx_word' id='word_1_122' title='bbox 2181 1121 2516 1193; x_wconf 81' lang='grc' dir='ltr'><strong>δυναμένους</strong></span> <span class='ocrx_word' id='word_1_123' title='bbox 2557 1126 2614 1178; x_wconf 82' lang='lat' dir='ltr'><em>6v</em></span> <span class='ocrx_word' id='word_1_124' title='bbox 2659 1127 2851 1197; x_wconf 83' lang='grc' dir='ltr'>καπνῷ</span> <span class='ocrx_word' id='word_1_125' title='bbox 2883 1129 3080 1199; x_wconf 82' lang='grc' dir='ltr'>στῆναι</span> <span class='ocrx_word' id='word_1_126' title='bbox 3127 1133 3193 1197; x_wconf 87' lang='grc'><strong>⁷³,</strong></span> <span class='ocrx_word' id='word_1_127' title='bbox 3249 1133 3387 1188; x_wconf 79' lang='grc' dir='ltr'>ἀλλὰ</span> <span class='ocrx_word' id='word_1_128' title='bbox 3426 1133 3768 1205; x_wconf 77' lang='grc' dir='ltr'>δακρύοντας</span> 
     </span>
    </p>
   </div>
   <div class='ocr_carea' id='block_1_18' title="bbox 495 1214 2041 1294">
    <p class='ocr_par' dir='ltr' id='par_1_18' title="bbox 495 1221 2041 1294">
     <span class='ocr_line' id='line_1_18' title="bbox 495 1221 2041 1294; baseline 0 -14"><span class='ocrx_word' id='word_1_129' title='bbox 495 1228 758 1286; x_wconf 73' lang='lat' dir='ltr'><strong>ridentes,</strong></span> <span class='ocrx_word' id='word_1_130' title='bbox 778 1231 1122 1287; x_wconf 86' lang='lat' dir='ltr'><strong>avertuntur,</strong></span> <span class='ocrx_word' id='word_1_131' title='bbox 1140 1236 1202 1275; x_wconf 88' lang='lat' dir='ltr'><strong>ac</strong></span> <span class='ocrx_word' id='word_1_132' title='bbox 1222 1221 1474 1291; x_wconf 79' lang='lat' dir='ltr'><strong>plurimis</strong></span> <span class='ocrx_word' id='word_1_133' title='bbox 1494 1223 1750 1293; x_wconf 77' lang='lat' dir='ltr'><strong>lacrymis</strong></span> <span class='ocrx_word' id='word_1_134' title='bbox 1765 1226 2041 1294; x_wconf 87' lang='lat' dir='ltr'><strong>opplentut</strong></span> 
     </span>
    </p>
   </div>
   <div class='ocr_carea' id='block_1_19' title="bbox 2144 1214 3768 1294">
    <p class='ocr_par' dir='ltr' id='par_1_19' title="bbox 2184 1214 3768 1293">
     <span class='ocr_line' id='line_1_19' title="bbox 2184 1214 3768 1293; baseline 0.009 -27"><span class='ocrx_word' id='word_1_135' title='bbox 2184 1214 2388 1268; x_wconf 84' lang='grc' dir='ltr'>πολλά·</span> <span class='ocrx_word' id='word_1_136' title='bbox 2419 1215 2613 1281; x_wconf 77' lang='grc' dir='ltr'>ἄλλους</span> <span class='ocrx_word' id='word_1_137' title='bbox 2639 1217 2694 1271; x_wconf 84' lang='grc' dir='ltr'>δὲ</span> <span class='ocrx_word' id='word_1_138' title='bbox 2724 1220 2932 1290; x_wconf 83' lang='grc' dir='ltr'>σφόδρα</span> <span class='ocrx_word' id='word_1_139' title='bbox 2986 1222 3124 1293; x_wconf 84' lang='grc' dir='ltr'>πρὸς</span> <span class='ocrx_word' id='word_1_140' title='bbox 3155 1222 3248 1275; x_wconf 75' lang='grc' dir='ltr'>τὸν</span> <span class='ocrx_word' id='word_1_141' title='bbox 3293 1225 3500 1278; x_wconf 62' lang='grc' dir='ltr'>καπνὸν</span> <span class='ocrx_word' id='word_1_142' title='bbox 3532 1228 3768 1280; x_wconf 83' lang='grc' dir='ltr'>ἀντιτεί-</span> 
     </span>
    </p>
   </div>
   <div class='ocr_carea' id='block_1_20' title="bbox 494 1314 2041 1392">
    <p class='ocr_par' dir='ltr' id='par_1_20' title="bbox 494 1314 2032 1374">
     <span class='ocr_line' id='line_1_20' title="bbox 494 1314 2032 1374; baseline -0.003 0"><span class='ocrx_word' id='word_1_143' title='bbox 494 1321 585 1374; x_wconf 94' lang='lat' dir='ltr'><strong>alii</strong></span> <span class='ocrx_word' id='word_1_144' title='bbox 625 1333 752 1374; x_wconf 86' lang='lat' dir='ltr'><strong>vero</strong></span> <span class='ocrx_word' id='word_1_145' title='bbox 788 1317 842 1371; x_wconf 90' lang='lat' dir='ltr'><strong>in</strong></span> <span class='ocrx_word' id='word_1_146' title='bbox 880 1314 1032 1369; x_wconf 88' lang='lat' dir='ltr'><strong>fumo</strong></span> <span class='ocrx_word' id='word_1_147' title='bbox 1061 1315 1256 1368; x_wconf 86' lang='lat' dir='ltr'><strong>obtutu</strong></span> <span class='ocrx_word' id='word_1_148' title='bbox 1289 1314 1462 1368; x_wconf 89' lang='lat' dir='ltr'><strong>libero</strong></span> <span class='ocrx_word' id='word_1_149' title='bbox 1505 1322 1737 1368; x_wconf 88' lang='lat' dir='ltr'><strong>utuntur</strong></span> <span class='ocrx_word' id='word_1_150' title='bbox 1773 1317 1907 1371; x_wconf 89' lang='lat' dir='ltr'><strong>:scd</strong></span> <span class='ocrx_word' id='word_1_151' title='bbox 1931 1332 2032 1372; x_wconf 88' lang='lat' dir='ltr'><strong>ocu</strong></span> 
     </span>
    </p>
   </div>
   <div class='ocr_carea' id='block_1_21' title="bbox 2144 1314 3764 1392">
    <p class='ocr_par' dir='ltr' id='par_1_21' title="bbox 2180 1316 3764 1392">
     <span class='ocr_line' id='line_1_21' title="bbox 2180 1316 3764 1392; baseline 0.008 -28"><span class='ocrx_word' id='word_1_152' title='bbox 2180 1329 2405 1377; x_wconf 85' lang='grc' dir='ltr'><strong>νοντας·</strong></span> <span class='ocrx_word' id='word_1_153' title='bbox 2450 1316 2545 1368; x_wconf 75' lang='grc' dir='ltr'><strong>καὶ</strong></span> <span class='ocrx_word' id='word_1_154' title='bbox 2598 1316 2738 1369; x_wconf 78' lang='grc' dir='ltr'>εἰσὶν</span> <span class='ocrx_word' id='word_1_155' title='bbox 2797 1318 2847 1368; x_wconf 81' lang='grc' dir='ltr'>οἱ</span> <span class='ocrx_word' id='word_1_156' title='bbox 2896 1319 2994 1388; x_wconf 81' lang='grc' dir='ltr'>μὲν</span> <span class='ocrx_word' id='word_1_157' title='bbox 3054 1319 3284 1388; x_wconf 84' lang='grc' dir='ltr'>πρῶτοι,</span> <span class='ocrx_word' id='word_1_158' title='bbox 3343 1321 3501 1392; x_wconf 80' lang='grc' dir='ltr'>ὑγροί</span> <span class='ocrx_word' id='word_1_159' title='bbox 3554 1340 3612 1376; x_wconf 85' lang='grc' dir='ltr'><strong>τε</strong></span> <span class='ocrx_word' id='word_1_160' title='bbox 3670 1325 3764 1377; x_wconf 72' lang='grc' dir='ltr'><strong>καὶ</strong></span> 
     </span>
    </p>
   </div>
   <div class='ocr_carea' id='block_1_22' title="bbox 491 1405 2041 1484">
    <p class='ocr_par' dir='ltr' id='par_1_22' title="bbox 491 1405 2029 1483">
     <span class='ocr_line' id='line_1_22' title="bbox 491 1405 2029 1483; baseline -0.003 -15"><span class='ocrx_word' id='word_1_161' title='bbox 491 1429 630 1483; x_wconf 88' lang='lat' dir='ltr'><strong>quos</strong></span> <span class='ocrx_word' id='word_1_162' title='bbox 675 1410 860 1465; x_wconf 88' lang='lat' dir='ltr'><strong>fumus</strong></span> <span class='ocrx_word' id='word_1_163' title='bbox 912 1407 1082 1470; x_wconf 73' lang='lat' dir='ltr'><strong>lzedit,</strong></span> <span class='ocrx_word' id='word_1_164' title='bbox 1116 1405 1326 1461; x_wconf 89' lang='lat' dir='ltr'><strong>humidi</strong></span> <span class='ocrx_word' id='word_1_165' title='bbox 1362 1420 1427 1461; x_wconf 80' lang='lat' dir='ltr'><strong>ac</strong></span> <span class='ocrx_word' id='word_1_166' title='bbox 1463 1407 1820 1475; x_wconf 83' lang='lat' dir='ltr'><strong>passionibus</strong></span> <span class='ocrx_word' id='word_1_167' title='bbox 1852 1409 2029 1463; x_wconf 81' lang='lat' dir='ltr'><strong>obnox</strong></span> 
     </span>
    </p>
   </div>
   <div class='ocr_carea' id='block_1_23' title="bbox 2144 1405 3761 1484">
    <p class='ocr_par' dir='ltr' id='par_1_23' title="bbox 2179 1406 3761 1484">
     <span class='ocr_line' id='line_1_23' title="bbox 2179 1406 3761 1484; baseline 0.008 -26"><span class='ocrx_word' id='word_1_168' title='bbox 2179 1406 2439 1472; x_wconf 76' lang='grc' dir='ltr'>εὖπαθεῖς</span> <span class='ocrx_word' id='word_1_169' title='bbox 2459 1423 2472 1437; x_wconf 68' lang='grc'><strong>⁸</strong></span> <span class='ocrx_word' id='word_1_170' title='bbox 2509 1411 2557 1461; x_wconf 86' lang='grc' dir='ltr'>οἱ</span> <span class='ocrx_word' id='word_1_171' title='bbox 2581 1409 2636 1462; x_wconf 87' lang='lat'><strong>66</strong></span> <span class='ocrx_word' id='word_1_172' title='bbox 2663 1409 2934 1481; x_wconf 82' lang='grc' dir='ltr'><strong>δεύτεροι,</strong></span> <span class='ocrx_word' id='word_1_173' title='bbox 2977 1411 3207 1484; x_wconf 82' lang='grc' dir='ltr'>σκληροί</span> <span class='ocrx_word' id='word_1_174' title='bbox 3227 1432 3284 1468; x_wconf 89' lang='grc' dir='ltr'><strong>τε</strong></span> <span class='ocrx_word' id='word_1_175' title='bbox 3304 1416 3398 1469; x_wconf 79' lang='grc' dir='ltr'>καὶ</span> <span class='ocrx_word' id='word_1_176' title='bbox 3424 1416 3723 1480; x_wconf 78' lang='grc' dir='ltr'>δυσπαθεῖς</span> <span class='ocrx_word' id='word_1_177' title='bbox 3748 1434 3761 1452; x_wconf 89' lang='grc'><strong>·</strong></span> 
     </span>
    </p>
   </div>
   <div class='ocr_carea' id='block_1_24' title="bbox 489 1497 2041 1577">
    <p class='ocr_par' dir='ltr' id='par_1_24' title="bbox 489 1498 2041 1567">
     <span class='ocr_line' id='line_1_24' title="bbox 489 1498 2041 1567; baseline -0.001 -9"><span class='ocrx_word' id='word_1_178' title='bbox 489 1505 649 1560; x_wconf 87' lang='lat' dir='ltr'><strong>facile</strong></span> <span class='ocrx_word' id='word_1_179' title='bbox 719 1511 887 1567; x_wconf 88' lang='lat' dir='ltr'><strong>sunt,</strong></span> <span class='ocrx_word' id='word_1_180' title='bbox 963 1498 1119 1554; x_wconf 84' lang='lat' dir='ltr'><strong>alteri</strong></span> <span class='ocrx_word' id='word_1_181' title='bbox 1188 1513 1318 1553; x_wconf 88' lang='lat' dir='ltr'><strong>vero</strong></span> <span class='ocrx_word' id='word_1_182' title='bbox 1386 1498 1507 1552; x_wconf 90' lang='lat' dir='ltr'><strong>duri</strong></span> <span class='ocrx_word' id='word_1_183' title='bbox 1589 1514 1619 1553; x_wconf 90' lang='lat' dir='ltr'><strong>a</strong></span> <span class='ocrx_word' id='word_1_184' title='bbox 1697 1501 2041 1565; x_wconf 84' lang='lat' dir='ltr'><strong>passionibus</strong></span> 
     </span>
    </p>
   </div>
   <div class='ocr_carea' id='block_1_25' title="bbox 2144 1497 3762 1577">
    <p class='ocr_par' dir='ltr' id='par_1_25' title="bbox 2175 1497 3762 1577">
     <span class='ocr_line' id='line_1_25' title="bbox 2175 1497 3762 1577; baseline 0.008 -27"><span class='ocrx_word' id='word_1_185' title='bbox 2175 1497 2349 1552; x_wconf 77' lang='grc' dir='ltr'>ταῦτα</span> <span class='ocrx_word' id='word_1_186' title='bbox 2379 1499 2616 1572; x_wconf 83' lang='grc' dir='ltr'>οὐσιώδη</span> <span class='ocrx_word' id='word_1_187' title='bbox 2643 1503 2688 1534; x_wconf 57' lang='grc' dir='ltr'><strong>τι</strong></span> <span class='ocrx_word' id='word_1_188' title='bbox 2723 1506 2930 1574; x_wconf 82' lang='grc' dir='ltr'>σημεῖα</span> <span class='ocrx_word' id='word_1_189' title='bbox 2961 1505 3069 1558; x_wconf 86' lang='grc' dir='ltr'>τῶν</span> <span class='ocrx_word' id='word_1_190' title='bbox 3095 1506 3414 1577; x_wconf 83' lang='grc' dir='ltr'>ὀφθαλμῶν.</span> <span class='ocrx_word' id='word_1_191' title='bbox 3449 1509 3531 1564; x_wconf 83' lang='grc' dir='ltr'><strong>Τά</strong></span> <span class='ocrx_word' id='word_1_192' title='bbox 3559 1509 3616 1562; x_wconf 85' lang='grc' dir='ltr'>δὲ</span> <span class='ocrx_word' id='word_1_193' title='bbox 3650 1511 3762 1563; x_wconf 85' lang='grc' dir='ltr'><strong>ἀπὸ</strong></span> 
     </span>
    </p>
   </div>
   <div class='ocr_carea' id='block_1_26' title="bbox 488 1588 2041 1670">
    <p class='ocr_par' dir='ltr' id='par_1_26' title="bbox 488 1589 2041 1664">
     <span class='ocr_line' id='line_1_26' title="bbox 488 1589 2041 1664; baseline -0.003 -16"><span class='ocrx_word' id='word_1_194' title='bbox 488 1612 594 1664; x_wconf 85' lang='lat' dir='ltr'><strong>que</strong></span> <span class='ocrx_word' id='word_1_195' title='bbox 635 1593 955 1647; x_wconf 87' lang='lat' dir='ltr'><strong>remotiores</strong></span> <span class='ocrx_word' id='word_1_196' title='bbox 1001 1589 1272 1644; x_wconf 85' lang='lat' dir='ltr'><strong>habentur</strong></span> <span class='ocrx_word' id='word_1_197' title='bbox 1303 1605 1317 1642; x_wconf 89' lang='lat'><strong>:</strong></span> <span class='ocrx_word' id='word_1_198' title='bbox 1355 1595 1410 1643; x_wconf 92' lang='lat' dir='ltr'><strong>et</strong></span> <span class='ocrx_word' id='word_1_199' title='bbox 1441 1589 1556 1643; x_wconf 65' lang='lat' dir='ltr'><strong>hazc</strong></span> <span class='ocrx_word' id='word_1_200' title='bbox 1615 1589 1902 1644; x_wconf 89' lang='lat' dir='ltr'><strong>oculorum</strong></span> <span class='ocrx_word' id='word_1_201' title='bbox 1939 1591 2041 1645; x_wconf 88' lang='lat' dir='ltr'><strong>sub</strong></span> 
     </span>
    </p>
   </div>
   <div class='ocr_carea' id='block_1_27' title="bbox 2144 1588 3762 1670">
    <p class='ocr_par' dir='ltr' id='par_1_27' title="bbox 2179 1588 3762 1670">
     <span class='ocr_line' id='line_1_27' title="bbox 2179 1588 3762 1670; baseline 0.008 -28"><span class='ocrx_word' id='word_1_202' title='bbox 2179 1590 2610 1663; x_wconf 85' lang='grc' dir='ltr'>συμϐεϐηκότων</span> <span class='ocrx_word' id='word_1_203' title='bbox 2639 1588 2741 1648; x_wconf 80' lang='grc' dir='ltr'>ὧδε</span> <span class='ocrx_word' id='word_1_204' title='bbox 2765 1612 2778 1625; x_wconf 90' lang='grc'><strong>·</strong></span> <span class='ocrx_word' id='word_1_205' title='bbox 2812 1597 2840 1648; x_wconf 89' lang='grc' dir='ltr'>ὁ</span> <span class='ocrx_word' id='word_1_206' title='bbox 2875 1597 2918 1627; x_wconf 81' lang='grc'><strong>⁷⁸</strong></span> <span class='ocrx_word' id='word_1_207' title='bbox 2946 1599 3129 1651; x_wconf 77' lang='grc' dir='ltr'>τοίνυν</span> <span class='ocrx_word' id='word_1_208' title='bbox 3163 1598 3462 1669; x_wconf 76' lang='grc' dir='ltr'>ὀφθαλμὸς,</span> <span class='ocrx_word' id='word_1_209' title='bbox 3506 1601 3538 1670; x_wconf 83' lang='grc' dir='ltr'>ἢ</span> <span class='ocrx_word' id='word_1_210' title='bbox 3585 1601 3762 1670; x_wconf 86' lang='grc' dir='ltr'>μέγας</span> 
     </span>
    </p>
   </div>
   <div class='ocr_carea' id='block_1_28' title="bbox 488 1681 2041 1762">
    <p class='ocr_par' dir='ltr' id='par_1_28' title="bbox 488 1681 2037 1747">
     <span class='ocr_line' id='line_1_28' title="bbox 488 1681 2037 1747; baseline -0.005 -4"><span class='ocrx_word' id='word_1_211' title='bbox 488 1688 762 1743; x_wconf 83' lang='lat' dir='ltr'><strong>s-tautialia</strong></span> <span class='ocrx_word' id='word_1_212' title='bbox 806 1685 1008 1739; x_wconf 90' lang='lat' dir='ltr'><strong>indicia</strong></span> <span class='ocrx_word' id='word_1_213' title='bbox 1068 1689 1215 1738; x_wconf 87' lang='lat' dir='ltr'><strong>sunt.</strong></span> <span class='ocrx_word' id='word_1_214' title='bbox 1251 1681 1383 1747; x_wconf 74' lang='lat' dir='ltr'><strong>Qua:</strong></span> <span class='ocrx_word' id='word_1_215' title='bbox 1417 1696 1545 1736; x_wconf 87' lang='lat' dir='ltr'><strong>vero</strong></span> <span class='ocrx_word' id='word_1_216' title='bbox 1593 1697 1659 1736; x_wconf 84' lang='lat' dir='ltr'><strong>ex</strong></span> <span class='ocrx_word' id='word_1_217' title='bbox 1693 1683 2037 1738; x_wconf 86' lang='lat' dir='ltr'><strong>accidentibu</strong></span> 
     </span>
    </p>
   </div>
   <div class='ocr_carea' id='block_1_29' title="bbox 2144 1681 3759 1762">
    <p class='ocr_par' dir='ltr' id='par_1_29' title="bbox 2173 1682 3759 1762">
     <span class='ocr_line' id='line_1_29' title="bbox 2173 1682 3759 1762; baseline 0.008 -29"><span class='ocrx_word' id='word_1_218' title='bbox 2173 1682 2324 1735; x_wconf 73' lang='grc' dir='ltr'>ἐστὶν</span> <span class='ocrx_word' id='word_1_219' title='bbox 2353 1683 2386 1754; x_wconf 76' lang='grc' dir='ltr'>ἢ</span> <span class='ocrx_word' id='word_1_220' title='bbox 2423 1686 2620 1756; x_wconf 89' lang='grc' dir='ltr'>μικρός</span> <span class='ocrx_word' id='word_1_221' title='bbox 2641 1703 2658 1721; x_wconf 77' lang='grc' dir='ltr'><strong>ο</strong></span> <span class='ocrx_word' id='word_1_222' title='bbox 2689 1688 2783 1740; x_wconf 81' lang='grc' dir='ltr'><strong>καὶ</strong></span> <span class='ocrx_word' id='word_1_223' title='bbox 2815 1688 2846 1757; x_wconf 80' lang='grc' dir='ltr'>ἢ</span> <span class='ocrx_word' id='word_1_224' title='bbox 2878 1689 3152 1760; x_wconf 75' lang='grc' dir='ltr'>εὔρυθμος</span> <span class='ocrx_word' id='word_1_225' title='bbox 3182 1691 3215 1759; x_wconf 80' lang='grc' dir='ltr'>ἢ</span> <span class='ocrx_word' id='word_1_226' title='bbox 3253 1692 3502 1762; x_wconf 81' lang='grc' dir='ltr'>ἀρυθμος</span> <span class='ocrx_word' id='word_1_227' title='bbox 3526 1709 3538 1721; x_wconf 90' lang='grc'><strong>·</strong></span> <span class='ocrx_word' id='word_1_228' title='bbox 3564 1692 3680 1746; x_wconf 83' lang='grc' dir='ltr'>ἀλλ’</span> <span class='ocrx_word' id='word_1_229' title='bbox 3709 1696 3759 1746; x_wconf 79' lang='grc' dir='ltr'><strong>εί</strong></span> 
     </span>
    </p>
   </div>
   <div class='ocr_carea' id='block_1_30' title="bbox 488 1772 2041 1854">
    <p class='ocr_par' dir='ltr' id='par_1_30' title="bbox 488 1772 2041 1847">
     <span class='ocr_line' id='line_1_30' title="bbox 488 1772 2041 1847; baseline -0.003 -13"><span class='ocrx_word' id='word_1_230' title='bbox 488 1781 689 1835; x_wconf 91' lang='lat' dir='ltr'><strong>indicia</strong></span> <span class='ocrx_word' id='word_1_231' title='bbox 739 1775 1084 1847; x_wconf 85' lang='lat' dir='ltr'><strong>proveniunt,</strong></span> <span class='ocrx_word' id='word_1_232' title='bbox 1128 1774 1231 1827; x_wconf 92' lang='lat' dir='ltr'><strong>hoc</strong></span> <span class='ocrx_word' id='word_1_233' title='bbox 1281 1772 1446 1828; x_wconf 90' lang='lat' dir='ltr'><strong>modo</strong></span> <span class='ocrx_word' id='word_1_234' title='bbox 1505 1789 1828 1843; x_wconf 86' lang='lat' dir='ltr'><strong>cognosces,</strong></span> <span class='ocrx_word' id='word_1_235' title='bbox 1877 1773 2041 1845; x_wconf 80' lang='lat' dir='ltr'><strong>59s</strong></span> 
     </span>
    </p>
   </div>
   <div class='ocr_carea' id='block_1_31' title="bbox 2144 1772 3759 1854">
    <p class='ocr_par' dir='ltr' id='par_1_31' title="bbox 2175 1775 3759 1854">
     <span class='ocr_line' id='line_1_31' title="bbox 2175 1775 3759 1854; baseline 0.014 -27"><span class='ocrx_word' id='word_1_236' title='bbox 2175 1775 2275 1844; x_wconf 79' lang='grc' dir='ltr'><strong>μὲν</strong></span> <span class='ocrx_word' id='word_1_237' title='bbox 2302 1777 2385 1847; x_wconf 81' lang='grc' dir='ltr'>εἴη</span> <span class='ocrx_word' id='word_1_238' title='bbox 2423 1777 2596 1848; x_wconf 82' lang='grc' dir='ltr'><strong>μέγας</strong></span> <span class='ocrx_word' id='word_1_239' title='bbox 2629 1779 2728 1832; x_wconf 87' lang='grc' dir='ltr'><strong>σὺν</strong></span> <span class='ocrx_word' id='word_1_240' title='bbox 2759 1781 3058 1852; x_wconf 73' lang='grc' dir='ltr'>εὐρυθμίᾳ,</span> <span class='ocrx_word' id='word_1_241' title='bbox 3091 1782 3242 1852; x_wconf 87' lang='grc' dir='ltr'>δηλοῖ</span> <span class='ocrx_word' id='word_1_242' title='bbox 3267 1782 3362 1835; x_wconf 78' lang='grc' dir='ltr'><strong>καὶ</strong></span> <span class='ocrx_word' id='word_1_243' title='bbox 3388 1783 3592 1854; x_wconf 78' lang='grc' dir='ltr'>πλῆθος</span> <span class='ocrx_word' id='word_1_244' title='bbox 3617 1783 3759 1853; x_wconf 76' lang='grc' dir='ltr'>ὕλης</span> 
     </span>
    </p>
   </div>
   <div class='ocr_carea' id='block_1_32' title="bbox 486 1865 2041 1948">
    <p class='ocr_par' dir='ltr' id='par_1_32' title="bbox 486 1865 2041 1940">
     <span class='ocr_line' id='line_1_32' title="bbox 486 1865 2041 1940; baseline -0.003 -14"><span class='ocrx_word' id='word_1_245' title='bbox 486 1873 631 1928; x_wconf 81' lang='lat' dir='ltr'><strong>oculi</strong></span> <span class='ocrx_word' id='word_1_246' title='bbox 679 1869 1019 1940; x_wconf 84' lang='lat' dir='ltr'><strong>magnitudo,</strong></span> <span class='ocrx_word' id='word_1_247' title='bbox 1074 1875 1170 1921; x_wconf 89' lang='lat' dir='ltr'><strong>aut</strong></span> <span class='ocrx_word' id='word_1_248' title='bbox 1194 1865 1460 1936; x_wconf 81' lang='lat' dir='ltr'><strong>exiguitas</strong></span> <span class='ocrx_word' id='word_1_249' title='bbox 1501 1881 1766 1936; x_wconf 79' lang='lat' dir='ltr'><strong>congrua,</strong></span> <span class='ocrx_word' id='word_1_250' title='bbox 1805 1868 1888 1922; x_wconf 87' lang='lat' dir='ltr'><strong>vel</strong></span> <span class='ocrx_word' id='word_1_251' title='bbox 1915 1884 2041 1922; x_wconf 87' lang='lat' dir='ltr'><strong>econ</strong></span> 
     </span>
    </p>
   </div>
   <div class='ocr_carea' id='block_1_33' title="bbox 2144 1865 3760 1948">
    <p class='ocr_par' dir='ltr' id='par_1_33' title="bbox 2175 1869 3760 1948">
     <span class='ocr_line' id='line_1_33' title="bbox 2175 1869 3760 1948; baseline 0.006 -27"><span class='ocrx_word' id='word_1_252' title='bbox 2175 1869 2270 1922; x_wconf 71' lang='grc' dir='ltr'>καὶ</span> <span class='ocrx_word' id='word_1_253' title='bbox 2319 1870 2622 1942; x_wconf 84' lang='grc' dir='ltr'>εὐκρασίαν</span> <span class='ocrx_word' id='word_1_254' title='bbox 2673 1873 2871 1942; x_wconf 72' lang='grc' dir='ltr'>αὐτῆς·</span> <span class='ocrx_word' id='word_1_255' title='bbox 2917 1877 2966 1929; x_wconf 91' lang='grc' dir='ltr'><strong>εί</strong></span> <span class='ocrx_word' id='word_1_256' title='bbox 3015 1875 3071 1928; x_wconf 82' lang='grc' dir='ltr'>δὲ</span> <span class='ocrx_word' id='word_1_257' title='bbox 3123 1876 3301 1945; x_wconf 83' lang='grc' dir='ltr'><strong>μέγας</strong></span> <span class='ocrx_word' id='word_1_258' title='bbox 3351 1877 3450 1946; x_wconf 85' lang='grc' dir='ltr'>μὲν</span> <span class='ocrx_word' id='word_1_259' title='bbox 3489 1877 3572 1948; x_wconf 72' lang='grc' dir='ltr'>εἴη</span> <span class='ocrx_word' id='word_1_260' title='bbox 3621 1877 3760 1931; x_wconf 69' lang='grc' dir='ltr'>ἀλλὰ</span> 
     </span>
    </p>
   </div>
   <div class='ocr_carea' id='block_1_34' title="bbox 487 1959 2041 2040">
    <p class='ocr_par' dir='ltr' id='par_1_34' title="bbox 487 1959 2041 2030">
     <span class='ocr_line' id='line_1_34' title="bbox 487 1959 2041 2030; baseline -0.003 -11"><span class='ocrx_word' id='word_1_261' title='bbox 487 1976 567 2019; x_wconf 90' lang='lat' dir='ltr'><strong>tra</strong></span> <span class='ocrx_word' id='word_1_262' title='bbox 593 1963 776 2018; x_wconf 91' lang='lat' dir='ltr'><strong>fuerit.</strong></span> <span class='ocrx_word' id='word_1_263' title='bbox 812 1960 949 2014; x_wconf 85' lang='lat' dir='ltr'><strong>Nam</strong></span> <span class='ocrx_word' id='word_1_264' title='bbox 986 1960 1030 2014; x_wconf 88' lang='lat' dir='ltr'><strong>si</strong></span> <span class='ocrx_word' id='word_1_265' title='bbox 1067 1959 1250 2030; x_wconf 81' lang='lat' dir='ltr'><strong>magni</strong></span> <span class='ocrx_word' id='word_1_266' title='bbox 1282 1967 1338 2012; x_wconf 92' lang='lat' dir='ltr'><strong>et</strong></span> <span class='ocrx_word' id='word_1_267' title='bbox 1360 1973 1603 2028; x_wconf 77' lang='lat' dir='ltr'><strong>congrue</strong></span> <span class='ocrx_word' id='word_1_268' title='bbox 1637 1959 1890 2028; x_wconf 85' lang='lat' dir='ltr'><strong>dispositi</strong></span> <span class='ocrx_word' id='word_1_269' title='bbox 1920 1961 2041 2015; x_wconf 88' lang='lat' dir='ltr'><strong>ocul</strong></span> 
     </span>
    </p>
   </div>
   <div class='ocr_carea' id='block_1_35' title="bbox 2144 1959 3755 2040">
    <p class='ocr_par' dir='ltr' id='par_1_35' title="bbox 2165 1963 3755 2040">
     <span class='ocr_line' id='line_1_35' title="bbox 2165 1963 3755 2040; baseline 0.005 -25"><span class='ocrx_word' id='word_1_270' title='bbox 2165 1963 2432 2034; x_wconf 83' lang='grc' dir='ltr'>ἄρυθμος,</span> <span class='ocrx_word' id='word_1_271' title='bbox 2466 1967 2724 2036; x_wconf 81' lang='grc' dir='ltr'>σημαίνει</span> <span class='ocrx_word' id='word_1_272' title='bbox 2749 1967 2954 2037; x_wconf 79' lang='grc' dir='ltr'>πλῆθος</span> <span class='ocrx_word' id='word_1_273' title='bbox 2990 1967 3092 2037; x_wconf 84' lang='grc' dir='ltr'><strong>μὲν</strong></span> <span class='ocrx_word' id='word_1_274' title='bbox 3124 1967 3256 2038; x_wconf 79' lang='grc' dir='ltr'>ὕλης</span> <span class='ocrx_word' id='word_1_275' title='bbox 3285 1968 3422 2022; x_wconf 71' lang='grc' dir='ltr'>ἀλλὰ</span> <span class='ocrx_word' id='word_1_276' title='bbox 3450 1969 3755 2040; x_wconf 77' lang='grc' dir='ltr'>μοχθηρᾶς,</span> 
     </span>
    </p>
   </div>
   <div class='ocr_carea' id='block_1_36' title="bbox 487 2051 2041 2132">
    <p class='ocr_par' dir='ltr' id='par_1_36' title="bbox 487 2051 2032 2124">
     <span class='ocr_line' id='line_1_36' title="bbox 487 2051 2032 2124; baseline -0.002 -12"><span class='ocrx_word' id='word_1_277' title='bbox 487 2058 709 2118; x_wconf 68' lang='lat' dir='ltr'><strong>fuerint,</strong></span> <span class='ocrx_word' id='word_1_278' title='bbox 775 2053 1017 2108; x_wconf 67' lang='lat' dir='ltr'><strong>materia:</strong></span> <span class='ocrx_word' id='word_1_279' title='bbox 1049 2051 1242 2121; x_wconf 87' lang='lat' dir='ltr'><strong>optimi</strong></span> <span class='ocrx_word' id='word_1_280' title='bbox 1277 2052 1688 2120; x_wconf 85' lang='lat' dir='ltr'><strong>temperamenti</strong></span> <span class='ocrx_word' id='word_1_281' title='bbox 1733 2054 1946 2124; x_wconf 90' lang='lat' dir='ltr'><strong>copiam</strong></span> <span class='ocrx_word' id='word_1_282' title='bbox 1980 2056 2032 2109; x_wconf 93' lang='lat' dir='ltr'><strong>in</strong></span> 
     </span>
    </p>
   </div>
   <div class='ocr_carea' id='block_1_37' title="bbox 2144 2051 3758 2132">
    <p class='ocr_par' dir='ltr' id='par_1_37' title="bbox 2167 2055 3758 2132">
     <span class='ocr_line' id='line_1_37' title="bbox 2167 2055 3758 2132; baseline 0.004 -24"><span class='ocrx_word' id='word_1_283' title='bbox 2167 2055 2261 2108; x_wconf 73' lang='grc' dir='ltr'>καὶ</span> <span class='ocrx_word' id='word_1_284' title='bbox 2290 2055 2578 2126; x_wconf 86' lang='grc' dir='ltr'>δυνάμεως</span> <span class='ocrx_word' id='word_1_285' title='bbox 2615 2057 2928 2123; x_wconf 78' lang='grc' dir='ltr'>ἀσθένειαν,</span> <span class='ocrx_word' id='word_1_286' title='bbox 2981 2059 3126 2113; x_wconf 85' lang='grc' dir='ltr'><strong>καθά</strong></span> <span class='ocrx_word' id='word_1_287' title='bbox 3157 2060 3254 2113; x_wconf 75' lang='grc' dir='ltr'><strong>καὶ</strong></span> <span class='ocrx_word' id='word_1_288' title='bbox 3283 2060 3414 2132; x_wconf 76' lang='grc' dir='ltr'>περὶ</span> <span class='ocrx_word' id='word_1_289' title='bbox 3445 2061 3546 2131; x_wconf 84' lang='grc' dir='ltr'>τῆς</span> <span class='ocrx_word' id='word_1_290' title='bbox 3579 2079 3758 2132; x_wconf 85' lang='grc' dir='ltr'>κεφα-</span> 
     </span>
    </p>
   </div>
   <div class='ocr_carea' id='block_1_38' title="bbox 483 2142 2041 2222">
    <p class='ocr_par' dir='ltr' id='par_1_38' title="bbox 483 2142 2041 2215">
     <span class='ocr_line' id='line_1_38' title="bbox 483 2142 2041 2215; baseline -0.003 -11"><span class='ocrx_word' id='word_1_291' title='bbox 483 2152 690 2205; x_wconf 86' lang='lat' dir='ltr'><strong>dicant.</strong></span> <span class='ocrx_word' id='word_1_292' title='bbox 760 2145 816 2199; x_wconf 91' lang='lat' dir='ltr'><strong>Si</strong></span> <span class='ocrx_word' id='word_1_293' title='bbox 884 2153 1064 2199; x_wconf 91' lang='lat' dir='ltr'><strong>autem</strong></span> <span class='ocrx_word' id='word_1_294' title='bbox 1124 2142 1305 2212; x_wconf 83' lang='lat' dir='ltr'><strong>magni</strong></span> <span class='ocrx_word' id='word_1_295' title='bbox 1355 2151 1410 2196; x_wconf 91' lang='lat' dir='ltr'><strong>et</strong></span> <span class='ocrx_word' id='word_1_296' title='bbox 1465 2142 1766 2213; x_wconf 82' lang='lat' dir='ltr'><strong>incongrue</strong></span> <span class='ocrx_word' id='word_1_297' title='bbox 1814 2145 2041 2215; x_wconf 90' lang='lat' dir='ltr'><strong>disposit</strong></span> 
     </span>
    </p>
   </div>
   <div class='ocr_carea' id='block_1_39' title="bbox 2144 2142 3758 2222">
    <p class='ocr_par' dir='ltr' id='par_1_39' title="bbox 2165 2146 3758 2222">
     <span class='ocr_line' id='line_1_39' title="bbox 2165 2146 3758 2222; baseline 0.004 -24"><span class='ocrx_word' id='word_1_298' title='bbox 2165 2146 2523 2218; x_wconf 79' lang='grc' dir='ltr'>λῆςεῖρηται”</span> <span class='ocrx_word' id='word_1_299' title='bbox 2549 2149 2598 2201; x_wconf 89' lang='grc' dir='ltr'><strong>εί</strong></span> <span class='ocrx_word' id='word_1_300' title='bbox 2632 2149 2688 2202; x_wconf 86' lang='grc' dir='ltr'>δὲ</span> <span class='ocrx_word' id='word_1_301' title='bbox 2709 2151 2905 2220; x_wconf 80' lang='grc' dir='ltr'>μικρὸς</span> <span class='ocrx_word' id='word_1_302' title='bbox 2937 2151 3023 2220; x_wconf 86' lang='grc' dir='ltr'><strong>εῐη</strong></span> <span class='ocrx_word' id='word_1_303' title='bbox 3054 2152 3149 2206; x_wconf 80' lang='grc' dir='ltr'>καὶ</span> <span class='ocrx_word' id='word_1_304' title='bbox 3179 2151 3474 2222; x_wconf 75' lang='grc' dir='ltr'>εὔρυθμος,</span> <span class='ocrx_word' id='word_1_305' title='bbox 3500 2153 3758 2222; x_wconf 81' lang='grc' dir='ltr'>σημαίνει</span> 
     </span>
    </p>
   </div>
   <div class='ocr_carea' id='block_1_40' title="bbox 483 2233 2041 2313">
    <p class='ocr_par' dir='ltr' id='par_1_40' title="bbox 483 2233 2041 2307">
     <span class='ocr_line' id='line_1_40' title="bbox 483 2233 2041 2307; baseline -0.003 -10"><span class='ocrx_word' id='word_1_306' title='bbox 483 2249 676 2303; x_wconf 86' lang='lat' dir='ltr'><strong>erunt,</strong></span> <span class='ocrx_word' id='word_1_307' title='bbox 732 2239 782 2292; x_wconf 92' lang='lat' dir='ltr'><strong>id</strong></span> <span class='ocrx_word' id='word_1_308' title='bbox 836 2239 906 2291; x_wconf 91' lang='lat' dir='ltr'><strong>ob</strong></span> <span class='ocrx_word' id='word_1_309' title='bbox 957 2236 1196 2290; x_wconf 76' lang='lat' dir='ltr'><strong>materia:</strong></span> <span class='ocrx_word' id='word_1_310' title='bbox 1226 2234 1639 2289; x_wconf 81' lang='lat' dir='ltr'><strong>exuberantiam</strong></span> <span class='ocrx_word' id='word_1_311' title='bbox 1685 2233 2041 2307; x_wconf 49' lang='lat' dir='ltr'><strong>facultatisqul</strong></span> 
     </span>
    </p>
   </div>
   <div class='ocr_carea' id='block_1_41' title="bbox 2144 2233 3760 2313">
    <p class='ocr_par' dir='ltr' id='par_1_41' title="bbox 2165 2235 3760 2313">
     <span class='ocr_line' id='line_1_41' title="bbox 2165 2235 3760 2313; baseline 0.004 -25"><span class='ocrx_word' id='word_1_312' title='bbox 2165 2235 2373 2290; x_wconf 78' lang='grc' dir='ltr'>ἔνδειαν</span> <span class='ocrx_word' id='word_1_313' title='bbox 2406 2238 2505 2308; x_wconf 82' lang='grc' dir='ltr'>μὲν</span> <span class='ocrx_word' id='word_1_314' title='bbox 2535 2237 2690 2307; x_wconf 73' lang='grc' dir='ltr'>ὕλης,</span> <span class='ocrx_word' id='word_1_315' title='bbox 2718 2241 3127 2312; x_wconf 82' lang='grc' dir='ltr'>εὐχρηστότητα</span> <span class='ocrx_word' id='word_1_316' title='bbox 3157 2241 3214 2294; x_wconf 81' lang='grc' dir='ltr'>δέ</span> <span class='ocrx_word' id='word_1_317' title='bbox 3245 2243 3289 2272; x_wconf 88' lang='grc'>⁷⁶</span> <span class='ocrx_word' id='word_1_318' title='bbox 3309 2258 3324 2273; x_wconf 88' lang='grc'><strong>·</strong></span> <span class='ocrx_word' id='word_1_319' title='bbox 3367 2243 3416 2294; x_wconf 79' lang='grc' dir='ltr'>εἰ</span> <span class='ocrx_word' id='word_1_320' title='bbox 3459 2242 3516 2294; x_wconf 83' lang='lat'><strong>66</strong></span> <span class='ocrx_word' id='word_1_321' title='bbox 3558 2243 3760 2313; x_wconf 82' lang='grc' dir='ltr'>μικρὸς</span> 
     </span>
    </p>
   </div>
   <div class='ocr_carea' id='block_1_42' title="bbox 483 2325 2041 2403">
    <p class='ocr_par' dir='ltr' id='par_1_42' title="bbox 483 2325 2041 2398">
     <span class='ocr_line' id='line_1_42' title="bbox 483 2325 2041 2398; baseline -0.006 -8"><span class='ocrx_word' id='word_1_322' title='bbox 483 2333 940 2395; x_wconf 82' lang='lat' dir='ltr'><strong>imbecillitatem,</strong></span> <span class='ocrx_word' id='word_1_323' title='bbox 996 2326 1460 2398; x_wconf 82' lang='lat' dir='ltr'><strong>quemadmodum</strong></span> <span class='ocrx_word' id='word_1_324' title='bbox 1502 2325 1568 2380; x_wconf 93' lang='lat' dir='ltr'><strong>de</strong></span> <span class='ocrx_word' id='word_1_325' title='bbox 1602 2326 1778 2396; x_wconf 91' lang='lat' dir='ltr'><strong>capite</strong></span> <span class='ocrx_word' id='word_1_326' title='bbox 1808 2330 2041 2397; x_wconf 84' lang='lat' dir='ltr'><strong>superiu:</strong></span> 
     </span>
    </p>
   </div>
   <div class='ocr_carea' id='block_1_43' title="bbox 2144 2325 3757 2403">
    <p class='ocr_par' dir='ltr' id='par_1_43' title="bbox 2169 2329 3757 2403">
     <span class='ocr_line' id='line_1_43' title="bbox 2169 2329 3757 2403; baseline 0.003 -21"><span class='ocrx_word' id='word_1_327' title='bbox 2169 2330 2254 2400; x_wconf 84' lang='grc' dir='ltr'><strong>εἴη</strong></span> <span class='ocrx_word' id='word_1_328' title='bbox 2288 2329 2382 2384; x_wconf 74' lang='grc' dir='ltr'><strong>καὶ</strong></span> <span class='ocrx_word' id='word_1_329' title='bbox 2412 2331 2678 2401; x_wconf 81' lang='grc' dir='ltr'>ἄρυθμος,</span> <span class='ocrx_word' id='word_1_330' title='bbox 2713 2333 2969 2401; x_wconf 79' lang='grc' dir='ltr'>σημαίνει</span> <span class='ocrx_word' id='word_1_331' title='bbox 2999 2334 3092 2386; x_wconf 77' lang='lat' dir='ltr'><strong>xal.</strong></span> <span class='ocrx_word' id='word_1_332' title='bbox 3115 2331 3323 2386; x_wconf 74' lang='grc' dir='ltr'>ἔνδειαν</span> <span class='ocrx_word' id='word_1_333' title='bbox 3356 2333 3509 2403; x_wconf 71' lang='grc' dir='ltr'>ὕλης,</span> <span class='ocrx_word' id='word_1_334' title='bbox 3545 2334 3640 2386; x_wconf 80' lang='grc' dir='ltr'><strong>καὶ</strong></span> <span class='ocrx_word' id='word_1_335' title='bbox 3664 2333 3757 2386; x_wconf 88' lang='grc' dir='ltr'>δυ-</span> 
     </span>
    </p>
   </div>
   <div class='ocr_carea' id='block_1_44' title="bbox 479 2418 2041 2498">
    <p class='ocr_par' dir='ltr' id='par_1_44' title="bbox 479 2418 2041 2492">
     <span class='ocr_line' id='line_1_44' title="bbox 479 2418 2041 2492; baseline -0.005 -9"><span class='ocrx_word' id='word_1_336' title='bbox 479 2429 685 2483; x_wconf 85' lang='lat' dir='ltr'><strong>dictum</strong></span> <span class='ocrx_word' id='word_1_337' title='bbox 739 2433 842 2488; x_wconf 81' lang='lat' dir='ltr'><strong>est,</strong></span> <span class='ocrx_word' id='word_1_338' title='bbox 882 2419 1168 2492; x_wconf 81' lang='lat' dir='ltr'><strong>provenire</strong></span> <span class='ocrx_word' id='word_1_339' title='bbox 1200 2418 1503 2488; x_wconf 86' lang='lat' dir='ltr'><strong>putandum</strong></span> <span class='ocrx_word' id='word_1_340' title='bbox 1553 2426 1658 2475; x_wconf 89' lang='lat' dir='ltr'><strong>est.</strong></span> <span class='ocrx_word' id='word_1_341' title='bbox 1689 2420 1746 2473; x_wconf 89' lang='lat' dir='ltr'><strong>Si</strong></span> <span class='ocrx_word' id='word_1_342' title='bbox 1782 2436 1911 2474; x_wconf 89' lang='lat' dir='ltr'><strong>vero</strong></span> <span class='ocrx_word' id='word_1_343' title='bbox 1940 2437 2041 2490; x_wconf 85' lang='lat' dir='ltr'><strong>par</strong></span> 
     </span>
    </p>
   </div>
   <div class='ocr_carea' id='block_1_45' title="bbox 2144 2418 3761 2498">
    <p class='ocr_par' dir='ltr' id='par_1_45' title="bbox 2169 2422 3761 2498">
     <span class='ocr_line' id='line_1_45' title="bbox 2169 2422 3761 2498; baseline 0.003 -23"><span class='ocrx_word' id='word_1_344' title='bbox 2169 2422 2388 2492; x_wconf 88' lang='grc' dir='ltr'>νάμεως</span> <span class='ocrx_word' id='word_1_345' title='bbox 2407 2423 2649 2477; x_wconf 84' lang='grc' dir='ltr'>ἀτονίαν.</span> <span class='ocrx_word' id='word_1_346' title='bbox 2682 2422 2868 2478; x_wconf 82' lang='grc' dir='ltr'>Ταῦτα</span> <span class='ocrx_word' id='word_1_347' title='bbox 2891 2442 2957 2477; x_wconf 90' lang='grc' dir='ltr'>πε</span> <span class='ocrx_word' id='word_1_348' title='bbox 2970 2425 3021 2493; x_wconf 84' lang='lat' dir='ltr'><strong>pl.</strong></span> <span class='ocrx_word' id='word_1_349' title='bbox 3046 2425 3144 2494; x_wconf 86' lang='grc' dir='ltr'>τῆς</span> <span class='ocrx_word' id='word_1_350' title='bbox 3174 2425 3269 2479; x_wconf 80' lang='grc' dir='ltr'>τοῦ</span> <span class='ocrx_word' id='word_1_351' title='bbox 3292 2425 3573 2498; x_wconf 74' lang='grc' dir='ltr'><strong>ὀφθαλμοῦ</strong></span> <span class='ocrx_word' id='word_1_352' title='bbox 3621 2426 3761 2496; x_wconf 88' lang='grc' dir='ltr'>κρά-</span> 
     </span>
    </p>
   </div>
   <div class='ocr_carea' id='block_1_46' title="bbox 477 2510 2041 2586">
    <p class='ocr_par' dir='ltr' id='par_1_46' title="bbox 477 2510 2041 2582">
     <span class='ocr_line' id='line_1_46' title="bbox 477 2510 2041 2582; baseline -0.003 -10"><span class='ocrx_word' id='word_1_353' title='bbox 477 2537 598 2582; x_wconf 85' lang='lat' dir='ltr'><strong>vus,</strong></span> <span class='ocrx_word' id='word_1_354' title='bbox 637 2517 729 2574; x_wconf 87' lang='lat' dir='ltr'><strong>sed</strong></span> <span class='ocrx_word' id='word_1_355' title='bbox 769 2517 869 2571; x_wconf 79' lang='lat' dir='ltr'><strong>rite</strong></span> <span class='ocrx_word' id='word_1_356' title='bbox 912 2513 1219 2569; x_wconf 84' lang='lat' dir='ltr'><strong>consistens</strong></span> <span class='ocrx_word' id='word_1_357' title='bbox 1263 2511 1460 2566; x_wconf 89' lang='lat' dir='ltr'><strong>oculus</strong></span> <span class='ocrx_word' id='word_1_358' title='bbox 1522 2510 1707 2574; x_wconf 90' lang='lat' dir='ltr'><strong>fuerit,</strong></span> <span class='ocrx_word' id='word_1_359' title='bbox 1762 2511 1918 2567; x_wconf 67' lang='lat' dir='ltr'><strong>bona:</strong></span> <span class='ocrx_word' id='word_1_360' title='bbox 1947 2529 2041 2568; x_wconf 83' lang='lat' dir='ltr'><strong>ma</strong></span> 
     </span>
    </p>
   </div>
   <div class='ocr_carea' id='block_1_47' title="bbox 2144 2510 3241 2586">
    <p class='ocr_par' dir='ltr' id='par_1_47' title="bbox 2170 2515 3241 2586">
     <span class='ocr_line' id='line_1_47' title="bbox 2170 2515 3241 2586; baseline 0.004 -20"><span class='ocrx_word' id='word_1_361' title='bbox 2170 2529 2329 2579; x_wconf 81' lang='grc' dir='ltr'>σεως,</span> <span class='ocrx_word' id='word_1_362' title='bbox 2363 2515 2460 2567; x_wconf 72' lang='grc' dir='ltr'><strong>καὶ</strong></span> <span class='ocrx_word' id='word_1_363' title='bbox 2495 2516 2793 2586; x_wconf 87' lang='grc' dir='ltr'>σχήματος,</span> <span class='ocrx_word' id='word_1_364' title='bbox 2827 2516 2921 2570; x_wconf 78' lang='grc' dir='ltr'><strong>καὶ</strong></span> <span class='ocrx_word' id='word_1_365' title='bbox 2950 2516 3241 2586; x_wconf 82' lang='grc' dir='ltr'>μεγέθους.</span> 
     </span>
    </p>
   </div>
   <div class='ocr_carea' id='block_1_48' title="bbox 473 2602 3753 2680">
    <p class='ocr_par' dir='ltr' id='par_1_48' title="bbox 473 2602 3753 2680">
     <span class='ocr_line' id='line_1_48' title="bbox 473 2602 3753 2680; baseline -0.001 -12"><span class='ocrx_word' id='word_1_366' title='bbox 473 2616 644 2676; x_wconf 65' lang='lat' dir='ltr'><strong>teme,</strong></span> <span class='ocrx_word' id='word_1_367' title='bbox 664 2612 755 2666; x_wconf 86' lang='lat' dir='ltr'><strong>sed</strong></span> <span class='ocrx_word' id='word_1_368' title='bbox 785 2607 964 2678; x_wconf 88' lang='lat' dir='ltr'><strong>inopis</strong></span> <span class='ocrx_word' id='word_1_369' title='bbox 1001 2606 1199 2660; x_wconf 84' lang='lat' dir='ltr'><strong>indicia</strong></span> <span class='ocrx_word' id='word_1_370' title='bbox 1226 2618 1336 2674; x_wconf 68' lang='lat' dir='ltr'><strong>pra:</strong></span> <span class='ocrx_word' id='word_1_371' title='bbox 1374 2618 1434 2659; x_wconf 90' lang='lat' dir='ltr'><strong>se</strong></span> <span class='ocrx_word' id='word_1_372' title='bbox 1498 2602 1619 2658; x_wconf 91' lang='lat' dir='ltr'><strong>fert.</strong></span> <span class='ocrx_word' id='word_1_373' title='bbox 1648 2605 1716 2658; x_wconf 91' lang='lat' dir='ltr'><strong>At</strong></span> <span class='ocrx_word' id='word_1_374' title='bbox 1741 2605 1834 2675; x_wconf 91' lang='lat' dir='ltr'><strong>qui</strong></span> <span class='ocrx_word' id='word_1_375' title='bbox 1870 2621 2092 2676; x_wconf 87' lang='lat' dir='ltr'><strong>parvus,</strong></span> <span class='ocrx_word' id='word_1_376' title='bbox 2133 2606 2228 2662; x_wconf 83' lang='lat' dir='ltr'><strong>sed</strong></span> <span class='ocrx_word' id='word_1_377' title='bbox 2267 2606 2632 2664; x_wconf 86' lang='lat' dir='ltr'><strong>inconcinnus</strong></span> <span class='ocrx_word' id='word_1_378' title='bbox 2675 2607 2863 2676; x_wconf 85' lang='lat' dir='ltr'><strong>fuerit,</strong></span> <span class='ocrx_word' id='word_1_379' title='bbox 2943 2619 3055 2665; x_wconf 90' lang='lat' dir='ltr'><strong>tum</strong></span> <span class='ocrx_word' id='word_1_380' title='bbox 3101 2611 3343 2666; x_wconf 82' lang='lat' dir='ltr'><strong>materiae</strong></span> <span class='ocrx_word' id='word_1_381' title='bbox 3374 2610 3753 2680; x_wconf 79' lang='lat' dir='ltr'><strong>indigentiam,</strong></span> 
     </span>
    </p>
   </div>
   <div class='ocr_carea' id='block_1_49' title="bbox 473 2695 3753 2772">
    <p class='ocr_par' dir='ltr' id='par_1_49' title="bbox 473 2695 3753 2772">
     <span class='ocr_line' id='line_1_49' title="bbox 473 2695 3753 2772; baseline -0.002 -11"><span class='ocrx_word' id='word_1_382' title='bbox 473 2717 588 2761; x_wconf 81' lang='lat' dir='ltr'><strong>tuin</strong></span> <span class='ocrx_word' id='word_1_383' title='bbox 629 2701 906 2757; x_wconf 84' lang='lat' dir='ltr'><strong>facultatis</strong></span> <span class='ocrx_word' id='word_1_384' title='bbox 949 2695 1381 2752; x_wconf 86' lang='lat' dir='ltr'><strong>imbecillitatem</strong></span> <span class='ocrx_word' id='word_1_385' title='bbox 1445 2696 1646 2765; x_wconf 79' lang='lat' dir='ltr'><strong>arguit.</strong></span> <span class='ocrx_word' id='word_1_386' title='bbox 1679 2696 1812 2764; x_wconf 74' lang='lat' dir='ltr'><strong>Qure</strong></span> <span class='ocrx_word' id='word_1_387' title='bbox 1863 2699 2009 2752; x_wconf 91' lang='lat' dir='ltr'><strong>enim</strong></span> <span class='ocrx_word' id='word_1_388' title='bbox 2052 2697 2119 2754; x_wconf 91' lang='lat' dir='ltr'><strong>de</strong></span> <span class='ocrx_word' id='word_1_389' title='bbox 2177 2697 2462 2755; x_wconf 86' lang='lat' dir='ltr'><strong>oculorum</strong></span> <span class='ocrx_word' id='word_1_390' title='bbox 2525 2709 2979 2770; x_wconf 85' lang='lat' dir='ltr'><strong>temperamento,</strong></span> <span class='ocrx_word' id='word_1_391' title='bbox 3035 2715 3098 2757; x_wconf 92' lang='lat' dir='ltr'><strong>ac</strong></span> <span class='ocrx_word' id='word_1_392' title='bbox 3155 2702 3349 2772; x_wconf 83' lang='lat' dir='ltr'><strong>ﬁgura,</strong></span> <span class='ocrx_word' id='word_1_393' title='bbox 3418 2703 3753 2772; x_wconf 79' lang='lat' dir='ltr'><strong>magnitudi-</strong></span> 
     </span>
    </p>
   </div>
   <div class='ocr_carea' id='block_1_50' title="bbox 470 2786 1738 2862">
    <p class='ocr_par' dir='ltr' id='par_1_50' title="bbox 470 2786 1738 2862">
     <span class='ocr_line' id='line_1_50' title="bbox 470 2786 1738 2862; baseline -0.006 -13"><span class='ocrx_word' id='word_1_394' title='bbox 470 2808 651 2862; x_wconf 78' lang='lat' dir='ltr'><strong>neque</strong></span> <span class='ocrx_word' id='word_1_395' title='bbox 699 2790 930 2846; x_wconf 87' lang='lat' dir='ltr'><strong>dicenda</strong></span> <span class='ocrx_word' id='word_1_396' title='bbox 985 2787 1222 2852; x_wconf 86' lang='lat' dir='ltr'><strong>fuerant,</strong></span> <span class='ocrx_word' id='word_1_397' title='bbox 1275 2787 1389 2841; x_wconf 64' lang='lat' dir='ltr'><strong>haec</strong></span> <span class='ocrx_word' id='word_1_398' title='bbox 1443 2786 1738 2842; x_wconf 88' lang='lat' dir='ltr'><strong>habentur.</strong></span> 
     </span>
    </p>
   </div>
   <div class='ocr_carea' id='block_1_51' title="bbox 544 2900 2041 2978">
    <p class='ocr_par' dir='ltr' id='par_1_51' title="bbox 544 2900 2041 2970">
     <span class='ocr_line' id='line_1_51' title="bbox 544 2900 2041 2970; baseline -0.005 -9"><span class='ocrx_word' id='word_1_399' title='bbox 544 2907 650 2961; x_wconf 81' lang='lat' dir='ltr'><strong>Sed</strong></span> <span class='ocrx_word' id='word_1_400' title='bbox 674 2915 728 2960; x_wconf 91' lang='lat' dir='ltr'><strong>et</strong></span> <span class='ocrx_word' id='word_1_401' title='bbox 753 2911 816 2957; x_wconf 84' lang='lat' dir='ltr'><strong>dc</strong></span> <span class='ocrx_word' id='word_1_402' title='bbox 847 2902 1091 2956; x_wconf 85' lang='lat' dir='ltr'><strong>colorum</strong></span> <span class='ocrx_word' id='word_1_403' title='bbox 1112 2901 1208 2970; x_wconf 91' lang='lat' dir='ltr'><strong>qui</strong></span> <span class='ocrx_word' id='word_1_404' title='bbox 1238 2900 1292 2953; x_wconf 93' lang='lat' dir='ltr'><strong>in</strong></span> <span class='ocrx_word' id='word_1_405' title='bbox 1315 2900 1449 2969; x_wconf 91' lang='lat' dir='ltr'><strong>ipsis</strong></span> <span class='ocrx_word' id='word_1_406' title='bbox 1472 2900 1724 2954; x_wconf 88' lang='lat' dir='ltr'><strong>visuntur</strong></span> <span class='ocrx_word' id='word_1_407' title='bbox 1745 2901 2041 2956; x_wconf 63' lang='lat' dir='ltr'><strong>diversitate</strong></span> 
     </span>
    </p>
   </div>
   <div class='ocr_carea' id='block_1_52' title="bbox 2144 2900 3750 2978">
    <p class='ocr_par' dir='ltr' id='par_1_52' title="bbox 2236 2904 3750 2978">
     <span class='ocr_line' id='line_1_52' title="bbox 2236 2904 3750 2978; baseline 0.002 -23"><span class='ocrx_word' id='word_1_408' title='bbox 2236 2904 2570 2975; x_wconf 83' lang='grc' dir='ltr'>Ζητήσωμεν</span> <span class='ocrx_word' id='word_1_409' title='bbox 2617 2905 2674 2958; x_wconf 86' lang='grc' dir='ltr'>δὲ</span> <span class='ocrx_word' id='word_1_410' title='bbox 2716 2906 2812 2958; x_wconf 78' lang='grc' dir='ltr'>καὶ</span> <span class='ocrx_word' id='word_1_411' title='bbox 2862 2905 2959 2968; x_wconf 77' lang='grc' dir='ltr'>τὰς</span> <span class='ocrx_word' id='word_1_412' title='bbox 3013 2906 3120 2959; x_wconf 82' lang='grc' dir='ltr'><strong>τῶν</strong></span> <span class='ocrx_word' id='word_1_413' title='bbox 3166 2906 3442 2978; x_wconf 78' lang='grc' dir='ltr'>διαφόρων</span> <span class='ocrx_word' id='word_1_414' title='bbox 3484 2909 3543 2960; x_wconf 84' lang='grc' dir='ltr'>ὲν</span> <span class='ocrx_word' id='word_1_415' title='bbox 3602 2907 3750 2977; x_wconf 80' lang='grc' dir='ltr'><strong>αὑτῷ</strong></span> 
     </span>
    </p>
   </div>
   <div class='ocr_carea' id='block_1_53' title="bbox 471 2992 2041 3070">
    <p class='ocr_par' dir='ltr' id='par_1_53' title="bbox 471 2992 2041 3064">
     <span class='ocr_line' id='line_1_53' title="bbox 471 2992 2041 3064; baseline -0.005 -10"><span class='ocrx_word' id='word_1_416' title='bbox 471 3014 668 3054; x_wconf 86' lang='lat' dir='ltr'><strong>causas</strong></span> <span class='ocrx_word' id='word_1_417' title='bbox 723 2994 1113 3051; x_wconf 86' lang='lat' dir='ltr'><strong>scrutabimur.</strong></span> <span class='ocrx_word' id='word_1_418' title='bbox 1146 2993 1210 3046; x_wconf 86' lang='lat' dir='ltr'><strong>Et</strong></span> <span class='ocrx_word' id='word_1_419' title='bbox 1252 2992 1474 3062; x_wconf 90' lang='lat' dir='ltr'><strong>quidem</strong></span> <span class='ocrx_word' id='word_1_420' title='bbox 1529 2992 1822 3048; x_wconf 85' lang='lat' dir='ltr'><strong>nonnullos</strong></span> <span class='ocrx_word' id='word_1_421' title='bbox 1879 2993 2041 3064; x_wconf 85' lang='lat' dir='ltr'><strong>nigro:</strong></span> 
     </span>
    </p>
   </div>
   <div class='ocr_carea' id='block_1_54' title="bbox 2144 2992 3750 3070">
    <p class='ocr_par' dir='ltr' id='par_1_54' title="bbox 2163 2997 3750 3070">
     <span class='ocr_line' id='line_1_54' title="bbox 2163 2997 3750 3070; baseline 0.003 -22"><span class='ocrx_word' id='word_1_422' title='bbox 2163 2997 2476 3067; x_wconf 83' lang='grc' dir='ltr'>χρωμάτων</span> <span class='ocrx_word' id='word_1_423' title='bbox 2500 2998 2545 3028; x_wconf 83' lang='grc'><strong>⁷⁷</strong></span> <span class='ocrx_word' id='word_1_424' title='bbox 2573 2997 2773 3061; x_wconf 78' lang='grc' dir='ltr'>αίτίας.</span> <span class='ocrx_word' id='word_1_425' title='bbox 2819 2997 3072 3070; x_wconf 86' lang='grc' dir='ltr'>Ὀρῶμεν</span> <span class='ocrx_word' id='word_1_426' title='bbox 3102 2998 3214 3068; x_wconf 82' lang='grc' dir='ltr'>γὰρ</span> <span class='ocrx_word' id='word_1_427' title='bbox 3251 3001 3379 3064; x_wconf 82' lang='grc' dir='ltr'>τοὺς</span> <span class='ocrx_word' id='word_1_428' title='bbox 3437 3001 3536 3070; x_wconf 79' lang='grc' dir='ltr'>μὲν</span> <span class='ocrx_word' id='word_1_429' title='bbox 3584 2999 3750 3070; x_wconf 84' lang='grc' dir='ltr'>μέλα-</span> 
     </span>
    </p>
   </div>
   <div class='ocr_carea' id='block_1_55' title="bbox 473 3085 2041 3160">
    <p class='ocr_par' dir='ltr' id='par_1_55' title="bbox 473 3085 2041 3153">
     <span class='ocr_line' id='line_1_55' title="bbox 473 3085 2041 3153; baseline -0.004 -8"><span class='ocrx_word' id='word_1_430' title='bbox 473 3093 735 3146; x_wconf 86' lang='lat' dir='ltr'><strong>habentes</strong></span> <span class='ocrx_word' id='word_1_431' title='bbox 761 3087 973 3152; x_wconf 87' lang='lat' dir='ltr'><strong>oculos,</strong></span> <span class='ocrx_word' id='word_1_432' title='bbox 1007 3085 1146 3138; x_wconf 90' lang='lat' dir='ltr'><strong>alios</strong></span> <span class='ocrx_word' id='word_1_433' title='bbox 1174 3085 1391 3147; x_wconf 68' lang='lat' dir='ltr'><strong>cmsios,</strong></span> <span class='ocrx_word' id='word_1_434' title='bbox 1429 3085 1695 3153; x_wconf 90' lang='lat' dir='ltr'><strong>quosdam</strong></span> <span class='ocrx_word' id='word_1_435' title='bbox 1725 3100 1856 3140; x_wconf 86' lang='lat' dir='ltr'><strong>vero</strong></span> <span class='ocrx_word' id='word_1_436' title='bbox 1882 3085 2041 3139; x_wconf 77' lang='lat' dir='ltr'><strong>fulvo:</strong></span> 
     </span>
    </p>
   </div>
   <div class='ocr_carea' id='block_1_56' title="bbox 2144 3085 3746 3160">
    <p class='ocr_par' dir='ltr' id='par_1_56' title="bbox 2164 3087 3746 3160">
     <span class='ocr_line' id='line_1_56' title="bbox 2164 3087 3746 3160; baseline 0.003 -20"><span class='ocrx_word' id='word_1_437' title='bbox 2164 3105 2263 3152; x_wconf 88' lang='grc' dir='ltr'><strong>νας</strong></span> <span class='ocrx_word' id='word_1_438' title='bbox 2294 3087 2516 3158; x_wconf 79' lang='grc' dir='ltr'>ἔχοντας</span> <span class='ocrx_word' id='word_1_439' title='bbox 2543 3089 2882 3159; x_wconf 76' lang='grc' dir='ltr'>ὀφθαλμοὺς,</span> <span class='ocrx_word' id='word_1_440' title='bbox 2922 3090 3047 3155; x_wconf 81' lang='grc' dir='ltr'>τοὺς</span> <span class='ocrx_word' id='word_1_441' title='bbox 3093 3091 3150 3144; x_wconf 86' lang='grc' dir='ltr'>δὲ</span> <span class='ocrx_word' id='word_1_442' title='bbox 3181 3093 3492 3160; x_wconf 71' lang='grc' dir='ltr'>γλαυκοὺς,</span> <span class='ocrx_word' id='word_1_443' title='bbox 3536 3093 3661 3154; x_wconf 75' lang='grc' dir='ltr'>τοὺς</span> <span class='ocrx_word' id='word_1_444' title='bbox 3690 3093 3746 3145; x_wconf 75' lang='grc' dir='ltr'>δὲ</span> 
     </span>
    </p>
   </div>
   <div class='ocr_carea' id='block_1_57' title="bbox 470 3176 2041 3255">
    <p class='ocr_par' dir='ltr' id='par_1_57' title="bbox 470 3176 2041 3252">
     <span class='ocr_line' id='line_1_57' title="bbox 470 3176 2041 3252; baseline -0.002 -16"><span class='ocrx_word' id='word_1_445' title='bbox 470 3181 815 3252; x_wconf 71' lang='lat' dir='ltr'><strong>inspicimus.</strong></span> <span class='ocrx_word' id='word_1_446' title='bbox 833 3177 1020 3248; x_wconf 86' lang='lat' dir='ltr'><strong>Neque</strong></span> <span class='ocrx_word' id='word_1_447' title='bbox 1034 3177 1177 3231; x_wconf 89' lang='lat' dir='ltr'><strong>enim</strong></span> <span class='ocrx_word' id='word_1_448' title='bbox 1197 3176 1365 3231; x_wconf 89' lang='lat' dir='ltr'><strong>latere</strong></span> <span class='ocrx_word' id='word_1_449' title='bbox 1387 3191 1485 3230; x_wconf 90' lang='lat' dir='ltr'><strong>nos</strong></span> <span class='ocrx_word' id='word_1_450' title='bbox 1501 3176 1657 3232; x_wconf 90' lang='lat' dir='ltr'><strong>decet</strong></span> <span class='ocrx_word' id='word_1_451' title='bbox 1675 3178 1861 3232; x_wconf 89' lang='lat' dir='ltr'><strong>oculos</strong></span> <span class='ocrx_word' id='word_1_452' title='bbox 1882 3178 2041 3248; x_wconf 68' lang='lat' dir='ltr'><strong>ipsos,</strong></span> 
     </span>
    </p>
   </div>
   <div class='ocr_carea' id='block_1_58' title="bbox 2144 3176 3743 3255">
    <p class='ocr_par' dir='ltr' id='par_1_58' title="bbox 2163 3181 3743 3255">
     <span class='ocr_line' id='line_1_58' title="bbox 2163 3181 3743 3255; baseline 0.003 -24"><span class='ocrx_word' id='word_1_453' title='bbox 2163 3181 2440 3251; x_wconf 80' lang='grc' dir='ltr'>χαροπούς</span> <span class='ocrx_word' id='word_1_454' title='bbox 2479 3182 2545 3235; x_wconf 85' lang='grc'><strong>⁷⁸.</strong></span> <span class='ocrx_word' id='word_1_455' title='bbox 2578 3184 2671 3234; x_wconf 85' lang='grc' dir='ltr'>Δεῖ</span> <span class='ocrx_word' id='word_1_456' title='bbox 2699 3182 2882 3236; x_wconf 83' lang='grc' dir='ltr'>τοίνυν</span> <span class='ocrx_word' id='word_1_457' title='bbox 2911 3183 3113 3237; x_wconf 75' lang='grc' dir='ltr'>εἰδέναι</span> <span class='ocrx_word' id='word_1_458' title='bbox 3142 3185 3224 3238; x_wconf 83' lang='grc' dir='ltr'>ὅτι</span> <span class='ocrx_word' id='word_1_459' title='bbox 3256 3187 3283 3238; x_wconf 85' lang='lat'><strong>6</strong></span> <span class='ocrx_word' id='word_1_460' title='bbox 3335 3185 3613 3255; x_wconf 76' lang='grc' dir='ltr'>ὀφθαλμὸς</span> <span class='ocrx_word' id='word_1_461' title='bbox 3647 3187 3743 3237; x_wconf 73' lang='grc' dir='ltr'>καὶ</span> 
     </span>
    </p>
   </div>
   <div class='ocr_carea' id='block_1_59' title="bbox 467 3266 2051 3342">
    <p class='ocr_par' dir='ltr' id='par_1_59' title="bbox 467 3266 2051 3342">
     <span class='ocr_line' id='line_1_59' title="bbox 467 3266 2051 3342; baseline -0.002 -14"><span class='ocrx_word' id='word_1_462' title='bbox 467 3284 582 3328; x_wconf 86' lang='lat' dir='ltr'><strong>tum</strong></span> <span class='ocrx_word' id='word_1_463' title='bbox 626 3271 859 3342; x_wconf 89' lang='lat' dir='ltr'><strong>plurima</strong></span> <span class='ocrx_word' id='word_1_464' title='bbox 891 3268 1111 3324; x_wconf 88' lang='lat' dir='ltr'><strong>nomina</strong></span> <span class='ocrx_word' id='word_1_465' title='bbox 1161 3266 1368 3331; x_wconf 90' lang='lat' dir='ltr'><strong>sortiri,</strong></span> <span class='ocrx_word' id='word_1_466' title='bbox 1401 3275 1513 3321; x_wconf 93' lang='lat' dir='ltr'><strong>tum</strong></span> <span class='ocrx_word' id='word_1_467' title='bbox 1546 3282 1668 3322; x_wconf 89' lang='lat' dir='ltr'><strong>esse</strong></span> <span class='ocrx_word' id='word_1_468' title='bbox 1707 3267 1956 3337; x_wconf 90' lang='lat' dir='ltr'><strong>pluribus</strong></span> <span class='ocrx_word' id='word_1_469' title='bbox 1984 3283 2051 3324; x_wconf 78' lang='lat' dir='ltr'><strong>ex</strong></span> 
     </span>
    </p>
   </div>
   <div class='ocr_carea' id='block_1_60' title="bbox 469 3359 2050 3439">
    <p class='ocr_par' dir='ltr' id='par_1_60' title="bbox 469 3359 2050 3439">
     <span class='ocr_line' id='line_1_60' title="bbox 469 3359 2050 3439; baseline -0.003 -20"><span class='ocrx_word' id='word_1_470' title='bbox 469 3367 715 3439; x_wconf 82' lang='lat' dir='ltr'><strong>partibus</strong></span> <span class='ocrx_word' id='word_1_471' title='bbox 762 3362 1122 3433; x_wconf 89' lang='lat' dir='ltr'><strong>compositos,</strong></span> <span class='ocrx_word' id='word_1_472' title='bbox 1170 3363 1425 3431; x_wconf 87' lang='lat' dir='ltr'><strong>quodque</strong></span> <span class='ocrx_word' id='word_1_473' title='bbox 1475 3359 1769 3425; x_wconf 91' lang='lat' dir='ltr'><strong>tuniculas,</strong></span> <span class='ocrx_word' id='word_1_474' title='bbox 1805 3360 1897 3415; x_wconf 92' lang='lat' dir='ltr'><strong>alii</strong></span> <span class='ocrx_word' id='word_1_475' title='bbox 1945 3363 2050 3415; x_wconf 89' lang='lat' dir='ltr'><strong>hu-</strong></span> 
     </span>
    </p>
   </div>
   <div class='ocr_carea' id='block_1_61' title="bbox 2160 3270 3741 3342">
    <p class='ocr_par' dir='ltr' id='par_1_61' title="bbox 2160 3270 3741 3342">
     <span class='ocr_line' id='line_1_61' title="bbox 2160 3270 3741 3342; baseline 0.003 -21"><span class='ocrx_word' id='word_1_476' title='bbox 2160 3270 2378 3333; x_wconf 83' lang='grc' dir='ltr'>πολλοῖς</span> <span class='ocrx_word' id='word_1_477' title='bbox 2413 3271 2644 3342; x_wconf 83' lang='grc' dir='ltr'>ὀνόμασι</span> <span class='ocrx_word' id='word_1_478' title='bbox 2677 3272 3034 3342; x_wconf 76' lang='grc' dir='ltr'>ὀνομάζεται,</span> <span class='ocrx_word' id='word_1_479' title='bbox 3079 3274 3174 3328; x_wconf 76' lang='grc' dir='ltr'>καὶ</span> <span class='ocrx_word' id='word_1_480' title='bbox 3201 3277 3264 3327; x_wconf 83' lang='grc' dir='ltr'>ἐκ</span> <span class='ocrx_word' id='word_1_481' title='bbox 3317 3274 3575 3327; x_wconf 85' lang='grc' dir='ltr'>πλειόνων</span> <span class='ocrx_word' id='word_1_482' title='bbox 3606 3273 3741 3341; x_wconf 82' lang='grc' dir='ltr'><strong>σύγ-</strong></span> 
     </span>
    </p>
   </div>
   <div class='ocr_carea' id='block_1_62' title="bbox 2157 3364 3737 3438">
    <p class='ocr_par' dir='ltr' id='par_1_62' title="bbox 2157 3364 3737 3438">
     <span class='ocr_line' id='line_1_62' title="bbox 2157 3364 3737 3438; baseline 0.002 -22"><span class='ocrx_word' id='word_1_483' title='bbox 2157 3381 2337 3417; x_wconf 87' lang='grc' dir='ltr'>κειται</span> <span class='ocrx_word' id='word_1_484' title='bbox 2364 3364 2571 3436; x_wconf 85' lang='grc' dir='ltr'>μορίων</span> <span class='ocrx_word' id='word_1_485' title='bbox 2595 3379 2609 3394; x_wconf 86' lang='lat'><strong><em>°</em></strong></span> <span class='ocrx_word' id='word_1_486' title='bbox 2641 3365 2703 3418; x_wconf 82' lang='grc' dir='ltr'>τὺ</span> <span class='ocrx_word' id='word_1_487' title='bbox 2737 3365 2837 3436; x_wconf 80' lang='grc' dir='ltr'>μὲν</span> <span class='ocrx_word' id='word_1_488' title='bbox 2872 3367 2916 3398; x_wconf 70' lang='grc' dir='ltr'><strong>’τ’</strong></span> <span class='ocrx_word' id='word_1_489' title='bbox 2937 3367 3144 3438; x_wconf 82' lang='grc' dir='ltr'>ὑγρῶν,</span> <span class='ocrx_word' id='word_1_490' title='bbox 3167 3367 3229 3420; x_wconf 80' lang='grc' dir='ltr'>τὸ</span> <span class='ocrx_word' id='word_1_491' title='bbox 3248 3367 3305 3420; x_wconf 83' lang='grc' dir='ltr'>δὲ</span> <span class='ocrx_word' id='word_1_492' title='bbox 3329 3369 3374 3399; x_wconf 72' lang='grc'><strong>⁸⁸</strong></span> <span class='ocrx_word' id='word_1_493' title='bbox 3403 3365 3646 3438; x_wconf 81' lang='grc' dir='ltr'>χιτώνων</span> <span class='ocrx_word' id='word_1_494' title='bbox 3669 3367 3737 3419; x_wconf 63' lang='grc'>⁸³⁸.</span> 
     </span>
    </p>
   </div>
   <div class='ocr_carea' id='block_1_63' title="bbox 468 3449 2041 3532">
    <p class='ocr_par' dir='ltr' id='par_1_63' title="bbox 468 3449 2041 3523">
     <span class='ocr_line' id='line_1_63' title="bbox 468 3449 2041 3523; baseline -0.001 -13"><span class='ocrx_word' id='word_1_495' title='bbox 468 3457 664 3523; x_wconf 73' lang='lat' dir='ltr'><strong>mitias,</strong></span> <span class='ocrx_word' id='word_1_496' title='bbox 700 3455 790 3509; x_wconf 91' lang='lat' dir='ltr'><strong>alii</strong></span> <span class='ocrx_word' id='word_1_497' title='bbox 837 3468 968 3509; x_wconf 92' lang='lat' dir='ltr'><strong>vero</strong></span> <span class='ocrx_word' id='word_1_498' title='bbox 1006 3451 1180 3506; x_wconf 88' lang='lat' dir='ltr'><strong>siccas</strong></span> <span class='ocrx_word' id='word_1_499' title='bbox 1223 3450 1442 3505; x_wconf 86' lang='lat' dir='ltr'><strong>habent.</strong></span> <span class='ocrx_word' id='word_1_500' title='bbox 1497 3449 1605 3504; x_wconf 91' lang='lat' dir='ltr'><strong>Sed</strong></span> <span class='ocrx_word' id='word_1_501' title='bbox 1653 3451 1732 3505; x_wconf 85' lang='lat' dir='ltr'><strong>uti</strong></span> <span class='ocrx_word' id='word_1_502' title='bbox 1781 3451 1942 3508; x_wconf 88' lang='lat' dir='ltr'><strong>nobis</strong></span> <span class='ocrx_word' id='word_1_503' title='bbox 1983 3452 2041 3508; x_wconf 80' lang='lat' dir='ltr'><strong>de</strong></span> 
     </span>
    </p>
   </div>
   <div class='ocr_carea' id='block_1_64' title="bbox 2144 3449 3742 3532">
    <p class='ocr_par' dir='ltr' id='par_1_64' title="bbox 2155 3457 3742 3532">
     <span class='ocr_line' id='line_1_64' title="bbox 2155 3457 3742 3532; baseline 0.001 -22"><span class='ocrx_word' id='word_1_504' title='bbox 2155 3457 2268 3510; x_wconf 80' lang='lat' dir='ltr'><strong>Kal.</strong></span> <span class='ocrx_word' id='word_1_505' title='bbox 2302 3457 2388 3512; x_wconf 82' lang='grc' dir='ltr'>ἵνα</span> <span class='ocrx_word' id='word_1_506' title='bbox 2439 3458 2646 3512; x_wconf 80' lang='grc' dir='ltr'>τούτων</span> <span class='ocrx_word' id='word_1_507' title='bbox 2689 3459 2938 3529; x_wconf 76' lang='grc' dir='ltr'>εἴπωμεν</span> <span class='ocrx_word' id='word_1_508' title='bbox 2982 3459 3052 3513; x_wconf 91' lang='grc' dir='ltr'><strong>τά</strong></span> <span class='ocrx_word' id='word_1_509' title='bbox 3093 3477 3153 3514; x_wconf 89' lang='grc' dir='ltr'><strong>τε</strong></span> <span class='ocrx_word' id='word_1_510' title='bbox 3199 3460 3462 3532; x_wconf 83' lang='grc' dir='ltr'>ὀνόματα,</span> <span class='ocrx_word' id='word_1_511' title='bbox 3516 3459 3613 3513; x_wconf 74' lang='grc' dir='ltr'><strong>καὶ</strong></span> <span class='ocrx_word' id='word_1_512' title='bbox 3648 3459 3742 3512; x_wconf 72' lang='grc' dir='ltr'>τὸν</span> 
     </span>
    </p>
   </div>
   <div class='ocr_carea' id='block_1_65' title="bbox 463 3540 2046 3611">
    <p class='ocr_par' dir='ltr' id='par_1_65' title="bbox 463 3540 2046 3611">
     <span class='ocr_line' id='line_1_65' title="bbox 463 3540 2046 3611; baseline -0.003 -8"><span class='ocrx_word' id='word_1_513' title='bbox 463 3564 654 3605; x_wconf 86' lang='lat' dir='ltr'><strong>eorum</strong></span> <span class='ocrx_word' id='word_1_514' title='bbox 701 3545 1017 3601; x_wconf 92' lang='lat' dir='ltr'><strong>nominibus</strong></span> <span class='ocrx_word' id='word_1_515' title='bbox 1072 3540 1423 3611; x_wconf 89' lang='lat' dir='ltr'><strong>numerisque</strong></span> <span class='ocrx_word' id='word_1_516' title='bbox 1461 3550 1517 3596; x_wconf 92' lang='lat' dir='ltr'><strong>et</strong></span> <span class='ocrx_word' id='word_1_517' title='bbox 1566 3551 1796 3608; x_wconf 77' lang='lat' dir='ltr'><strong>exortu,</strong></span> <span class='ocrx_word' id='word_1_518' title='bbox 1829 3558 2046 3600; x_wconf 87' lang='lat' dir='ltr'><strong>necnon</strong></span> 
     </span>
    </p>
   </div>
   <div class='ocr_carea' id='block_1_66' title="bbox 466 3634 2046 3704">
    <p class='ocr_par' dir='ltr' id='par_1_66' title="bbox 466 3634 2046 3704">
     <span class='ocr_line' id='line_1_66' title="bbox 466 3634 2046 3704; baseline -0.002 -12"><span class='ocrx_word' id='word_1_519' title='bbox 466 3641 659 3696; x_wconf 89' lang='lat' dir='ltr'><strong>usibus</strong></span> <span class='ocrx_word' id='word_1_520' title='bbox 711 3647 766 3694; x_wconf 92' lang='lat' dir='ltr'><strong>et</strong></span> <span class='ocrx_word' id='word_1_521' title='bbox 801 3636 1111 3692; x_wconf 87' lang='lat' dir='ltr'><strong>actionibus</strong></span> <span class='ocrx_word' id='word_1_522' title='bbox 1148 3634 1309 3704; x_wconf 87' lang='lat' dir='ltr'><strong>plane</strong></span> <span class='ocrx_word' id='word_1_523' title='bbox 1343 3643 1576 3700; x_wconf 88' lang='lat' dir='ltr'><strong>constet,</strong></span> <span class='ocrx_word' id='word_1_524' title='bbox 1604 3634 1672 3689; x_wconf 88' lang='lat' dir='ltr'><strong>ab</strong></span> <span class='ocrx_word' id='word_1_525' title='bbox 1701 3635 1804 3690; x_wconf 91' lang='lat' dir='ltr'><strong>hoc</strong></span> <span class='ocrx_word' id='word_1_526' title='bbox 1853 3634 2046 3692; x_wconf 87' lang='lat' dir='ltr'><strong>subin-</strong></span> 
     </span>
    </p>
   </div>
   <div class='ocr_carea' id='block_1_67' title="bbox 462 3727 1153 3800">
    <p class='ocr_par' dir='ltr' id='par_1_67' title="bbox 462 3727 1153 3800">
     <span class='ocr_line' id='line_1_67' title="bbox 462 3727 1153 3800; baseline -0.007 -15"><span class='ocrx_word' id='word_1_527' title='bbox 462 3735 530 3786; x_wconf 84' lang='lat' dir='ltr'><strong>de</strong></span> <span class='ocrx_word' id='word_1_528' title='bbox 551 3729 822 3800; x_wconf 88' lang='lat' dir='ltr'><strong>principio</strong></span> <span class='ocrx_word' id='word_1_529' title='bbox 851 3727 1153 3783; x_wconf 90' lang='lat' dir='ltr'><strong>ordiemur.</strong></span> 
     </span>
    </p>
   </div>
   <div class='ocr_carea' id='block_1_68' title="bbox 534 3839 2047 3912">
    <p class='ocr_par' dir='ltr' id='par_1_68' title="bbox 534 3839 2047 3912">
     <span class='ocr_line' id='line_1_68' title="bbox 534 3839 2047 3912; baseline -0.001 -14"><span class='ocrx_word' id='word_1_530' title='bbox 534 3843 846 3900; x_wconf 86' lang='lat' dir='ltr'><strong>Notandum</strong></span> <span class='ocrx_word' id='word_1_531' title='bbox 887 3840 1108 3912; x_wconf 88' lang='lat' dir='ltr'><strong>quidem</strong></span> <span class='ocrx_word' id='word_1_532' title='bbox 1158 3849 1276 3906; x_wconf 90' lang='lat' dir='ltr'><strong>est,</strong></span> <span class='ocrx_word' id='word_1_533' title='bbox 1307 3840 1451 3911; x_wconf 91' lang='lat' dir='ltr'><strong>quod</strong></span> <span class='ocrx_word' id='word_1_534' title='bbox 1508 3839 1708 3910; x_wconf 83' lang='lat' dir='ltr'><strong>gemini</strong></span> <span class='ocrx_word' id='word_1_535' title='bbox 1750 3855 1780 3894; x_wconf 91' lang='lat' dir='ltr'><strong>a</strong></span> <span class='ocrx_word' id='word_1_536' title='bbox 1821 3841 2047 3899; x_wconf 89' lang='lat' dir='ltr'><strong>cerebro</strong></span> 
     </span>
    </p>
   </div>
   <div class='ocr_carea' id='block_1_69' title="bbox 461 3932 2044 4006">
    <p class='ocr_par' dir='ltr' id='par_1_69' title="bbox 461 3932 2044 4006">
     <span class='ocr_line' id='line_1_69' title="bbox 461 3932 2044 4006; baseline -0.001 -14"><span class='ocrx_word' id='word_1_537' title='bbox 461 3938 615 3992; x_wconf 83' lang='lat' dir='ltr'><strong>nervi</strong></span> <span class='ocrx_word' id='word_1_538' title='bbox 665 3935 1103 4006; x_wconf 88' lang='lat' dir='ltr'><strong>protenduntur,</strong></span> <span class='ocrx_word' id='word_1_539' title='bbox 1146 3934 1238 4003; x_wconf 90' lang='lat' dir='ltr'><strong>qui</strong></span> <span class='ocrx_word' id='word_1_540' title='bbox 1291 3949 1320 3987; x_wconf 87' lang='lat' dir='ltr'><strong>a</strong></span> <span class='ocrx_word' id='word_1_541' title='bbox 1366 3932 1570 3989; x_wconf 73' lang='lat' dir='ltr'><strong>Grtecis</strong></span> <span class='ocrx_word' id='word_1_542' title='bbox 1621 3934 1866 3999; x_wconf 86' lang='grc' dir='ltr'>ὀπτικοί,</span> <span class='ocrx_word' id='word_1_543' title='bbox 1899 3935 2044 4004; x_wconf 93' lang='lat' dir='ltr'><strong>quod</strong></span> 
     </span>
    </p>
   </div>
   <div class='ocr_carea' id='block_1_70' title="bbox 461 4026 2043 4097">
    <p class='ocr_par' dir='ltr' id='par_1_70' title="bbox 461 4026 2043 4097">
     <span class='ocr_line' id='line_1_70' title="bbox 461 4026 2043 4097; baseline -0.002 -13"><span class='ocrx_word' id='word_1_544' title='bbox 461 4031 602 4087; x_wconf 83' lang='lat' dir='ltr'><strong>visui</strong></span> <span class='ocrx_word' id='word_1_545' title='bbox 649 4028 900 4084; x_wconf 86' lang='lat' dir='ltr'><strong>videlicet</strong></span> <span class='ocrx_word' id='word_1_546' title='bbox 951 4026 1285 4091; x_wconf 84' lang='lat' dir='ltr'><strong>inserviant,</strong></span> <span class='ocrx_word' id='word_1_547' title='bbox 1330 4036 1737 4097; x_wconf 90' lang='lat' dir='ltr'><strong>nuncupantur.</strong></span> <span class='ocrx_word' id='word_1_548' title='bbox 1802 4026 2043 4082; x_wconf 87' lang='lat' dir='ltr'><strong>Primum</strong></span> 
     </span>
    </p>
   </div>
   <div class='ocr_carea' id='block_1_71' title="bbox 459 4117 2044 4192">
    <p class='ocr_par' dir='ltr' id='par_1_71' title="bbox 459 4117 2044 4192">
     <span class='ocr_line' id='line_1_71' title="bbox 459 4117 2044 4192; baseline -0.003 -14"><span class='ocrx_word' id='word_1_549' title='bbox 459 4123 681 4192; x_wconf 86' lang='lat' dir='ltr'><strong>quidem</strong></span> <span class='ocrx_word' id='word_1_550' title='bbox 744 4119 876 4176; x_wconf 84' lang='lat' dir='ltr'><strong>huic</strong></span> <span class='ocrx_word' id='word_1_551' title='bbox 931 4118 1147 4186; x_wconf 87' lang='lat' dir='ltr'><strong>sensui,</strong></span> <span class='ocrx_word' id='word_1_552' title='bbox 1199 4118 1484 4174; x_wconf 86' lang='lat' dir='ltr'><strong>cerebrum</strong></span> <span class='ocrx_word' id='word_1_553' title='bbox 1536 4118 1716 4189; x_wconf 88' lang='lat' dir='ltr'><strong>ipsum</strong></span> <span class='ocrx_word' id='word_1_554' title='bbox 1767 4117 1867 4175; x_wconf 93' lang='lat' dir='ltr'><strong>hos</strong></span> <span class='ocrx_word' id='word_1_555' title='bbox 1916 4135 2044 4175; x_wconf 89' lang='lat' dir='ltr'><strong>ner-</strong></span> 
     </span>
    </p>
   </div>
   <div class='ocr_carea' id='block_1_72' title="bbox 461 4211 2042 4285">
    <p class='ocr_par' dir='ltr' id='par_1_72' title="bbox 461 4211 2042 4285">
     <span class='ocr_line' id='line_1_72' title="bbox 461 4211 2042 4285; baseline -0.002 -14"><span class='ocrx_word' id='word_1_556' title='bbox 461 4232 578 4280; x_wconf 79' lang='lat' dir='ltr'><strong>vos,</strong></span> <span class='ocrx_word' id='word_1_557' title='bbox 613 4213 962 4285; x_wconf 88' lang='lat' dir='ltr'><strong>postmodum</strong></span> <span class='ocrx_word' id='word_1_558' title='bbox 993 4211 1092 4268; x_wconf 90' lang='lat' dir='ltr'><strong>toti</strong></span> <span class='ocrx_word' id='word_1_559' title='bbox 1127 4211 1344 4282; x_wconf 89' lang='lat' dir='ltr'><strong>corpori</strong></span> <span class='ocrx_word' id='word_1_560' title='bbox 1387 4211 1697 4278; x_wconf 89' lang='lat' dir='ltr'><strong>impertitur</strong></span> <span class='ocrx_word' id='word_1_561' title='bbox 1732 4230 1746 4266; x_wconf 92' lang='lat'><strong>:</strong></span> <span class='ocrx_word' id='word_1_562' title='bbox 1783 4213 1878 4268; x_wconf 89' lang='lat' dir='ltr'><strong>sed</strong></span> <span class='ocrx_word' id='word_1_563' title='bbox 1901 4214 2042 4270; x_wconf 89' lang='lat' dir='ltr'><strong>inter</strong></span> 
     </span>
    </p>
   </div>
   <div class='ocr_carea' id='block_1_73' title="bbox 457 4301 2040 4376">
    <p class='ocr_par' dir='ltr' id='par_1_73' title="bbox 457 4301 2040 4376">
     <span class='ocr_line' id='line_1_73' title="bbox 457 4301 2040 4376; baseline -0.003 -14"><span class='ocrx_word' id='word_1_564' title='bbox 457 4305 940 4376; x_wconf 71' lang='lat' dir='ltr'><strong>hos-corporisque</strong></span> <span class='ocrx_word' id='word_1_565' title='bbox 974 4318 1170 4358; x_wconf 84' lang='lat' dir='ltr'><strong>nervos</strong></span> <span class='ocrx_word' id='word_1_566' title='bbox 1205 4302 1307 4357; x_wconf 91' lang='lat' dir='ltr'><strong>hoc</strong></span> <span class='ocrx_word' id='word_1_567' title='bbox 1344 4301 1596 4368; x_wconf 89' lang='lat' dir='ltr'><strong>interest,</strong></span> <span class='ocrx_word' id='word_1_568' title='bbox 1621 4302 1768 4374; x_wconf 91' lang='lat' dir='ltr'><strong>quod</strong></span> <span class='ocrx_word' id='word_1_569' title='bbox 1793 4303 2040 4374; x_wconf 90' lang='lat' dir='ltr'><strong>corporis</strong></span> 
     </span>
    </p>
   </div>
   <div class='ocr_carea' id='block_1_74' title="bbox 455 4396 2035 4465">
    <p class='ocr_par' dir='ltr' id='par_1_74' title="bbox 455 4396 2035 4465">
     <span class='ocr_line' id='line_1_74' title="bbox 455 4396 2035 4465; baseline -0.004 -8"><span class='ocrx_word' id='word_1_570' title='bbox 455 4403 608 4457; x_wconf 86' lang='lat' dir='ltr'><strong>nervi</strong></span> <span class='ocrx_word' id='word_1_571' title='bbox 671 4399 851 4465; x_wconf 82' lang='lat' dir='ltr'><strong>solidi,</strong></span> <span class='ocrx_word' id='word_1_572' title='bbox 884 4413 1007 4453; x_wconf 73' lang='lat' dir='ltr'><strong>.nec</strong></span> <span class='ocrx_word' id='word_1_573' title='bbox 1065 4396 1185 4453; x_wconf 89' lang='lat' dir='ltr'><strong>cavi</strong></span> <span class='ocrx_word' id='word_1_574' title='bbox 1239 4404 1400 4461; x_wconf 89' lang='lat' dir='ltr'><strong>sunt;</strong></span> <span class='ocrx_word' id='word_1_575' title='bbox 1451 4396 1507 4450; x_wconf 87' lang='lat' dir='ltr'><strong>hi</strong></span> <span class='ocrx_word' id='word_1_576' title='bbox 1544 4411 1673 4451; x_wconf 83' lang='lat' dir='ltr'><strong>vero</strong></span> <span class='ocrx_word' id='word_1_577' title='bbox 1730 4396 2035 4462; x_wconf 84' lang='lat' dir='ltr'><strong>ﬁstulares,</strong></span> 
     </span>
    </p>
   </div>
   <div class='ocr_carea' id='block_1_75' title="bbox 455 4489 2112 4574">
    <p class='ocr_par' dir='ltr' id='par_1_75' title="bbox 455 4489 2112 4574">
     <span class='ocr_line' id='line_1_75' title="bbox 455 4489 2112 4574; baseline -0.004 -25"><span class='ocrx_word' id='word_1_578' title='bbox 455 4493 829 4562; x_wconf 88' lang='lat' dir='ltr'><strong>terebratique</strong></span> <span class='ocrx_word' id='word_1_579' title='bbox 874 4500 1038 4554; x_wconf 87' lang='lat' dir='ltr'><strong>sunt,</strong></span> <span class='ocrx_word' id='word_1_580' title='bbox 1071 4505 1182 4559; x_wconf 88' lang='lat' dir='ltr'><strong>quo</strong></span> <span class='ocrx_word' id='word_1_581' title='bbox 1234 4489 1468 4544; x_wconf 86' lang='lat' dir='ltr'><strong>visibilis</strong></span> <span class='ocrx_word' id='word_1_582' title='bbox 1515 4489 1742 4558; x_wconf 82' lang='lat' dir='ltr'><strong>spiritus</strong></span> <span class='ocrx_word' id='word_1_583' title='bbox 1783 4503 1877 4556; x_wconf 91' lang='lat' dir='ltr'><strong>per</strong></span> <span class='ocrx_word' id='word_1_584' title='bbox 1907 4489 2035 4552; x_wconf 91' lang='lat' dir='ltr'><strong>hos,</strong></span> <span class='ocrx_word' id='word_1_585' title='bbox 2071 4520 2112 4574; x_wconf 70' lang='grc' dir='ltr'><strong><em>υ</em></strong></span> 
     </span>
    </p>
   </div>
   <div class='ocr_carea' id='block_1_76' title="bbox 453 4577 2035 4652">
    <p class='ocr_par' dir='ltr' id='par_1_76' title="bbox 453 4577 2035 4652">
     <span class='ocr_line' id='line_1_76' title="bbox 453 4577 2035 4652; baseline -0.003 -15"><span class='ocrx_word' id='word_1_586' title='bbox 453 4600 552 4637; x_wconf 85' lang='lat' dir='ltr'><strong>ceu</strong></span> <span class='ocrx_word' id='word_1_587' title='bbox 608 4597 703 4652; x_wconf 90' lang='lat' dir='ltr'><strong>per</strong></span> <span class='ocrx_word' id='word_1_588' title='bbox 760 4581 1116 4650; x_wconf 73' lang='lat' dir='ltr'><strong>aquaeductus</strong></span> <span class='ocrx_word' id='word_1_589' title='bbox 1165 4578 1234 4632; x_wconf 91' lang='lat' dir='ltr'><strong>ad</strong></span> <span class='ocrx_word' id='word_1_590' title='bbox 1288 4579 1477 4633; x_wconf 89' lang='lat' dir='ltr'><strong>oculos</strong></span> <span class='ocrx_word' id='word_1_591' title='bbox 1539 4587 1870 4646; x_wconf 79' lang='lat' dir='ltr'><strong>penetraret.</strong></span> <span class='ocrx_word' id='word_1_592' title='bbox 1925 4577 2035 4633; x_wconf 83' lang='lat' dir='ltr'><strong>llos</strong></span> 
     </span>
    </p>
   </div>
   <div class='ocr_carea' id='block_1_77' title="bbox 452 4666 2030 4744">
    <p class='ocr_par' dir='ltr' id='par_1_77' title="bbox 452 4666 2030 4744">
     <span class='ocr_line' id='line_1_77' title="bbox 452 4666 2030 4744; baseline -0.002 -17"><span class='ocrx_word' id='word_1_593' title='bbox 452 4676 616 4744; x_wconf 83' lang='lat' dir='ltr'><strong>igitur</strong></span> <span class='ocrx_word' id='word_1_594' title='bbox 641 4687 837 4727; x_wconf 90' lang='lat' dir='ltr'><strong>nervos</strong></span> <span class='ocrx_word' id='word_1_595' title='bbox 870 4672 925 4724; x_wconf 91' lang='lat' dir='ltr'><strong>in</strong></span> <span class='ocrx_word' id='word_1_596' title='bbox 967 4670 1111 4724; x_wconf 91' lang='lat' dir='ltr'><strong>oculi</strong></span> <span class='ocrx_word' id='word_1_597' title='bbox 1141 4669 1410 4724; x_wconf 88' lang='lat' dir='ltr'><strong>thalamos</strong></span> <span class='ocrx_word' id='word_1_598' title='bbox 1435 4668 1642 4737; x_wconf 85' lang='lat' dir='ltr'><strong>ingredi</strong></span> <span class='ocrx_word' id='word_1_599' title='bbox 1681 4666 2030 4724; x_wconf 88' lang='lat' dir='ltr'><strong>manifestum</strong></span> 
     </span>
    </p>
   </div>
   <div class='ocr_carea' id='block_1_78' title="bbox 452 4758 2029 4831">
    <p class='ocr_par' dir='ltr' id='par_1_78' title="bbox 452 4758 2029 4831">
     <span class='ocr_line' id='line_1_78' title="bbox 452 4758 2029 4831; baseline -0.003 -11"><span class='ocrx_word' id='word_1_600' title='bbox 452 4766 702 4821; x_wconf 89' lang='lat' dir='ltr'><strong>habetur.</strong></span> <span class='ocrx_word' id='word_1_601' title='bbox 749 4762 1048 4818; x_wconf 80' lang='lat' dir='ltr'><strong>Thalamus</strong></span> <span class='ocrx_word' id='word_1_602' title='bbox 1103 4759 1252 4815; x_wconf 90' lang='lat' dir='ltr'><strong>enim</strong></span> <span class='ocrx_word' id='word_1_603' title='bbox 1299 4759 1445 4815; x_wconf 86' lang='lat' dir='ltr'><strong>oculi</strong></span> <span class='ocrx_word' id='word_1_604' title='bbox 1489 4758 1792 4828; x_wconf 82' lang='lat' dir='ltr'><strong>penetrale,</strong></span> <span class='ocrx_word' id='word_1_605' title='bbox 1834 4759 1889 4813; x_wconf 94' lang='lat' dir='ltr'><strong>in</strong></span> <span class='ocrx_word' id='word_1_606' title='bbox 1919 4777 2029 4831; x_wconf 92' lang='lat' dir='ltr'><strong>quo</strong></span> 
     </span>
    </p>
   </div>
   <div class='ocr_carea' id='block_1_79' title="bbox 453 4847 2028 4921">
    <p class='ocr_par' dir='ltr' id='par_1_79' title="bbox 453 4847 2028 4921">
     <span class='ocr_line' id='line_1_79' title="bbox 453 4847 2028 4921; baseline -0.004 -10"><span class='ocrx_word' id='word_1_607' title='bbox 453 4856 650 4911; x_wconf 68' lang='lat' dir='ltr'><strong>tunicae</strong></span> <span class='ocrx_word' id='word_1_608' title='bbox 697 4861 914 4918; x_wconf 88' lang='lat' dir='ltr'><strong>coeunt,</strong></span> <span class='ocrx_word' id='word_1_609' title='bbox 977 4851 1274 4918; x_wconf 86' lang='lat' dir='ltr'><strong>lumenque</strong></span> <span class='ocrx_word' id='word_1_610' title='bbox 1339 4847 1611 4913; x_wconf 84' lang='lat' dir='ltr'><strong>consistit,</strong></span> <span class='ocrx_word' id='word_1_611' title='bbox 1664 4861 2028 4921; x_wconf 86' lang='lat' dir='ltr'><strong>nuncupatur.</strong></span> 
     </span>
    </p>
   </div>
   <div class='ocr_carea' id='block_1_80' title="bbox 453 4939 2029 5015">
    <p class='ocr_par' dir='ltr' id='par_1_80' title="bbox 453 4939 2029 5015">
     <span class='ocr_line' id='line_1_80' title="bbox 453 4939 2029 5015; baseline -0.004 -10"><span class='ocrx_word' id='word_1_612' title='bbox 453 4949 746 5005; x_wconf 87' lang='lat' dir='ltr'><strong>Thalamus</strong></span> <span class='ocrx_word' id='word_1_613' title='bbox 795 4943 1104 5015; x_wconf 88' lang='lat' dir='ltr'><strong>siquidem,</strong></span> <span class='ocrx_word' id='word_1_614' title='bbox 1159 4941 1317 5011; x_wconf 87' lang='lat' dir='ltr'><strong>quasi</strong></span> <span class='ocrx_word' id='word_1_615' title='bbox 1380 4939 1723 5010; x_wconf 76' lang='lat' dir='ltr'><strong>thalpamus,</strong></span> <span class='ocrx_word' id='word_1_616' title='bbox 1774 4943 1915 4997; x_wconf 90' lang='lat' dir='ltr'><strong>unde</strong></span> <span class='ocrx_word' id='word_1_617' title='bbox 1970 4952 2029 5000; x_wconf 92' lang='lat' dir='ltr'><strong>et</strong></span> 
     </span>
    </p>
   </div>
   <div class='ocr_carea' id='block_1_81' title="bbox 445 5030 2028 5107">
    <p class='ocr_par' dir='ltr' id='par_1_81' title="bbox 445 5030 2028 5107">
     <span class='ocr_line' id='line_1_81' title="bbox 445 5030 2028 5107; baseline -0.002 -14"><span class='ocrx_word' id='word_1_618' title='bbox 445 5042 673 5107; x_wconf 88' lang='lat' dir='ltr'><strong>juvenes</strong></span> <span class='ocrx_word' id='word_1_619' title='bbox 719 5039 774 5094; x_wconf 93' lang='lat' dir='ltr'><strong>in</strong></span> <span class='ocrx_word' id='word_1_620' title='bbox 816 5032 1073 5090; x_wconf 89' lang='lat' dir='ltr'><strong>thalamis</strong></span> <span class='ocrx_word' id='word_1_621' title='bbox 1102 5033 1336 5101; x_wconf 84' lang='lat' dir='ltr'><strong>degunt;</strong></span> <span class='ocrx_word' id='word_1_622' title='bbox 1369 5030 1524 5086; x_wconf 82' lang='lat' dir='ltr'><strong>decet</strong></span> <span class='ocrx_word' id='word_1_623' title='bbox 1566 5031 1709 5086; x_wconf 87' lang='lat' dir='ltr'><strong>enim</strong></span> <span class='ocrx_word' id='word_1_624' title='bbox 1770 5031 2028 5090; x_wconf 86' lang='lat' dir='ltr'><strong>ﬂorentes</strong></span> 
     </span>
    </p>
   </div>
   <div class='ocr_carea' id='block_1_82' title="bbox 448 5119 2028 5202">
    <p class='ocr_par' dir='ltr' id='par_1_82' title="bbox 448 5119 2028 5202">
     <span class='ocr_line' id='line_1_82' title="bbox 448 5119 2028 5202; baseline -0.004 -14"><span class='ocrx_word' id='word_1_625' title='bbox 448 5119 700 5202; x_wconf 71' lang='lat' dir='ltr'><strong>corpore,</strong></span> <span class='ocrx_word' id='word_1_626' title='bbox 737 5143 845 5182; x_wconf 92' lang='lat' dir='ltr'><strong>non</strong></span> <span class='ocrx_word' id='word_1_627' title='bbox 875 5127 966 5195; x_wconf 91' lang='lat' dir='ltr'><strong>qui</strong></span> <span class='ocrx_word' id='word_1_628' title='bbox 995 5125 1248 5179; x_wconf 82' lang='lat' dir='ltr'><strong>exstincti</strong></span> <span class='ocrx_word' id='word_1_629' title='bbox 1281 5122 1479 5178; x_wconf 87' lang='lat' dir='ltr'><strong>caloris</strong></span> <span class='ocrx_word' id='word_1_630' title='bbox 1512 5133 1641 5178; x_wconf 81' lang='lat' dir='ltr'><strong>sunt</strong></span> <span class='ocrx_word' id='word_1_631' title='bbox 1673 5124 1725 5178; x_wconf 92' lang='lat' dir='ltr'><strong>in</strong></span> <span class='ocrx_word' id='word_1_632' title='bbox 1771 5125 2028 5181; x_wconf 85' lang='lat' dir='ltr'><strong>thalamis</strong></span> 
     </span>
    </p>
   </div>
   <div class='ocr_carea' id='block_1_83' title="bbox 449 5214 2030 5286">
    <p class='ocr_par' dir='ltr' id='par_1_83' title="bbox 449 5214 2030 5286">
     <span class='ocr_line' id='line_1_83' title="bbox 449 5214 2030 5286; baseline -0.004 -7"><span class='ocrx_word' id='word_1_633' title='bbox 449 5225 631 5286; x_wconf 85' lang='lat' dir='ltr'><strong>coire,</strong></span> <span class='ocrx_word' id='word_1_634' title='bbox 674 5231 734 5275; x_wconf 90' lang='lat' dir='ltr'><strong>ut</strong></span> <span class='ocrx_word' id='word_1_635' title='bbox 787 5218 1055 5274; x_wconf 85' lang='lat' dir='ltr'><strong>Hesiodus</strong></span> <span class='ocrx_word' id='word_1_636' title='bbox 1094 5236 1107 5271; x_wconf 88' lang='lat'><strong>:</strong></span> <span class='ocrx_word' id='word_1_637' title='bbox 1151 5214 1255 5270; x_wconf 84' lang='lat' dir='ltr'><strong>Sed</strong></span> <span class='ocrx_word' id='word_1_638' title='bbox 1301 5217 1613 5282; x_wconf 79' lang='lat' dir='ltr'><strong>tempestivis</strong></span> <span class='ocrx_word' id='word_1_639' title='bbox 1663 5217 1913 5273; x_wconf 83' lang='lat' dir='ltr'><strong>thalamis</strong></span> <span class='ocrx_word' id='word_1_640' title='bbox 1959 5220 2030 5273; x_wconf 79' lang='lat' dir='ltr'><strong>sit</strong></span> 
     </span>
    </p>
   </div>
   <div class='ocr_carea' id='block_1_84' title="bbox 2154 3548 3730 3622">
    <p class='ocr_par' dir='ltr' id='par_1_84' title="bbox 2154 3548 3730 3622">
     <span class='ocr_line' id='line_1_84' title="bbox 2154 3548 3730 3622; baseline 0.001 -22"><span class='ocrx_word' id='word_1_641' title='bbox 2154 3548 2412 3619; x_wconf 86' lang='grc' dir='ltr'>ἀριθμὸν,</span> <span class='ocrx_word' id='word_1_642' title='bbox 2455 3551 2552 3603; x_wconf 71' lang='grc' dir='ltr'><strong>καὶ</strong></span> <span class='ocrx_word' id='word_1_643' title='bbox 2599 3549 2699 3614; x_wconf 84' lang='grc' dir='ltr'><strong>τὰς</strong></span> <span class='ocrx_word' id='word_1_644' title='bbox 2731 3550 2998 3620; x_wconf 78' lang='grc' dir='ltr'>ἐκφύσεις</span> <span class='ocrx_word' id='word_1_645' title='bbox 3021 3553 3089 3618; x_wconf 81' lang='grc'><strong>⁸¹,</strong></span> <span class='ocrx_word' id='word_1_646' title='bbox 3131 3553 3227 3606; x_wconf 81' lang='grc' dir='ltr'>καὶ</span> <span class='ocrx_word' id='word_1_647' title='bbox 3259 3553 3360 3616; x_wconf 85' lang='grc' dir='ltr'><strong>τὰς</strong></span> <span class='ocrx_word' id='word_1_648' title='bbox 3395 3551 3609 3622; x_wconf 85' lang='grc' dir='ltr'>χρείας,</span> <span class='ocrx_word' id='word_1_649' title='bbox 3644 3550 3730 3603; x_wconf 76' lang='grc' dir='ltr'>καὶ</span> 
     </span>
    </p>
   </div>
   <div class='ocr_carea' id='block_1_85' title="bbox 2152 3640 3205 3714">
    <p class='ocr_par' dir='ltr' id='par_1_85' title="bbox 2152 3640 3205 3714">
     <span class='ocr_line' id='line_1_85' title="bbox 2152 3640 3205 3714; baseline 0.006 -22"><span class='ocrx_word' id='word_1_650' title='bbox 2152 3641 2253 3705; x_wconf 76' lang='grc' dir='ltr'><strong>τὰς</strong></span> <span class='ocrx_word' id='word_1_651' title='bbox 2273 3641 2584 3713; x_wconf 75' lang='grc' dir='ltr'>ἐνεργείας,</span> <span class='ocrx_word' id='word_1_652' title='bbox 2607 3640 2859 3696; x_wconf 77' lang='grc' dir='ltr'>ἐντεῦθεν</span> <span class='ocrx_word' id='word_1_653' title='bbox 2885 3641 3205 3714; x_wconf 79' lang='grc' dir='ltr'>ἀρξώμεθα.</span> 
     </span>
    </p>
   </div>
   <div class='ocr_carea' id='block_1_86' title="bbox 2221 3835 3736 3910">
    <p class='ocr_par' dir='ltr' id='par_1_86' title="bbox 2221 3835 3736 3910">
     <span class='ocr_line' id='line_1_86' title="bbox 2221 3835 3736 3910; baseline 0.003 -21"><span class='ocrx_word' id='word_1_654' title='bbox 2221 3838 2314 3890; x_wconf 85' lang='grc' dir='ltr'>Δεῖ</span> <span class='ocrx_word' id='word_1_655' title='bbox 2345 3835 2545 3891; x_wconf 72' lang='grc' dir='ltr'>εἰδέναι</span> <span class='ocrx_word' id='word_1_656' title='bbox 2593 3837 2676 3891; x_wconf 80' lang='grc' dir='ltr'>ὅτι</span> <span class='ocrx_word' id='word_1_657' title='bbox 2720 3837 2828 3892; x_wconf 87' lang='grc' dir='ltr'><strong>ἀπὸ</strong></span> <span class='ocrx_word' id='word_1_658' title='bbox 2866 3835 2962 3890; x_wconf 81' lang='grc' dir='ltr'>τοῦ</span> <span class='ocrx_word' id='word_1_659' title='bbox 3015 3837 3326 3908; x_wconf 79' lang='grc' dir='ltr'>ἐγκεφάλου</span> <span class='ocrx_word' id='word_1_660' title='bbox 3362 3838 3660 3910; x_wconf 73' lang='grc' dir='ltr'>ἐκφέρεται</span> <span class='ocrx_word' id='word_1_661' title='bbox 3690 3840 3736 3870; x_wconf 80' lang='grc'>⁸³</span> 
     </span>
    </p>
   </div>
   <div class='ocr_carea' id='block_1_87' title="bbox 2149 3930 3736 4004">
    <p class='ocr_par' dir='ltr' id='par_1_87' title="bbox 2149 3930 3736 4004">
     <span class='ocr_line' id='line_1_87' title="bbox 2149 3930 3736 4004; baseline 0 -21"><span class='ocrx_word' id='word_1_662' title='bbox 2149 3930 2244 3984; x_wconf 80' lang='grc' dir='ltr'>δύο</span> <span class='ocrx_word' id='word_1_663' title='bbox 2268 3930 2436 4001; x_wconf 81' lang='grc' dir='ltr'>νεῦρα</span> <span class='ocrx_word' id='word_1_664' title='bbox 2464 3930 2535 3984; x_wconf 84' lang='grc' dir='ltr'>τὰ</span> <span class='ocrx_word' id='word_1_665' title='bbox 2555 3930 2772 3984; x_wconf 83' lang='grc' dir='ltr'>ὀπτικὰ</span> <span class='ocrx_word' id='word_1_666' title='bbox 2795 3933 3318 4004; x_wconf 79' lang='grc' dir='ltr'>προσαγορευόμενα</span> <span class='ocrx_word' id='word_1_667' title='bbox 3340 3949 3354 3964; x_wconf 78' lang='grc' dir='ltr'><strong><em>ο</em></strong></span> <span class='ocrx_word' id='word_1_668' title='bbox 3387 3932 3607 4004; x_wconf 83' lang='grc' dir='ltr'>πρῶτον</span> <span class='ocrx_word' id='word_1_669' title='bbox 3635 3933 3736 4002; x_wconf 75' lang='grc' dir='ltr'><strong>μὲν</strong></span> 
     </span>
    </p>
   </div>
   <div class='ocr_carea' id='block_1_88' title="bbox 2148 4022 3731 4095">
    <p class='ocr_par' dir='ltr' id='par_1_88' title="bbox 2148 4022 3731 4095">
     <span class='ocr_line' id='line_1_88' title="bbox 2148 4022 3731 4095; baseline 0.003 -21"><span class='ocrx_word' id='word_1_670' title='bbox 2148 4023 2259 4094; x_wconf 84' lang='grc' dir='ltr'><strong>γὰρ</strong></span> <span class='ocrx_word' id='word_1_671' title='bbox 2283 4023 2459 4094; x_wconf 83' lang='grc' dir='ltr'>ταύτῃ</span> <span class='ocrx_word' id='word_1_672' title='bbox 2489 4025 2555 4094; x_wconf 80' lang='grc' dir='ltr'>τῇ</span> <span class='ocrx_word' id='word_1_673' title='bbox 2585 4022 2839 4095; x_wconf 78' lang='grc' dir='ltr'>αἰσθήσει</span> <span class='ocrx_word' id='word_1_674' title='bbox 2868 4024 3078 4095; x_wconf 82' lang='grc' dir='ltr'>πέμπει</span> <span class='ocrx_word' id='word_1_675' title='bbox 3114 4027 3142 4078; x_wconf 95' lang='lat'><strong>6</strong></span> <span class='ocrx_word' id='word_1_676' title='bbox 3173 4024 3481 4094; x_wconf 77' lang='grc' dir='ltr'>ἐγκέφαλος</span> <span class='ocrx_word' id='word_1_677' title='bbox 3519 4026 3690 4095; x_wconf 84' lang='grc' dir='ltr'>νεῦρα</span> <span class='ocrx_word' id='word_1_678' title='bbox 3717 4039 3731 4054; x_wconf 90' lang='grc'><strong>·</strong></span> 
     </span>
    </p>
   </div>
   <div class='ocr_carea' id='block_1_89' title="bbox 2147 4114 3734 4188">
    <p class='ocr_par' dir='ltr' id='par_1_89' title="bbox 2147 4114 3734 4188">
     <span class='ocr_line' id='line_1_89' title="bbox 2147 4114 3734 4188; baseline 0 -19"><span class='ocrx_word' id='word_1_679' title='bbox 2147 4116 2341 4169; x_wconf 74' lang='grc' dir='ltr'>ἔπειτα</span> <span class='ocrx_word' id='word_1_680' title='bbox 2374 4115 2430 4168; x_wconf 83' lang='grc' dir='ltr'>δὲ</span> <span class='ocrx_word' id='word_1_681' title='bbox 2462 4116 2557 4170; x_wconf 80' lang='grc' dir='ltr'>καὶ</span> <span class='ocrx_word' id='word_1_682' title='bbox 2590 4114 2670 4186; x_wconf 78' lang='grc' dir='ltr'>τῷ</span> <span class='ocrx_word' id='word_1_683' title='bbox 2700 4116 2866 4170; x_wconf 79' lang='grc' dir='ltr'>παντὶ</span> <span class='ocrx_word' id='word_1_684' title='bbox 2901 4118 3138 4187; x_wconf 84' lang='grc' dir='ltr'>σώματι.</span> <span class='ocrx_word' id='word_1_685' title='bbox 3181 4117 3442 4188; x_wconf 80' lang='grc' dir='ltr'>Διαφέρει</span> <span class='ocrx_word' id='word_1_686' title='bbox 3478 4117 3534 4170; x_wconf 87' lang='grc' dir='ltr'>δὲ</span> <span class='ocrx_word' id='word_1_687' title='bbox 3557 4118 3734 4171; x_wconf 77' lang='grc' dir='ltr'>ταῦτα</span> 
     </span>
    </p>
   </div>
   <div class='ocr_carea' id='block_1_90' title="bbox 2145 4207 3733 4280">
    <p class='ocr_par' dir='ltr' id='par_1_90' title="bbox 2145 4207 3733 4280">
     <span class='ocr_line' id='line_1_90' title="bbox 2145 4207 3733 4280; baseline -0.001 -18"><span class='ocrx_word' id='word_1_688' title='bbox 2145 4207 2256 4262; x_wconf 86' lang='grc' dir='ltr'><strong>τῶν</strong></span> <span class='ocrx_word' id='word_1_689' title='bbox 2286 4207 2464 4262; x_wconf 79' lang='grc' dir='ltr'>ἄλλων</span> <span class='ocrx_word' id='word_1_690' title='bbox 2490 4207 2704 4280; x_wconf 84' lang='grc' dir='ltr'>νεύρων</span> <span class='ocrx_word' id='word_1_691' title='bbox 2724 4225 2738 4239; x_wconf 74' lang='grc'><strong><em>⁸</em></strong></span> <span class='ocrx_word' id='word_1_692' title='bbox 2764 4209 2848 4262; x_wconf 82' lang='grc' dir='ltr'><strong>ὅτι</strong></span> <span class='ocrx_word' id='word_1_693' title='bbox 2870 4207 2938 4262; x_wconf 81' lang='grc' dir='ltr'>τὰ</span> <span class='ocrx_word' id='word_1_694' title='bbox 2968 4209 3064 4279; x_wconf 80' lang='grc' dir='ltr'>μὲν</span> <span class='ocrx_word' id='word_1_695' title='bbox 3088 4211 3144 4262; x_wconf 81' lang='grc' dir='ltr'>ὲν</span> <span class='ocrx_word' id='word_1_696' title='bbox 3164 4208 3244 4279; x_wconf 82' lang='grc' dir='ltr'>τῷ</span> <span class='ocrx_word' id='word_1_697' title='bbox 3266 4209 3429 4264; x_wconf 71' lang='grc' dir='ltr'>παντὶ</span> <span class='ocrx_word' id='word_1_698' title='bbox 3449 4208 3665 4278; x_wconf 81' lang='grc' dir='ltr'>σώματι</span> <span class='ocrx_word' id='word_1_699' title='bbox 3685 4208 3733 4238; x_wconf 73' lang='grc'>⁸⁸</span> 
     </span>
    </p>
   </div>
   <div class='ocr_carea' id='block_1_91' title="bbox 2146 4298 3731 4369">
    <p class='ocr_par' dir='ltr' id='par_1_91' title="bbox 2146 4298 3731 4369">
     <span class='ocr_line' id='line_1_91' title="bbox 2146 4298 3731 4369; baseline -0.001 -15"><span class='ocrx_word' id='word_1_700' title='bbox 2146 4303 2320 4354; x_wconf 90' lang='grc' dir='ltr'>ναστά</span> <span class='ocrx_word' id='word_1_701' title='bbox 2377 4301 2439 4354; x_wconf 88' lang='grc' dir='ltr'><em>τέ</em></span> <span class='ocrx_word' id='word_1_702' title='bbox 2491 4301 2607 4354; x_wconf 76' lang='grc' dir='ltr'>ἐστι</span> <span class='ocrx_word' id='word_1_703' title='bbox 2662 4299 2756 4352; x_wconf 74' lang='grc' dir='ltr'>καὶ</span> <span class='ocrx_word' id='word_1_704' title='bbox 2808 4299 3063 4353; x_wconf 89' lang='grc' dir='ltr'>άκοίλια·</span> <span class='ocrx_word' id='word_1_705' title='bbox 3094 4299 3247 4353; x_wconf 82' lang='grc' dir='ltr'>τὰδὲ</span> <span class='ocrx_word' id='word_1_706' title='bbox 3276 4300 3386 4354; x_wconf 84' lang='grc' dir='ltr'><strong>τῶν</strong></span> <span class='ocrx_word' id='word_1_707' title='bbox 3431 4298 3731 4369; x_wconf 83' lang='grc' dir='ltr'>ὀφθαλμῶν</span> 
     </span>
    </p>
   </div>
   <div class='ocr_carea' id='block_1_92' title="bbox 2144 4391 3731 4463">
    <p class='ocr_par' dir='ltr' id='par_1_92' title="bbox 2144 4391 3731 4463">
     <span class='ocr_line' id='line_1_92' title="bbox 2144 4391 3731 4463; baseline -0.002 -17"><span class='ocrx_word' id='word_1_708' title='bbox 2144 4392 2395 4463; x_wconf 84' lang='grc' dir='ltr'>αὑλοειδῆ</span> <span class='ocrx_word' id='word_1_709' title='bbox 2426 4392 2523 4446; x_wconf 75' lang='grc' dir='ltr'>καὶ</span> <span class='ocrx_word' id='word_1_710' title='bbox 2571 4391 2888 4463; x_wconf 84' lang='grc' dir='ltr'>τετρημένα</span> <span class='ocrx_word' id='word_1_711' title='bbox 2919 4391 2986 4460; x_wconf 82' lang='grc'><strong>⁸⁸,</strong></span> <span class='ocrx_word' id='word_1_712' title='bbox 3038 4392 3126 4445; x_wconf 75' lang='grc' dir='ltr'><strong>ῑνα</strong></span> <span class='ocrx_word' id='word_1_713' title='bbox 3183 4392 3443 4463; x_wconf 79' lang='grc' dir='ltr'>σωλήνων</span> <span class='ocrx_word' id='word_1_714' title='bbox 3477 4392 3635 4462; x_wconf 88' lang='grc' dir='ltr'>δίκην</span> <span class='ocrx_word' id='word_1_715' title='bbox 3667 4393 3731 4444; x_wconf 75' lang='grc' dir='ltr'><strong>τὸ</strong></span> 
     </span>
    </p>
   </div>
   <div class='ocr_carea' id='block_1_93' title="bbox 2145 4482 3724 4554">
    <p class='ocr_par' dir='ltr' id='par_1_93' title="bbox 2145 4482 3724 4554">
     <span class='ocr_line' id='line_1_93' title="bbox 2145 4482 3724 4554; baseline 0.002 -19"><span class='ocrx_word' id='word_1_716' title='bbox 2145 4483 2368 4538; x_wconf 83' lang='grc' dir='ltr'>ὀπτικὸν</span> <span class='ocrx_word' id='word_1_717' title='bbox 2412 4482 2631 4554; x_wconf 81' lang='grc' dir='ltr'>πνεῦμα</span> <span class='ocrx_word' id='word_1_718' title='bbox 2673 4482 2828 4552; x_wconf 86' lang='grc' dir='ltr'>παρὰ</span> <span class='ocrx_word' id='word_1_719' title='bbox 2858 4483 2952 4538; x_wconf 81' lang='grc' dir='ltr'><strong>τὸν</strong></span> <span class='ocrx_word' id='word_1_720' title='bbox 2980 4483 3265 4554; x_wconf 82' lang='grc' dir='ltr'>ὀφθαλμὸν</span> <span class='ocrx_word' id='word_1_721' title='bbox 3303 4484 3352 4516; x_wconf 82' lang='grc'><strong>⁸⁸</strong></span> <span class='ocrx_word' id='word_1_722' title='bbox 3406 4483 3724 4554; x_wconf 81' lang='grc' dir='ltr'>ὀχετεὺωσι.</span> 
     </span>
    </p>
   </div>
   <div class='ocr_carea' id='block_1_94' title="bbox 2143 4573 3718 4645">
    <p class='ocr_par' dir='ltr' id='par_1_94' title="bbox 2143 4573 3718 4645">
     <span class='ocr_line' id='line_1_94' title="bbox 2143 4573 3718 4645; baseline -0.001 -17"><span class='ocrx_word' id='word_1_723' title='bbox 2143 4575 2328 4630; x_wconf 82' lang='grc' dir='ltr'>Ταῦτα</span> <span class='ocrx_word' id='word_1_724' title='bbox 2360 4576 2544 4628; x_wconf 85' lang='grc' dir='ltr'>τοίνυν</span> <span class='ocrx_word' id='word_1_725' title='bbox 2576 4575 2943 4645; x_wconf 70' lang='grc' dir='ltr'>ἐμϐάλλονται</span> <span class='ocrx_word' id='word_1_726' title='bbox 2975 4575 3059 4639; x_wconf 83' lang='grc' dir='ltr'>εἰς</span> <span class='ocrx_word' id='word_1_727' title='bbox 3087 4575 3187 4638; x_wconf 84' lang='grc' dir='ltr'>τὰς</span> <span class='ocrx_word' id='word_1_728' title='bbox 3219 4575 3522 4645; x_wconf 81' lang='grc' dir='ltr'>λεγομένας</span> <span class='ocrx_word' id='word_1_729' title='bbox 3552 4573 3718 4628; x_wconf 87' lang='grc' dir='ltr'>θαλά-</span> 
     </span>
    </p>
   </div>
   <div class='ocr_carea' id='block_1_95' title="bbox 2143 4661 3726 4736">
    <p class='ocr_par' dir='ltr' id='par_1_95' title="bbox 2143 4661 3726 4736">
     <span class='ocr_line' id='line_1_95' title="bbox 2143 4661 3726 4736; baseline -0.001 -19"><span class='ocrx_word' id='word_1_730' title='bbox 2143 4681 2277 4736; x_wconf 87' lang='grc' dir='ltr'>μους</span> <span class='ocrx_word' id='word_1_731' title='bbox 2295 4663 2339 4697; x_wconf 78' lang='grc'><strong>⁸⁷</strong></span> <span class='ocrx_word' id='word_1_732' title='bbox 2373 4663 2486 4717; x_wconf 87' lang='grc' dir='ltr'><strong>τῶν</strong></span> <span class='ocrx_word' id='word_1_733' title='bbox 2520 4663 2839 4733; x_wconf 86' lang='grc' dir='ltr'>ὀφθαλμῶν.</span> <span class='ocrx_word' id='word_1_734' title='bbox 2881 4664 3140 4734; x_wconf 87' lang='grc' dir='ltr'>Θάλαμος</span> <span class='ocrx_word' id='word_1_735' title='bbox 3177 4663 3236 4718; x_wconf 92' lang='lat'><strong>66</strong></span> <span class='ocrx_word' id='word_1_736' title='bbox 3271 4663 3492 4733; x_wconf 79' lang='grc' dir='ltr'>λέγεται</span> <span class='ocrx_word' id='word_1_737' title='bbox 3519 4665 3582 4717; x_wconf 80' lang='grc' dir='ltr'><strong>τὸ</strong></span> <span class='ocrx_word' id='word_1_738' title='bbox 3618 4661 3726 4715; x_wconf 80' lang='grc' dir='ltr'>ἔσω</span> 
     </span>
    </p>
   </div>
   <div class='ocr_carea' id='block_1_96' title="bbox 2136 4747 3724 4827">
    <p class='ocr_par' dir='ltr' id='par_1_96' title="bbox 2136 4747 3724 4827">
     <span class='ocr_line' id='line_1_96' title="bbox 2136 4747 3724 4827; baseline -0.003 -16"><span class='ocrx_word' id='word_1_739' title='bbox 2136 4755 2230 4811; x_wconf 73' lang='grc' dir='ltr'>τοῦ</span> <span class='ocrx_word' id='word_1_740' title='bbox 2258 4754 2568 4826; x_wconf 84' lang='grc' dir='ltr'>ὀφθαλμοῦ,</span> <span class='ocrx_word' id='word_1_741' title='bbox 2595 4755 2652 4808; x_wconf 83' lang='grc' dir='ltr'>ὲν</span> <span class='ocrx_word' id='word_1_742' title='bbox 2671 4747 2715 4824; x_wconf 82' lang='grc' dir='ltr'>ᾧ</span> <span class='ocrx_word' id='word_1_743' title='bbox 2741 4756 2790 4808; x_wconf 80' lang='lat' dir='ltr'><strong>oi</strong></span> <span class='ocrx_word' id='word_1_744' title='bbox 2822 4754 3053 4827; x_wconf 86' lang='grc' dir='ltr'>χιτῶνες</span> <span class='ocrx_word' id='word_1_745' title='bbox 3080 4755 3356 4820; x_wconf 77' lang='grc' dir='ltr'>ἐνοῦνται,</span> <span class='ocrx_word' id='word_1_746' title='bbox 3386 4756 3482 4810; x_wconf 73' lang='grc' dir='ltr'>καὶ</span> <span class='ocrx_word' id='word_1_747' title='bbox 3509 4755 3642 4808; x_wconf 82' lang='grc' dir='ltr'>αὐτὸ</span> <span class='ocrx_word' id='word_1_748' title='bbox 3661 4753 3724 4806; x_wconf 85' lang='grc' dir='ltr'>τὺ</span> 
     </span>
    </p>
   </div>
   <div class='ocr_carea' id='block_1_97' title="bbox 2140 4846 3723 4918">
    <p class='ocr_par' dir='ltr' id='par_1_97' title="bbox 2140 4846 3723 4918">
     <span class='ocr_line' id='line_1_97' title="bbox 2140 4846 3723 4918; baseline -0.002 -17"><span class='ocrx_word' id='word_1_749' title='bbox 2140 4847 2256 4918; x_wconf 87' lang='grc' dir='ltr'><strong>φῶς</strong></span> <span class='ocrx_word' id='word_1_750' title='bbox 2308 4847 2527 4902; x_wconf 76' lang='grc' dir='ltr'>ἐνοικεῖ.</span> <span class='ocrx_word' id='word_1_751' title='bbox 2560 4847 2720 4918; x_wconf 87' lang='grc' dir='ltr'>Παρά</span> <span class='ocrx_word' id='word_1_752' title='bbox 2747 4846 2858 4918; x_wconf 85' lang='grc' dir='ltr'><strong>γὰρ</strong></span> <span class='ocrx_word' id='word_1_753' title='bbox 2889 4848 2950 4901; x_wconf 82' lang='grc' dir='ltr'><strong>τὸ</strong></span> <span class='ocrx_word' id='word_1_754' title='bbox 2981 4847 3210 4903; x_wconf 80' lang='grc' dir='ltr'>θάλπειν</span> <span class='ocrx_word' id='word_1_755' title='bbox 3259 4847 3472 4916; x_wconf 85' lang='grc' dir='ltr'>γίνεται</span> <span class='ocrx_word' id='word_1_756' title='bbox 3515 4846 3723 4900; x_wconf 88' lang='grc' dir='ltr'>θάλπα-</span> 
     </span>
    </p>
   </div>
   <div class='ocr_carea' id='block_1_98' title="bbox 2141 4934 3718 5011">
    <p class='ocr_par' dir='ltr' id='par_1_98' title="bbox 2141 4934 3718 5011">
     <span class='ocr_line' id='line_1_98' title="bbox 2141 4934 3718 5011; baseline -0.002 -18"><span class='ocrx_word' id='word_1_757' title='bbox 2141 4957 2241 5011; x_wconf 88' lang='grc' dir='ltr'><strong>μος</strong></span> <span class='ocrx_word' id='word_1_758' title='bbox 2268 4938 2314 4971; x_wconf 84' lang='grc'><strong>⁸⁸</strong></span> <span class='ocrx_word' id='word_1_759' title='bbox 2347 4939 2443 4992; x_wconf 70' lang='grc' dir='ltr'><strong>καὶ</strong></span> <span class='ocrx_word' id='word_1_760' title='bbox 2466 4938 2711 5010; x_wconf 83' lang='grc' dir='ltr'>θάλαμος</span> <span class='ocrx_word' id='word_1_761' title='bbox 2732 4955 2747 4971; x_wconf 73' lang='grc' dir='ltr'><strong>ο</strong></span> <span class='ocrx_word' id='word_1_762' title='bbox 2774 4937 2836 5002; x_wconf 76' lang='grc' dir='ltr'><strong>ἐξ</strong></span> <span class='ocrx_word' id='word_1_763' title='bbox 2861 4934 2922 4993; x_wconf 74' lang='grc' dir='ltr'>οὗ</span> <span class='ocrx_word' id='word_1_764' title='bbox 2943 4938 3037 4993; x_wconf 77' lang='grc' dir='ltr'>καὶ</span> <span class='ocrx_word' id='word_1_765' title='bbox 3064 4940 3115 4992; x_wconf 76' lang='grc' dir='ltr'>οἱ</span> <span class='ocrx_word' id='word_1_766' title='bbox 3141 4939 3254 4992; x_wconf 81' lang='grc' dir='ltr'>νέοι</span> <span class='ocrx_word' id='word_1_767' title='bbox 3285 4937 3685 5008; x_wconf 80' lang='grc' dir='ltr'>θαλαμεύονται</span> <span class='ocrx_word' id='word_1_768' title='bbox 3705 4954 3718 4969; x_wconf 86' lang='grc'><strong>·</strong></span> 
     </span>
    </p>
   </div>
   <div class='ocr_carea' id='block_1_99' title="bbox 2135 5029 3721 5104">
    <p class='ocr_par' dir='ltr' id='par_1_99' title="bbox 2135 5029 3721 5104">
     <span class='ocr_line' id='line_1_99' title="bbox 2135 5029 3721 5104; baseline -0.003 -18"><span class='ocrx_word' id='word_1_769' title='bbox 2135 5033 2218 5086; x_wconf 90' lang='grc' dir='ltr'><strong>δεῖ</strong></span> <span class='ocrx_word' id='word_1_770' title='bbox 2242 5031 2352 5104; x_wconf 83' lang='grc' dir='ltr'>γάρ</span> <span class='ocrx_word' id='word_1_771' title='bbox 2397 5030 2661 5086; x_wconf 83' lang='grc' dir='ltr'>θάλλοντα</span> <span class='ocrx_word' id='word_1_772' title='bbox 2708 5030 2779 5084; x_wconf 85' lang='grc' dir='ltr'>τὰ</span> <span class='ocrx_word' id='word_1_773' title='bbox 2810 5029 3042 5102; x_wconf 84' lang='grc' dir='ltr'>σώματα</span> <span class='ocrx_word' id='word_1_774' title='bbox 3067 5030 3296 5103; x_wconf 78' lang='grc' dir='ltr'>ἔχοντας</span> <span class='ocrx_word' id='word_1_775' title='bbox 3338 5032 3420 5094; x_wconf 88' lang='grc' dir='ltr'><strong>είς</strong></span> <span class='ocrx_word' id='word_1_776' title='bbox 3448 5030 3646 5084; x_wconf 81' lang='grc' dir='ltr'>ταύτὸν</span> <span class='ocrx_word' id='word_1_777' title='bbox 3674 5029 3721 5062; x_wconf 71' lang='grc'><strong>⁸⁸</strong></span> 
     </span>
    </p>
   </div>
   <div class='ocr_carea' id='block_1_100' title="bbox 2137 5123 3721 5196">
    <p class='ocr_par' dir='ltr' id='par_1_100' title="bbox 2137 5123 3721 5196">
     <span class='ocr_line' id='line_1_100' title="bbox 2137 5123 3721 5196; baseline -0.002 -19"><span class='ocrx_word' id='word_1_778' title='bbox 2137 5124 2402 5191; x_wconf 83' lang='grc' dir='ltr'>συνιέναι,</span> <span class='ocrx_word' id='word_1_779' title='bbox 2435 5123 2535 5178; x_wconf 75' lang='grc' dir='ltr'>καὶ</span> <span class='ocrx_word' id='word_1_780' title='bbox 2569 5125 2615 5156; x_wconf 84' lang='grc'>⁹⁰</span> <span class='ocrx_word' id='word_1_781' title='bbox 2657 5124 2730 5195; x_wconf 78' lang='grc' dir='ltr'>μὴ</span> <span class='ocrx_word' id='word_1_782' title='bbox 2757 5124 3175 5196; x_wconf 80' lang='grc' dir='ltr'>ἀποϐεϐηκότας</span> <span class='ocrx_word' id='word_1_783' title='bbox 3196 5142 3210 5156; x_wconf 79' lang='grc'><em>’</em></span> <span class='ocrx_word' id='word_1_784' title='bbox 3253 5124 3350 5178; x_wconf 73' lang='grc' dir='ltr'><strong>καὶ</strong></span> <span class='ocrx_word' id='word_1_785' title='bbox 3382 5123 3490 5195; x_wconf 74' lang='grc' dir='ltr'><strong>γὰρ</strong></span> <span class='ocrx_word' id='word_1_786' title='bbox 3537 5123 3721 5175; x_wconf 84' lang='grc' dir='ltr'>Ἡσίο-</span> 
     </span>
    </p>
   </div>
   <div class='ocr_carea' id='block_1_101' title="bbox 2136 5215 3719 5289">
    <p class='ocr_par' dir='ltr' id='par_1_101' title="bbox 2136 5215 3719 5289">
     <span class='ocr_line' id='line_1_101' title="bbox 2136 5215 3719 5289; baseline -0.001 -19"><span class='ocrx_word' id='word_1_787' title='bbox 2136 5217 2226 5281; x_wconf 85' lang='grc' dir='ltr'><strong>δός</strong></span> <span class='ocrx_word' id='word_1_788' title='bbox 2254 5234 2412 5289; x_wconf 85' lang='grc' dir='ltr'>φησι,</span> <span class='ocrx_word' id='word_1_789' title='bbox 2475 5217 2704 5286; x_wconf 76' lang='grc' dir='ltr'>ὀραῙΟς</span> <span class='ocrx_word' id='word_1_790' title='bbox 2744 5216 2818 5270; x_wconf 78' lang='grc' dir='ltr'>δὲ</span> <span class='ocrx_word' id='word_1_791' title='bbox 2846 5217 3105 5287; x_wconf 79' lang='grc' dir='ltr'>γυναῖκα</span> <span class='ocrx_word' id='word_1_792' title='bbox 3133 5218 3202 5284; x_wconf 81' lang='grc'>⁹¹,</span> <span class='ocrx_word' id='word_1_793' title='bbox 3249 5216 3520 5286; x_wconf 80' lang='grc' dir='ltr'>θάλαμος</span> <span class='ocrx_word' id='word_1_794' title='bbox 3560 5215 3604 5248; x_wconf 85' lang='grc'><strong>⁹¹</strong></span> <span class='ocrx_word' id='word_1_795' title='bbox 3635 5216 3719 5277; x_wconf 71' lang='grc' dir='ltr'>εἰς</span> 
     </span>
    </p>
   </div>
   <div class='ocr_carea' id='block_1_102' title="bbox 516 5412 3722 5488">
    <p class='ocr_par' dir='ltr' id='par_1_102' title="bbox 516 5412 3722 5488">
     <span class='ocr_line' id='line_1_102' title="bbox 516 5412 3722 5488; baseline -0.002 -18"><span class='ocrx_word' id='word_1_796' title='bbox 516 5422 561 5452; x_wconf 82' lang='grc' dir='ltr'><strong>⁷ο</strong></span> <span class='ocrx_word' id='word_1_797' title='bbox 611 5415 968 5488; x_wconf 66' lang='grc' dir='ltr'>κεκρωμενας</span> <span class='ocrx_word' id='word_1_798' title='bbox 989 5414 1054 5471; x_wconf 82' lang='grc' dir='ltr'>Ρ.</span> <span class='ocrx_word' id='word_1_799' title='bbox 1125 5417 1172 5488; x_wconf 21' lang='grc' dir='ltr'><strong>ν⁷¹</strong></span> <span class='ocrx_word' id='word_1_800' title='bbox 1219 5416 1248 5468; x_wconf 88' lang='grc' dir='ltr'><strong>ὁ</strong></span> <span class='ocrx_word' id='word_1_801' title='bbox 1285 5417 1481 5488; x_wconf 43' lang='grc' dir='ltr'>ιοιιιηῐῖ</span> <span class='ocrx_word' id='word_1_802' title='bbox 1533 5417 1589 5470; x_wconf 62' lang='lat' dir='ltr'><strong>il.</strong></span> <span class='ocrx_word' id='word_1_803' title='bbox 1666 5419 1712 5488; x_wconf 10' lang='lat'><strong>777’</strong></span> <span class='ocrx_word' id='word_1_804' title='bbox 1774 5419 1882 5484; x_wconf 80' lang='grc' dir='ltr'>ἔξω</span> <span class='ocrx_word' id='word_1_805' title='bbox 1922 5417 1980 5470; x_wconf 86' lang='grc' dir='ltr'>Β.</span> <span class='ocrx_word' id='word_1_806' title='bbox 2056 5417 2100 5488; x_wconf 58' lang='grc' dir='ltr'><strong>Ῐ³</strong></span> <span class='ocrx_word' id='word_1_807' title='bbox 2131 5418 2214 5488; x_wconf 80' lang='grc' dir='ltr'><strong>ὁρ.</strong></span> <span class='ocrx_word' id='word_1_808' title='bbox 2249 5419 2307 5470; x_wconf 85' lang='grc' dir='ltr'>ὲν</span> <span class='ocrx_word' id='word_1_809' title='bbox 2349 5434 2418 5488; x_wconf 49' lang='grc' dir='ltr'><strong>κζ</strong></span> <span class='ocrx_word' id='word_1_810' title='bbox 2458 5418 2616 5487; x_wconf 83' lang='grc' dir='ltr'>στῆν.</span> <span class='ocrx_word' id='word_1_811' title='bbox 2653 5418 2729 5488; x_wconf 81' lang='grc' dir='ltr'>μὴ</span> <span class='ocrx_word' id='word_1_812' title='bbox 2773 5419 2889 5472; x_wconf 91' lang='grc' dir='ltr'>δυν.</span> <span class='ocrx_word' id='word_1_813' title='bbox 2919 5417 2962 5469; x_wconf 88' lang='grc' dir='ltr'>Β</span> <span class='ocrx_word' id='word_1_814' title='bbox 2996 5417 3083 5488; x_wconf 19' lang='grc' dir='ltr'>ιζ,</span> <span class='ocrx_word' id='word_1_815' title='bbox 3135 5418 3179 5488; x_wconf 59' lang='grc' dir='ltr'><strong>’ξξ</strong></span> <span class='ocrx_word' id='word_1_816' title='bbox 3201 5417 3269 5470; x_wconf 79' lang='grc' dir='ltr'><strong>τά</strong></span> <span class='ocrx_word' id='word_1_817' title='bbox 3320 5417 3442 5488; x_wconf 26' lang='grc' dir='ltr'>οὐμσ.</span> <span class='ocrx_word' id='word_1_818' title='bbox 3475 5412 3549 5488; x_wconf 52' lang='grc' dir='ltr'><strong>Βἒ</strong></span> <span class='ocrx_word' id='word_1_819' title='bbox 3615 5415 3722 5488; x_wconf 77' lang='lat'><em>&quot;6</em></span> 
     </span>
    </p>
   </div>
   <div class='ocr_carea' id='block_1_103' title="bbox 445 5483 2041 5566">
    <p class='ocr_par' dir='ltr' id='par_1_103' title="bbox 445 5483 2041 5566">
     <span class='ocr_line' id='line_1_103' title="bbox 445 5483 2041 5566; baseline -0.001 -25"><span class='ocrx_word' id='word_1_820' title='bbox 445 5505 556 5566; x_wconf 81' lang='lat' dir='ltr'><strong>oin_.</strong></span> <span class='ocrx_word' id='word_1_821' title='bbox 719 5483 774 5518; x_wconf 71' lang='grc'><strong>’⁷⁵</strong></span> <span class='ocrx_word' id='word_1_822' title='bbox 800 5486 1357 5566; x_wconf 34' lang='grc' dir='ltr'>εὐχρηστοτάτηκςλδὲ</span> <span class='ocrx_word' id='word_1_823' title='bbox 1504 5497 1622 5553; x_wconf 85' lang='lat' dir='ltr'><strong>post</strong></span> <span class='ocrx_word' id='word_1_824' title='bbox 1657 5483 1829 5566; x_wconf 44' lang='grc' dir='ltr'>βληςς</span> <span class='ocrx_word' id='word_1_825' title='bbox 1868 5489 1994 5540; x_wconf 85' lang='lat' dir='ltr'><strong>add.</strong></span> <span class='ocrx_word' id='word_1_826' title='bbox 2030 5557 2041 5566; x_wconf 75' lang='lat'>_</span> 
     </span>
    </p>
   </div>
   <div class='ocr_carea' id='block_1_104' title="bbox 2144 5483 3721 5566">
    <p class='ocr_par' dir='ltr' id='par_1_104' title="bbox 2158 5483 3721 5566">
     <span class='ocr_line' id='line_1_104' title="bbox 2158 5483 3721 5566; baseline -0.003 -26"><span class='ocrx_word' id='word_1_827' title='bbox 2158 5483 2253 5566; x_wconf 47' lang='lat' dir='ltr'><strong>:nt.</strong></span> <span class='ocrx_word' id='word_1_828' title='bbox 2282 5488 2362 5566; x_wconf 74' lang='lat' dir='ltr'><strong>in_</strong></span> <span class='ocrx_word' id='word_1_829' title='bbox 2393 5486 2452 5542; x_wconf 84' lang='lat' dir='ltr'><strong>P.</strong></span> <span class='ocrx_word' id='word_1_830' title='bbox 2485 5506 2497 5541; x_wconf 89' lang='lat'><strong>:</strong></span> <span class='ocrx_word' id='word_1_831' title='bbox 2529 5483 3006 5566; x_wconf 38' lang='grc' dir='ltr'>εὐχρηστίαν-,δέ’</span> <span class='ocrx_word' id='word_1_832' title='bbox 3039 5487 3086 5539; x_wconf 86' lang='grc' dir='ltr'><strong>εί</strong></span> <span class='ocrx_word' id='word_1_833' title='bbox 3131 5485 3190 5566; x_wconf 72' lang='lat'><strong>66</strong></span> <span class='ocrx_word' id='word_1_834' title='bbox 3237 5483 3447 5566; x_wconf 46' lang='grc' dir='ltr'>μικρὸς</span> <span class='ocrx_word' id='word_1_835' title='bbox 3496 5485 3580 5566; x_wconf 60' lang='grc' dir='ltr'>εςη</span> <span class='ocrx_word' id='word_1_836' title='bbox 3624 5484 3721 5566; x_wconf 70' lang='grc' dir='ltr'><strong>καὶ</strong></span> 
     </span>
    </p>
   </div>
   <div class='ocr_carea' id='block_1_105' title="bbox 444 5555 3324 5676">
    <p class='ocr_par' dir='ltr' id='par_1_105' title="bbox 444 5555 3324 5676">
     <span class='ocr_line' id='line_1_105' title="bbox 444 5555 3324 5676; baseline -0.001 -65"><span class='ocrx_word' id='word_1_837' title='bbox 444 5559 776 5628; x_wconf 84' lang='grc' dir='ltr'>ἀνάριθμος,</span> <span class='ocrx_word' id='word_1_838' title='bbox 804 5555 1059 5624; x_wconf 81' lang='grc' dir='ltr'>σημαίνει</span> <span class='ocrx_word' id='word_1_839' title='bbox 1079 5559 1173 5608; x_wconf 76' lang='grc' dir='ltr'><strong>καὶ</strong></span> <span class='ocrx_word' id='word_1_840' title='bbox 1197 5558 1406 5611; x_wconf 79' lang='grc' dir='ltr'>ἔνδειαν</span> <span class='ocrx_word' id='word_1_841' title='bbox 1430 5557 1561 5626; x_wconf 79' lang='grc' dir='ltr'>ὕλης</span> <span class='ocrx_word' id='word_1_842' title='bbox 1583 5558 1678 5609; x_wconf 68' lang='grc' dir='ltr'><strong>καὶ</strong></span> <span class='ocrx_word' id='word_1_843' title='bbox 1701 5555 1987 5626; x_wconf 70' lang='grc' dir='ltr'>δυνάμεως</span> <span class='ocrx_word' id='word_1_844' title='bbox 2019 5557 2262 5609; x_wconf 84' lang='grc' dir='ltr'>ἀτονίαν.</span> <span class='ocrx_word' id='word_1_845' title='bbox 2317 5558 2362 5589; x_wconf 88' lang='grc'><strong>⁷⁷</strong></span> <span class='ocrx_word' id='word_1_846' title='bbox 2392 5555 2700 5628; x_wconf 79' lang='grc' dir='ltr'>χρημάτων</span> <span class='ocrx_word' id='word_1_847' title='bbox 2720 5559 2788 5614; x_wconf 81' lang='grc' dir='ltr'>Α.</span> <span class='ocrx_word' id='word_1_848' title='bbox 2865 5557 2911 5588; x_wconf 80' lang='grc'><strong>⁷⁸</strong></span> <span class='ocrx_word' id='word_1_849' title='bbox 2943 5556 3238 5676; x_wconf 49' lang='grc' dir='ltr'>χαξωποὺς</span> <span class='ocrx_word' id='word_1_850' title='bbox 3265 5555 3324 5609; x_wconf 89' lang='grc' dir='ltr'>Β.</span> 
     </span>
     <span class='ocr_line' id='line_1_106' title="bbox 444 5626 3324 5676; baseline 0 0"><span class='ocrx_word' id='word_1_851' title='bbox 444 5629 572 5676; x_wconf 73' lang='grc'><strong>111)-</strong></span> <span class='ocrx_word' id='word_1_852' title='bbox 649 5627 696 5658; x_wconf 72' lang='grc'><strong>⁸³</strong></span> <span class='ocrx_word' id='word_1_853' title='bbox 724 5627 830 5676; x_wconf 83' lang='grc' dir='ltr'><strong>τῶν</strong></span> <span class='ocrx_word' id='word_1_854' title='bbox 862 5627 918 5676; x_wconf 76' lang='grc' dir='ltr'><strong>δὲ</strong></span> <span class='ocrx_word' id='word_1_855' title='bbox 952 5628 989 5676; x_wconf 83' lang='grc' dir='ltr'>Β</span> <span class='ocrx_word' id='word_1_856' title='bbox 1014 5626 1076 5676; x_wconf 81' lang='grc' dir='ltr'>Ῥ.</span> <span class='ocrx_word' id='word_1_857' title='bbox 1156 5627 1198 5659; x_wconf 79' lang='grc'><strong>⁸⁸</strong></span> <span class='ocrx_word' id='word_1_858' title='bbox 1233 5629 1462 5676; x_wconf 79' lang='grc' dir='ltr'>γιτὸνων</span> <span class='ocrx_word' id='word_1_859' title='bbox 1494 5627 1558 5676; x_wconf 82' lang='grc' dir='ltr'>Α.</span> <span class='ocrx_word' id='word_1_860' title='bbox 1635 5627 1681 5658; x_wconf 73' lang='grc'><strong>⁸⁸</strong></span> <span class='ocrx_word' id='word_1_861' title='bbox 1717 5627 1909 5676; x_wconf 73' lang='grc' dir='ltr'>φύσεις</span> <span class='ocrx_word' id='word_1_862' title='bbox 1951 5627 2011 5676; x_wconf 82' lang='grc' dir='ltr'>Β.</span> <span class='ocrx_word' id='word_1_863' title='bbox 2089 5626 2135 5657; x_wconf 71' lang='grc'>⁸³</span> <span class='ocrx_word' id='word_1_864' title='bbox 2170 5628 2428 5676; x_wconf 74' lang='grc' dir='ltr'>ιεέοονται</span> <span class='ocrx_word' id='word_1_865' title='bbox 2489 5628 2528 5676; x_wconf 70' lang='lat' dir='ltr'><strong>lt</strong></span> <span class='ocrx_word' id='word_1_866' title='bbox 2556 5627 2595 5676; x_wconf 86' lang='lat' dir='ltr'>C</span> <span class='ocrx_word' id='word_1_867' title='bbox 2624 5628 2682 5676; x_wconf 86' lang='lat' dir='ltr'><strong>P.</strong></span> <span class='ocrx_word' id='word_1_868' title='bbox 2781 5628 2828 5660; x_wconf 65' lang='grc'>⁸⁸</span> <span class='ocrx_word' id='word_1_869' title='bbox 2865 5627 2995 5676; x_wconf 84' lang='grc' dir='ltr'>διαω</span> <span class='ocrx_word' id='word_1_870' title='bbox 3034 5642 3117 5676; x_wconf 85' lang='grc' dir='ltr'><strong>οει</strong></span> <span class='ocrx_word' id='word_1_871' title='bbox 3155 5640 3324 5676; x_wconf 85' lang='lat' dir='ltr'><strong>usuue</strong></span> 
     </span>
    </p>
   </div>
   <div class='ocr_carea' id='block_1_106' title="bbox 1699 5644 3715 5767">
    <p class='ocr_par' dir='ltr' id='par_1_106' title="bbox 1699 5644 3715 5767">
     <span class='ocr_line' id='line_1_107' title="bbox 1717 5644 3715 5697; baseline -0.002 -18"><span class='ocrx_word' id='word_1_872' title='bbox 1717 5644 1909 5695; x_wconf 83' lang='grc' dir='ltr'>φυσεις</span> <span class='ocrx_word' id='word_1_873' title='bbox 1951 5644 2011 5679; x_wconf 73' lang='lat' dir='ltr'><strong>is.</strong></span> <span class='ocrx_word' id='word_1_874' title='bbox 2089 5644 2135 5657; x_wconf 71' lang='grc' dir='ltr'><strong>ην</strong></span> <span class='ocrx_word' id='word_1_875' title='bbox 2170 5644 2428 5697; x_wconf 81' lang='grc' dir='ltr'>φερονται</span> <span class='ocrx_word' id='word_1_876' title='bbox 2491 5644 2528 5680; x_wconf 73' lang='grc' dir='ltr'><strong>ιι</strong></span> <span class='ocrx_word' id='word_1_877' title='bbox 2556 5644 2595 5681; x_wconf 64' lang='grc' dir='ltr'><strong>ι.</strong></span> <span class='ocrx_word' id='word_1_878' title='bbox 2623 5644 2682 5681; x_wconf 71' lang='grc' dir='ltr'>ι’.</span> <span class='ocrx_word' id='word_1_879' title='bbox 2781 5644 2828 5660; x_wconf 72' lang='grc' dir='ltr'><strong>’ν</strong></span> <span class='ocrx_word' id='word_1_880' title='bbox 2865 5644 2952 5680; x_wconf 89' lang='grc' dir='ltr'><strong>οια</strong></span> <span class='ocrx_word' id='word_1_881' title='bbox 3001 5644 3117 5697; x_wconf 90' lang='grc' dir='ltr'>ερει</span> <span class='ocrx_word' id='word_1_882' title='bbox 3155 5644 3329 5694; x_wconf 86' lang='lat' dir='ltr'><strong>usque</strong></span> <span class='ocrx_word' id='word_1_883' title='bbox 3377 5644 3441 5676; x_wconf 85' lang='lat' dir='ltr'><strong>au</strong></span> <span class='ocrx_word' id='word_1_884' title='bbox 3497 5644 3715 5692; x_wconf 86' lang='grc' dir='ltr'>σωματι</span> 
     </span>
     <span class='ocr_line' id='line_1_108' title="bbox 1699 5645 3715 5767; baseline -0.001 -18"><span class='ocrx_word' id='word_1_885' title='bbox 1699 5697 1794 5767; x_wconf 83' lang='grc' dir='ltr'>ένα</span> <span class='ocrx_word' id='word_1_886' title='bbox 1825 5695 1887 5750; x_wconf 78' lang='grc' dir='ltr'>Β.</span> <span class='ocrx_word' id='word_1_887' title='bbox 1965 5695 2012 5727; x_wconf 77' lang='grc'>⁸⁸</span> <span class='ocrx_word' id='word_1_888' title='bbox 2039 5697 2168 5759; x_wconf 78' lang='grc' dir='ltr'>τοὺς</span> <span class='ocrx_word' id='word_1_889' title='bbox 2210 5698 2528 5767; x_wconf 78' lang='grc' dir='ltr'>ὀφθαλμοὺς</span> <span class='ocrx_word' id='word_1_890' title='bbox 2556 5697 2614 5761; x_wconf 79' lang='grc' dir='ltr'>Β,</span> <span class='ocrx_word' id='word_1_891' title='bbox 2669 5701 2784 5761; x_wconf 84' lang='grc' dir='ltr'>τοῖς</span> <span class='ocrx_word' id='word_1_892' title='bbox 2825 5645 3127 5766; x_wconf 48' lang='grc' dir='ltr'>ὀιρθαςλμοίς</span> <span class='ocrx_word' id='word_1_893' title='bbox 3155 5693 3213 5748; x_wconf 81' lang='grc' dir='ltr'>Ρ.</span> <span class='ocrx_word' id='word_1_894' title='bbox 3291 5694 3334 5726; x_wconf 82' lang='grc'><strong>⁸⁷</strong></span> <span class='ocrx_word' id='word_1_895' title='bbox 3368 5693 3619 5764; x_wconf 77' lang='grc' dir='ltr'>θαλάμας</span> 
     </span>
    </p>
   </div>
   <div class='ocr_carea' id='block_1_107' title="bbox 441 5626 1681 5698">
    <p class='ocr_par' dir='ltr' id='par_1_107' title="bbox 441 5626 1681 5698">
     <span class='ocr_line' id='line_1_109' title="bbox 441 5626 1681 5698; baseline 0.002 -18"><span class='ocrx_word' id='word_1_896' title='bbox 441 5629 485 5680; x_wconf 72' lang='lat' dir='ltr'><strong>ll</strong></span> <span class='ocrx_word' id='word_1_897' title='bbox 514 5626 572 5682; x_wconf 68' lang='lat' dir='ltr'><strong>l’.</strong></span> <span class='ocrx_word' id='word_1_898' title='bbox 649 5627 696 5658; x_wconf 75' lang='lat'>“</span> <span class='ocrx_word' id='word_1_899' title='bbox 724 5627 830 5679; x_wconf 84' lang='grc' dir='ltr'><strong>τῶν</strong></span> <span class='ocrx_word' id='word_1_900' title='bbox 862 5627 918 5679; x_wconf 78' lang='grc' dir='ltr'><strong>δὲ</strong></span> <span class='ocrx_word' id='word_1_901' title='bbox 952 5626 1076 5698; x_wconf 49' lang='grc' dir='ltr'><strong>ΒςΡ.</strong></span> <span class='ocrx_word' id='word_1_902' title='bbox 1156 5627 1198 5659; x_wconf 80' lang='grc'><strong>⁸⁸</strong></span> <span class='ocrx_word' id='word_1_903' title='bbox 1233 5629 1462 5698; x_wconf 84' lang='grc' dir='ltr'>χιτόνων</span> <span class='ocrx_word' id='word_1_904' title='bbox 1493 5627 1558 5682; x_wconf 83' lang='grc' dir='ltr'>Α.</span> <span class='ocrx_word' id='word_1_905' title='bbox 1635 5627 1681 5658; x_wconf 74' lang='grc'><strong>⁸⁸</strong></span> 
     </span>
    </p>
   </div>
   <div class='ocr_carea' id='block_1_108' title="bbox 443 5697 1694 5768">
    <p class='ocr_par' dir='ltr' id='par_1_108' title="bbox 443 5697 1694 5768">
     <span class='ocr_line' id='line_1_110' title="bbox 443 5697 1694 5768; baseline 0.002 -21"><span class='ocrx_word' id='word_1_906' title='bbox 443 5716 554 5752; x_wconf 78' lang='lat' dir='ltr'><strong>out.</strong></span> <span class='ocrx_word' id='word_1_907' title='bbox 617 5698 680 5762; x_wconf 78' lang='grc' dir='ltr'>Α,</span> <span class='ocrx_word' id='word_1_908' title='bbox 735 5713 854 5750; x_wconf 80' lang='lat' dir='ltr'><strong>mox</strong></span> <span class='ocrx_word' id='word_1_909' title='bbox 909 5697 1047 5768; x_wconf 77' lang='lat' dir='ltr'><strong>male</strong></span> <span class='ocrx_word' id='word_1_910' title='bbox 1078 5697 1274 5768; x_wconf 78' lang='grc' dir='ltr'>ῥᾷστα.</span> <span class='ocrx_word' id='word_1_911' title='bbox 1354 5698 1400 5730; x_wconf 81' lang='grc'><strong><em>⁸³</em></strong></span> <span class='ocrx_word' id='word_1_912' title='bbox 1438 5714 1694 5768; x_wconf 62' lang='grc' dir='ltr'>τετριμμ</span> 
     </span>
    </p>
   </div>
   <div class='ocr_carea' id='block_1_109' title="bbox 442 5753 2041 5838">
    <p class='ocr_par' dir='ltr' id='par_1_109' title="bbox 442 5753 2014 5838">
     <span class='ocr_line' id='line_1_111' title="bbox 442 5753 2014 5838; baseline 0 -17"><span class='ocrx_word' id='word_1_913' title='bbox 442 5769 487 5801; x_wconf 69' lang='grc' dir='ltr'><strong>δ’</strong></span> <span class='ocrx_word' id='word_1_914' title='bbox 549 5753 818 5838; x_wconf 45' lang='lat' dir='ltr'><strong>ostiatim;</strong></span> <span class='ocrx_word' id='word_1_915' title='bbox 856 5768 896 5818; x_wconf 75' lang='grc' dir='ltr'><strong>Β</strong></span> <span class='ocrx_word' id='word_1_916' title='bbox 922 5769 961 5819; x_wconf 76' lang='lat' dir='ltr'><strong>t2</strong></span> <span class='ocrx_word' id='word_1_917' title='bbox 994 5753 1089 5819; x_wconf 74' lang='lat' dir='ltr'><strong>p.‘</strong></span> <span class='ocrx_word' id='word_1_918' title='bbox 1122 5753 1204 5838; x_wconf 12' lang='grc' dir='ltr'>’,ευ</span> <span class='ocrx_word' id='word_1_919' title='bbox 1240 5768 1403 5825; x_wconf 72' lang='grc' dir='ltr'>αὐτὸν</span> <span class='ocrx_word' id='word_1_920' title='bbox 1436 5767 1475 5820; x_wconf 79' lang='grc' dir='ltr'><strong>Β</strong></span> <span class='ocrx_word' id='word_1_921' title='bbox 1506 5753 1666 5821; x_wconf 78' lang='lat' dir='ltr'><strong>c&#39;r‘.‘</strong></span> <span class='ocrx_word' id='word_1_922' title='bbox 1701 5766 1748 5798; x_wconf 75' lang='grc' dir='ltr'><strong>οο</strong></span> <span class='ocrx_word' id='word_1_923' title='bbox 1777 5768 1869 5820; x_wconf 63' lang='grc' dir='ltr'><strong>καὶ</strong></span> <span class='ocrx_word' id='word_1_924' title='bbox 1905 5780 2014 5822; x_wconf 91' lang='lat' dir='ltr'><strong>om.</strong></span> 
     </span>
    </p>
   </div>
   <div class='ocr_carea' id='block_1_110' title="bbox 2144 5753 3004 5838">
    <p class='ocr_par' dir='ltr' id='par_1_110' title="bbox 2152 5753 3004 5838">
     <span class='ocr_line' id='line_1_112' title="bbox 2152 5753 3004 5838; baseline -0.001 -16"><span class='ocrx_word' id='word_1_925' title='bbox 2152 5753 2163 5759; x_wconf 42' lang='grc'><strong>⁷</strong></span> <span class='ocrx_word' id='word_1_926' title='bbox 2202 5753 2523 5838; x_wconf 37' lang='grc' dir='ltr'>⁹¹’γυνάῖκα⁷</span> <span class='ocrx_word' id='word_1_927' title='bbox 2545 5753 2614 5836; x_wconf 52' lang='grc' dir='ltr'>Β,</span> <span class='ocrx_word' id='word_1_928' title='bbox 2631 5753 2912 5837; x_wconf 72' lang='grc' dir='ltr'>γυναίκῶν</span> <span class='ocrx_word' id='word_1_929' title='bbox 2939 5771 3004 5821; x_wconf 87' lang='grc' dir='ltr'>Λ.</span> 
     </span>
    </p>
   </div>
   <div class='ocr_carea' id='block_1_111' title="bbox 443 5837 1182 5897">
    <p class='ocr_par' dir='ltr' id='par_1_111' title="bbox 443 5837 1182 5897">
     <span class='ocr_line' id='line_1_113' title="bbox 443 5837 1182 5897; baseline -0.004 -1"><span class='ocrx_word' id='word_1_930' title='bbox 443 5841 699 5897; x_wconf 78' lang='lat' dir='ltr'><strong>citatione</strong></span> <span class='ocrx_word' id='word_1_931' title='bbox 724 5837 892 5894; x_wconf 86' lang='lat' dir='ltr'><strong>omni</strong></span> <span class='ocrx_word' id='word_1_932' title='bbox 935 5847 1088 5893; x_wconf 82' lang='lat' dir='ltr'><strong>caret</strong></span> <span class='ocrx_word' id='word_1_933' title='bbox 1119 5837 1182 5893; x_wconf 88' lang='lat' dir='ltr'><strong>C.</strong></span> 
     </span>
    </p>
   </div>
   <div class='ocr_carea' id='block_1_112' title="bbox 3401 5553 3720 5622">
    <p class='ocr_par' dir='ltr' id='par_1_112' title="bbox 3401 5553 3720 5622">
     <span class='ocr_line' id='line_1_114' title="bbox 3401 5553 3720 5622; baseline 0 -17"><span class='ocrx_word' id='word_1_934' title='bbox 3401 5555 3447 5586; x_wconf 70' lang='grc'><strong>’³</strong></span> <span class='ocrx_word' id='word_1_935' title='bbox 3474 5555 3582 5605; x_wconf 81' lang='grc' dir='ltr'>τῶν</span> <span class='ocrx_word' id='word_1_936' title='bbox 3617 5553 3720 5622; x_wconf 77' lang='grc' dir='ltr'>μὲν</span> 
     </span>
    </p>
   </div>
   <div class='ocr_carea' id='block_1_113' title="bbox 2170 5623 3720 5697">
    <p class='ocr_par' dir='ltr' id='par_1_113' title="bbox 2170 5623 3720 5697">
     <span class='ocr_line' id='line_1_115' title="bbox 2170 5623 3720 5697; baseline -0.003 -17"><span class='ocrx_word' id='word_1_937' title='bbox 2170 5623 2439 5697; x_wconf 74' lang='grc' dir='ltr'>φέρονται’</span> <span class='ocrx_word' id='word_1_938' title='bbox 2485 5623 2528 5680; x_wconf 66' lang='lat' dir='ltr'><strong>it</strong></span> <span class='ocrx_word' id='word_1_939' title='bbox 2556 5627 2595 5681; x_wconf 87' lang='lat' dir='ltr'><strong>C</strong></span> <span class='ocrx_word' id='word_1_940' title='bbox 2623 5628 2682 5681; x_wconf 89' lang='lat' dir='ltr'><strong>P.</strong></span> <span class='ocrx_word' id='word_1_941' title='bbox 2781 5628 2828 5660; x_wconf 74' lang='lat'><strong>“</strong></span> <span class='ocrx_word' id='word_1_942' title='bbox 2865 5623 3117 5697; x_wconf 74' lang='grc' dir='ltr'>διαφέρει</span> <span class='ocrx_word' id='word_1_943' title='bbox 3155 5640 3334 5697; x_wconf 67' lang='lat' dir='ltr'><strong>usque</strong></span> <span class='ocrx_word' id='word_1_944' title='bbox 3373 5623 3452 5697; x_wconf 83' lang='lat' dir='ltr'><strong>_ad_</strong></span> <span class='ocrx_word' id='word_1_945' title='bbox 3490 5623 3720 5697; x_wconf 68' lang='lat' dir='ltr'><strong>_atbpa_‘_:t</strong></span> 
     </span>
    </p>
   </div>
   <div class='ocr_carea' id='block_1_114' title="bbox 3118 5766 3714 5835">
    <p class='ocr_par' dir='ltr' id='par_1_114' title="bbox 3118 5766 3714 5835">
     <span class='ocr_line' id='line_1_116' title="bbox 3118 5766 3714 5835; baseline -0.003 -15"><span class='ocrx_word' id='word_1_946' title='bbox 3118 5767 3164 5797; x_wconf 81' lang='grc'><strong>⁹¹</strong></span> <span class='ocrx_word' id='word_1_947' title='bbox 3189 5773 3464 5835; x_wconf 81' lang='lat' dir='ltr'><strong>postrema</strong></span> <span class='ocrx_word' id='word_1_948' title='bbox 3493 5778 3604 5821; x_wconf 86' lang='lat' dir='ltr'><strong>om.</strong></span> <span class='ocrx_word' id='word_1_949' title='bbox 3645 5766 3714 5831; x_wconf 82' lang='grc' dir='ltr'><strong>Δ,</strong></span> 
     </span>
    </p>
   </div>
  </div>
