  <div class='ocr_page' id='page_1' title='image "/cluster/home/n/w/nwhite01/storage/ocr_20150623/64:no.13/coo.31924054869643/624.png"; bbox 0 0 4138 6462; ppageno 0'>
   <div class='ocr_carea' id='block_1_1' title="bbox 270 485 531 548">
    <p class='ocr_par' dir='ltr' id='par_1_1' title="bbox 270 485 531 548">
     <span class='ocr_line' id='line_1_1' title="bbox 270 485 531 548; baseline 0.008 -2"><span class='ocrx_word' id='word_1_1' title='bbox 270 487 283 497; x_wconf 77' lang='grc'><strong>“</strong></span> <span class='ocrx_word' id='word_1_2' title='bbox 386 485 531 548; x_wconf 64' lang='grc' dir='ltr'><strong>ηδε</strong></span> 
     </span>
    </p>
   </div>
   <div class='ocr_carea' id='block_1_2' title="bbox 1639 478 2407 539">
    <p class='ocr_par' dir='ltr' id='par_1_2' title="bbox 1639 478 2407 539">
     <span class='ocr_line' id='line_1_2' title="bbox 1639 478 2407 539; baseline -0.001 -3"><span class='ocrx_word' id='word_1_3' title='bbox 1639 481 1730 539; x_wconf 85' lang='lat' dir='ltr'><strong>DE</strong></span> <span class='ocrx_word' id='word_1_4' title='bbox 1768 479 2062 538; x_wconf 76' lang='lat' dir='ltr'><strong>NATURA</strong></span> <span class='ocrx_word' id='word_1_5' title='bbox 2096 478 2407 537; x_wconf 71' lang='lat' dir='ltr'><strong>HOMINIS.</strong></span> 
     </span>
    </p>
   </div>
   <div class='ocr_carea' id='block_1_3' title="bbox 3531 450 3674 537">
    <p class='ocr_par' dir='ltr' id='par_1_3' title="bbox 3531 450 3674 537">
     <span class='ocr_line' id='line_1_3' title="bbox 3531 450 3674 537; baseline 0.021 -3"><span class='ocrx_word' id='word_1_6' title='bbox 3531 450 3674 537; x_wconf 72' lang='lat' dir='ltr'><strong>mo</strong></span> 
     </span>
    </p>
   </div>
   <div class='ocr_carea' id='block_1_4' title="bbox 384 595 1983 680">
    <p class='ocr_par' dir='ltr' id='par_1_4' title="bbox 384 600 1968 680">
     <span class='ocr_line' id='line_1_4' title="bbox 384 600 1968 680; baseline -0.005 -16"><span class='ocrx_word' id='word_1_7' title='bbox 384 609 550 680; x_wconf 75' lang='grc' dir='ltr'>ὥραν</span> <span class='ocrx_word' id='word_1_8' title='bbox 574 606 678 677; x_wconf 70' lang='grc' dir='ltr'>ἔχε</span> <span class='ocrx_word' id='word_1_9' title='bbox 700 604 802 676; x_wconf 81' lang='grc' dir='ltr'><strong>(ι).</strong></span> <span class='ocrx_word' id='word_1_10' title='bbox 833 604 1245 677; x_wconf 74' lang='grc' dir='ltr'>Διασχίζεταιυ</span> <span class='ocrx_word' id='word_1_11' title='bbox 1263 603 1327 658; x_wconf 61' lang='grc' dir='ltr'>δὲ</span> <span class='ocrx_word' id='word_1_12' title='bbox 1354 602 1423 659; x_wconf 82' lang='grc' dir='ltr'><strong>τὰ</strong></span> <span class='ocrx_word' id='word_1_13' title='bbox 1445 600 1619 675; x_wconf 78' lang='grc' dir='ltr'>νεῦρα</span> <span class='ocrx_word' id='word_1_14' title='bbox 1645 601 1728 667; x_wconf 75' lang='grc' dir='ltr'><strong>τίς</strong></span> <span class='ocrx_word' id='word_1_15' title='bbox 1747 601 1849 666; x_wconf 78' lang='grc' dir='ltr'>τὰς</span> <span class='ocrx_word' id='word_1_16' title='bbox 1879 602 1968 656; x_wconf 74' lang='grc' dir='ltr'><strong>Θαο</strong></span> 
     </span>
    </p>
   </div>
   <div class='ocr_carea' id='block_1_5' title="bbox 2080 595 3672 680">
    <p class='ocr_par' dir='ltr' id='par_1_5' title="bbox 2081 595 3672 671">
     <span class='ocr_line' id='line_1_5' title="bbox 2081 595 3672 671; baseline 0 -18"><span class='ocrx_word' id='word_1_17' title='bbox 2081 609 2248 671; x_wconf 81' lang='lat' dir='ltr'><strong>nupta</strong></span> <span class='ocrx_word' id='word_1_18' title='bbox 2277 599 2544 671; x_wconf 81' lang='lat' dir='ltr'><strong>paranda.</strong></span> <span class='ocrx_word' id='word_1_19' title='bbox 2573 595 2738 654; x_wconf 82' lang='lat' dir='ltr'><strong>Nervi</strong></span> <span class='ocrx_word' id='word_1_20' title='bbox 2778 605 2962 656; x_wconf 90' lang='lat' dir='ltr'><strong>autem</strong></span> <span class='ocrx_word' id='word_1_21' title='bbox 2997 599 3051 653; x_wconf 91' lang='lat' dir='ltr'><strong>in</strong></span> <span class='ocrx_word' id='word_1_22' title='bbox 3085 598 3359 656; x_wconf 80' lang='lat' dir='ltr'><strong>thalamos</strong></span> <span class='ocrx_word' id='word_1_23' title='bbox 3391 598 3539 670; x_wconf 87' lang='lat' dir='ltr'><strong>ipsos</strong></span> <span class='ocrx_word' id='word_1_24' title='bbox 3565 598 3672 654; x_wconf 68' lang='lat' dir='ltr'><strong>ﬂn~</strong></span> 
     </span>
    </p>
   </div>
   <div class='ocr_carea' id='block_1_6' title="bbox 383 696 1979 774">
    <p class='ocr_par' dir='ltr' id='par_1_6' title="bbox 383 696 1979 774">
     <span class='ocr_line' id='line_1_6' title="bbox 383 696 1979 774; baseline -0.006 -17"><span class='ocrx_word' id='word_1_25' title='bbox 383 702 617 774; x_wconf 85' lang='grc' dir='ltr'>λὰμους,</span> <span class='ocrx_word' id='word_1_26' title='bbox 664 698 857 772; x_wconf 85' lang='grc' dir='ltr'>ὥσπερ</span> <span class='ocrx_word' id='word_1_27' title='bbox 912 698 967 752; x_wconf 79' lang='grc' dir='ltr'><strong>εί</strong></span> <span class='ocrx_word' id='word_1_28' title='bbox 986 714 1072 762; x_wconf 79' lang='grc' dir='ltr'><strong>τις</strong></span> <span class='ocrx_word' id='word_1_29' title='bbox 1116 696 1304 752; x_wconf 77' lang='grc' dir='ltr'>λαϐὼν</span> <span class='ocrx_word' id='word_1_30' title='bbox 1347 696 1626 768; x_wconf 85' lang='grc' dir='ltr'>πάπυρον,</span> <span class='ocrx_word' id='word_1_31' title='bbox 1657 696 1864 768; x_wconf 86' lang='grc' dir='ltr'>ταύτην</span> <span class='ocrx_word' id='word_1_32' title='bbox 1897 696 1979 759; x_wconf 83' lang='grc' dir='ltr'>εἰς</span> 
     </span>
    </p>
   </div>
   <div class='ocr_carea' id='block_1_7' title="bbox 383 787 1976 861">
    <p class='ocr_par' dir='ltr' id='par_1_7' title="bbox 383 787 1976 861">
     <span class='ocr_line' id='line_1_7' title="bbox 383 787 1976 861; baseline -0.002 -17"><span class='ocrx_word' id='word_1_33' title='bbox 383 789 565 845; x_wconf 78' lang='grc' dir='ltr'>λεπτὰ</span> <span class='ocrx_word' id='word_1_34' title='bbox 599 788 933 860; x_wconf 82' lang='grc' dir='ltr'><strong>κατατεμὼν</strong></span> <span class='ocrx_word' id='word_1_35' title='bbox 987 789 1278 861; x_wconf 77' lang='grc' dir='ltr'><strong>διασχίζει,</strong></span> <span class='ocrx_word' id='word_1_36' title='bbox 1331 788 1636 844; x_wconf 85' lang='grc' dir='ltr'>ἁναπλέκει</span> <span class='ocrx_word' id='word_1_37' title='bbox 1680 806 1740 842; x_wconf 84' lang='grc' dir='ltr'><strong>τε</strong></span> <span class='ocrx_word' id='word_1_38' title='bbox 1788 787 1976 855; x_wconf 83' lang='grc' dir='ltr'>πάλιν,</span> 
     </span>
    </p>
   </div>
   <div class='ocr_carea' id='block_1_8' title="bbox 385 879 1975 955">
    <p class='ocr_par' dir='ltr' id='par_1_8' title="bbox 385 879 1975 955">
     <span class='ocr_line' id='line_1_8' title="bbox 385 879 1975 955; baseline -0.001 -18"><span class='ocrx_word' id='word_1_39' title='bbox 385 882 483 939; x_wconf 70' lang='grc' dir='ltr'><strong>καὶ</strong></span> <span class='ocrx_word' id='word_1_40' title='bbox 512 884 661 937; x_wconf 75' lang='grc' dir='ltr'>ποιεί</span> <span class='ocrx_word' id='word_1_41' title='bbox 689 882 896 955; x_wconf 85' lang='grc' dir='ltr'>χιτῶνα</span> <span class='ocrx_word' id='word_1_42' title='bbox 923 882 1016 937; x_wconf 85' lang='grc' dir='ltr'>τὸν</span> <span class='ocrx_word' id='word_1_43' title='bbox 1050 882 1347 954; x_wconf 87' lang='grc' dir='ltr'>λεγόμενον</span> <span class='ocrx_word' id='word_1_44' title='bbox 1385 879 1975 952; x_wconf 64' lang='grc' dir='ltr'>ἀμφιϐληστροειδῆ,</span> 
     </span>
    </p>
   </div>
   <div class='ocr_carea' id='block_1_9' title="bbox 385 975 1980 1049">
    <p class='ocr_par' dir='ltr' id='par_1_9' title="bbox 385 975 1980 1049">
     <span class='ocr_line' id='line_1_9' title="bbox 385 975 1980 1049; baseline -0.001 -19"><span class='ocrx_word' id='word_1_45' title='bbox 385 976 573 1049; x_wconf 77' lang='grc' dir='ltr'>ὅμοιον</span> <span class='ocrx_word' id='word_1_46' title='bbox 602 976 1008 1049; x_wconf 78' lang='grc' dir='ltr'>ἀμφιϐλήστρῳ</span> <span class='ocrx_word' id='word_1_47' title='bbox 1039 975 1122 1030; x_wconf 63' lang='grc' dir='ltr'><strong>⁹⁵ῗ</strong></span> <span class='ocrx_word' id='word_1_48' title='bbox 1153 976 1391 1048; x_wconf 75' lang='grc' dir='ltr'>ὄργανον</span> <span class='ocrx_word' id='word_1_49' title='bbox 1422 975 1481 1029; x_wconf 81' lang='grc' dir='ltr'>δὲ</span> <span class='ocrx_word' id='word_1_50' title='bbox 1530 975 1694 1030; x_wconf 83' lang='grc' dir='ltr'>τοῦτο</span> <span class='ocrx_word' id='word_1_51' title='bbox 1725 975 1980 1047; x_wconf 85' lang='grc' dir='ltr'>θηρευτι-</span> 
     </span>
    </p>
   </div>
   <div class='ocr_carea' id='block_1_10' title="bbox 387 1065 1980 1138">
    <p class='ocr_par' dir='ltr' id='par_1_10' title="bbox 387 1065 1980 1138">
     <span class='ocr_line' id='line_1_10' title="bbox 387 1065 1980 1138; baseline 0.001 -18"><span class='ocrx_word' id='word_1_52' title='bbox 387 1065 484 1120; x_wconf 76' lang='grc' dir='ltr'>κὸν</span> <span class='ocrx_word' id='word_1_53' title='bbox 519 1065 740 1137; x_wconf 74' lang='grc' dir='ltr'>ἰχθύων.</span> <span class='ocrx_word' id='word_1_54' title='bbox 767 1066 925 1121; x_wconf 79' lang='grc' dir='ltr'>Μετὰ</span> <span class='ocrx_word' id='word_1_55' title='bbox 958 1065 1152 1122; x_wconf 81' lang='grc' dir='ltr'>τοῦτον</span> <span class='ocrx_word' id='word_1_56' title='bbox 1179 1067 1238 1121; x_wconf 83' lang='grc' dir='ltr'>δὲ</span> <span class='ocrx_word' id='word_1_57' title='bbox 1273 1066 1368 1121; x_wconf 79' lang='grc' dir='ltr'>τὸν</span> <span class='ocrx_word' id='word_1_58' title='bbox 1399 1066 1609 1138; x_wconf 85' lang='grc' dir='ltr'>χιτῶνά</span> <span class='ocrx_word' id='word_1_59' title='bbox 1632 1067 1755 1120; x_wconf 76' lang='grc' dir='ltr'>ἐστι</span> <span class='ocrx_word' id='word_1_60' title='bbox 1796 1066 1980 1121; x_wconf 83' lang='grc' dir='ltr'>δεύτε-</span> 
     </span>
    </p>
   </div>
   <div class='ocr_carea' id='block_1_11' title="bbox 390 1155 1977 1230">
    <p class='ocr_par' dir='ltr' id='par_1_11' title="bbox 390 1155 1977 1230">
     <span class='ocr_line' id='line_1_11' title="bbox 390 1155 1977 1230; baseline 0.003 -20"><span class='ocrx_word' id='word_1_61' title='bbox 390 1174 482 1228; x_wconf 90' lang='grc' dir='ltr'><strong>ρος</strong></span> <span class='ocrx_word' id='word_1_62' title='bbox 509 1155 677 1228; x_wconf 88' lang='grc' dir='ltr'>χιτὼν</span> <span class='ocrx_word' id='word_1_63' title='bbox 698 1156 996 1230; x_wconf 76' lang='grc' dir='ltr'>λεγόμενος</span> <span class='ocrx_word' id='word_1_64' title='bbox 1054 1157 1366 1230; x_wconf 79' lang='grc' dir='ltr'>ῥαγοειδὴς,</span> <span class='ocrx_word' id='word_1_65' title='bbox 1398 1158 1483 1212; x_wconf 82' lang='grc' dir='ltr'>ὅτι</span> <span class='ocrx_word' id='word_1_66' title='bbox 1516 1160 1649 1230; x_wconf 75' lang='grc' dir='ltr'>ραγὶ</span> <span class='ocrx_word' id='word_1_67' title='bbox 1687 1160 1977 1230; x_wconf 82' lang='grc' dir='ltr'><strong>σταφυλῆς</strong></span> 
     </span>
    </p>
   </div>
   <div class='ocr_carea' id='block_1_12' title="bbox 387 1247 1979 1322">
    <p class='ocr_par' dir='ltr' id='par_1_12' title="bbox 387 1247 1979 1322">
     <span class='ocr_line' id='line_1_12' title="bbox 387 1247 1979 1322; baseline 0.001 -20"><span class='ocrx_word' id='word_1_68' title='bbox 387 1247 533 1302; x_wconf 75' lang='grc' dir='ltr'>ἔοικε</span> <span class='ocrx_word' id='word_1_69' title='bbox 562 1248 708 1303; x_wconf 81' lang='grc' dir='ltr'>κατὰ</span> <span class='ocrx_word' id='word_1_70' title='bbox 727 1248 790 1303; x_wconf 79' lang='grc' dir='ltr'>τὸ</span> <span class='ocrx_word' id='word_1_71' title='bbox 812 1251 1027 1322; x_wconf 84' lang='grc' dir='ltr'>σχῆμα.</span> <span class='ocrx_word' id='word_1_72' title='bbox 1059 1249 1170 1305; x_wconf 78' lang='grc' dir='ltr'><strong>Καὶ</strong></span> <span class='ocrx_word' id='word_1_73' title='bbox 1209 1248 1465 1322; x_wconf 87' lang='grc' dir='ltr'>καθάπερ</span> <span class='ocrx_word' id='word_1_74' title='bbox 1493 1249 1589 1303; x_wconf 78' lang='grc' dir='ltr'><strong>ἐπὶ</strong></span> <span class='ocrx_word' id='word_1_75' title='bbox 1615 1249 1718 1320; x_wconf 82' lang='grc' dir='ltr'>τῆς</span> <span class='ocrx_word' id='word_1_76' title='bbox 1769 1266 1979 1322; x_wconf 84' lang='grc' dir='ltr'>σταφυ-</span> 
     </span>
    </p>
   </div>
   <div class='ocr_carea' id='block_1_13' title="bbox 388 1338 1977 1413">
    <p class='ocr_par' dir='ltr' id='par_1_13' title="bbox 388 1338 1977 1413">
     <span class='ocr_line' id='line_1_13' title="bbox 388 1338 1977 1413; baseline 0.003 -21"><span class='ocrx_word' id='word_1_77' title='bbox 388 1338 490 1412; x_wconf 82' lang='grc' dir='ltr'>λῆς</span> <span class='ocrx_word' id='word_1_78' title='bbox 515 1338 735 1413; x_wconf 79' lang='grc' dir='ltr'>ὁρῶμεν</span> <span class='ocrx_word' id='word_1_79' title='bbox 769 1340 838 1395; x_wconf 82' lang='grc' dir='ltr'><strong>τὰ</strong></span> <span class='ocrx_word' id='word_1_80' title='bbox 882 1341 983 1412; x_wconf 81' lang='grc' dir='ltr'>μὲν</span> <span class='ocrx_word' id='word_1_81' title='bbox 1010 1340 1121 1394; x_wconf 75' lang='grc' dir='ltr'>ἔσω</span> <span class='ocrx_word' id='word_1_82' title='bbox 1154 1338 1453 1411; x_wconf 83' lang='grc' dir='ltr'>δασύτερα,</span> <span class='ocrx_word' id='word_1_83' title='bbox 1487 1341 1555 1395; x_wconf 74' lang='grc' dir='ltr'><strong>τὰ</strong></span> <span class='ocrx_word' id='word_1_84' title='bbox 1595 1342 1653 1396; x_wconf 80' lang='grc' dir='ltr'>δὲ</span> <span class='ocrx_word' id='word_1_85' title='bbox 1689 1341 1796 1410; x_wconf 75' lang='grc' dir='ltr'><strong>ἔξω</strong></span> <span class='ocrx_word' id='word_1_86' title='bbox 1832 1343 1977 1410; x_wconf 85' lang='grc' dir='ltr'>λεῖα,</span> 
     </span>
    </p>
   </div>
   <div class='ocr_carea' id='block_1_14' title="bbox 389 1430 1980 1505">
    <p class='ocr_par' dir='ltr' id='par_1_14' title="bbox 389 1430 1980 1505">
     <span class='ocr_line' id='line_1_14' title="bbox 389 1430 1980 1505; baseline 0.003 -19"><span class='ocrx_word' id='word_1_87' title='bbox 389 1431 568 1498; x_wconf 76' lang='grc' dir='ltr'>οὕτως</span> <span class='ocrx_word' id='word_1_88' title='bbox 604 1433 702 1488; x_wconf 80' lang='grc' dir='ltr'><strong>καὶ</strong></span> <span class='ocrx_word' id='word_1_89' title='bbox 735 1432 832 1488; x_wconf 66' lang='grc' dir='ltr'><strong>ἐπὶ</strong></span> <span class='ocrx_word' id='word_1_90' title='bbox 883 1430 980 1488; x_wconf 83' lang='grc' dir='ltr'><strong>τοῦ</strong></span> <span class='ocrx_word' id='word_1_91' title='bbox 1015 1432 1335 1505; x_wconf 83' lang='grc' dir='ltr'>ραγοειδοῦς</span> <span class='ocrx_word' id='word_1_92' title='bbox 1364 1432 1516 1490; x_wconf 76' lang='grc' dir='ltr'>ἐστιν</span> <span class='ocrx_word' id='word_1_93' title='bbox 1564 1434 1714 1489; x_wconf 76' lang='grc' dir='ltr'>ἰδεῖν.</span> <span class='ocrx_word' id='word_1_94' title='bbox 1780 1436 1980 1491; x_wconf 84' lang='grc' dir='ltr'>Ἐκπέ-</span> 
     </span>
    </p>
   </div>
   <div class='ocr_carea' id='block_1_15' title="bbox 390 1519 1982 1601">
    <p class='ocr_par' dir='ltr' id='par_1_15' title="bbox 390 1519 1982 1601">
     <span class='ocr_line' id='line_1_15' title="bbox 390 1519 1982 1601; baseline 0.001 -23"><span class='ocrx_word' id='word_1_95' title='bbox 390 1542 531 1595; x_wconf 84' lang='grc' dir='ltr'>φυκε</span> <span class='ocrx_word' id='word_1_96' title='bbox 552 1523 611 1580; x_wconf 80' lang='grc' dir='ltr'>δὲ</span> <span class='ocrx_word' id='word_1_97' title='bbox 640 1519 797 1589; x_wconf 78' lang='grc' dir='ltr'>οὗτος</span> <span class='ocrx_word' id='word_1_98' title='bbox 820 1524 886 1579; x_wconf 77' lang='grc' dir='ltr'>ἐκ</span> <span class='ocrx_word' id='word_1_99' title='bbox 922 1524 1025 1595; x_wconf 83' lang='grc' dir='ltr'><strong>τῆς</strong></span> <span class='ocrx_word' id='word_1_100' title='bbox 1052 1524 1257 1597; x_wconf 83' lang='grc' dir='ltr'><strong>λεπτῆς</strong></span> <span class='ocrx_word' id='word_1_101' title='bbox 1280 1526 1842 1601; x_wconf 68' lang='grc' dir='ltr'><strong>προσαγορευομένης</strong></span> <span class='ocrx_word' id='word_1_102' title='bbox 1879 1529 1982 1600; x_wconf 75' lang='grc' dir='ltr'><strong>μή·</strong></span> 
     </span>
    </p>
   </div>
   <div class='ocr_carea' id='block_1_16' title="bbox 389 1616 1981 1692">
    <p class='ocr_par' dir='ltr' id='par_1_16' title="bbox 389 1616 1981 1692">
     <span class='ocr_line' id='line_1_16' title="bbox 389 1616 1981 1692; baseline 0.002 -20"><span class='ocrx_word' id='word_1_103' title='bbox 389 1634 604 1689; x_wconf 76' lang='grc' dir='ltr'>νιγγος·</span> <span class='ocrx_word' id='word_1_104' title='bbox 646 1617 713 1671; x_wconf 81' lang='grc' dir='ltr'>ἐκ</span> <span class='ocrx_word' id='word_1_105' title='bbox 740 1616 801 1671; x_wconf 82' lang='grc' dir='ltr'>δὲ</span> <span class='ocrx_word' id='word_1_106' title='bbox 835 1617 935 1689; x_wconf 84' lang='grc' dir='ltr'>τῆς</span> <span class='ocrx_word' id='word_1_107' title='bbox 960 1617 1196 1689; x_wconf 76' lang='grc' dir='ltr'>παχείας</span> <span class='ocrx_word' id='word_1_108' title='bbox 1233 1620 1262 1673; x_wconf 99' lang='lat'><strong>6</strong></span> <span class='ocrx_word' id='word_1_109' title='bbox 1307 1617 1723 1688; x_wconf 76' lang='grc' dir='ltr'>κερατοειδήςο</span> <span class='ocrx_word' id='word_1_110' title='bbox 1765 1619 1981 1692; x_wconf 82' lang='grc' dir='ltr'>ὠνόμα-</span> 
     </span>
    </p>
   </div>
   <div class='ocr_carea' id='block_1_17' title="bbox 393 1707 1977 1787">
    <p class='ocr_par' dir='ltr' id='par_1_17' title="bbox 393 1707 1977 1787">
     <span class='ocr_line' id='line_1_17' title="bbox 393 1707 1977 1787; baseline 0.001 -22"><span class='ocrx_word' id='word_1_111' title='bbox 393 1727 518 1765; x_wconf 86' lang='grc' dir='ltr'>σται</span> <span class='ocrx_word' id='word_1_112' title='bbox 552 1709 610 1763; x_wconf 79' lang='grc' dir='ltr'>δὲ</span> <span class='ocrx_word' id='word_1_113' title='bbox 639 1707 838 1775; x_wconf 74' lang='grc' dir='ltr'>οὕτως,</span> <span class='ocrx_word' id='word_1_114' title='bbox 888 1709 980 1764; x_wconf 77' lang='grc' dir='ltr'><strong>διὰ</strong></span> <span class='ocrx_word' id='word_1_115' title='bbox 1008 1710 1070 1764; x_wconf 78' lang='grc' dir='ltr'>τὸ</span> <span class='ocrx_word' id='word_1_116' title='bbox 1100 1711 1487 1787; x_wconf 82' lang='grc' dir='ltr'>παρεμφέρειν</span> <span class='ocrx_word' id='word_1_117' title='bbox 1517 1713 1566 1745; x_wconf 78' lang='grc'><strong><em>⁸⁸</em></strong></span> <span class='ocrx_word' id='word_1_118' title='bbox 1594 1715 1708 1777; x_wconf 81' lang='grc' dir='ltr'>τοῖς</span> <span class='ocrx_word' id='word_1_119' title='bbox 1761 1713 1977 1784; x_wconf 83' lang='grc' dir='ltr'>κέρασι,</span> 
     </span>
    </p>
   </div>
   <div class='ocr_carea' id='block_1_18' title="bbox 391 1801 1983 1875">
    <p class='ocr_par' dir='ltr' id='par_1_18' title="bbox 391 1801 1983 1875">
     <span class='ocr_line' id='line_1_18' title="bbox 391 1801 1983 1875; baseline 0.003 -19"><span class='ocrx_word' id='word_1_120' title='bbox 391 1803 532 1857; x_wconf 78' lang='grc' dir='ltr'>κατά</span> <span class='ocrx_word' id='word_1_121' title='bbox 555 1819 615 1856; x_wconf 84' lang='grc' dir='ltr'><strong>τε</strong></span> <span class='ocrx_word' id='word_1_122' title='bbox 652 1802 714 1856; x_wconf 87' lang='grc' dir='ltr'>τὸ</span> <span class='ocrx_word' id='word_1_123' title='bbox 773 1801 975 1875; x_wconf 84' lang='grc' dir='ltr'>χρῶμα</span> <span class='ocrx_word' id='word_1_124' title='bbox 1000 1818 1015 1834; x_wconf 76' lang='grc' dir='ltr'><strong>ο</strong></span> <span class='ocrx_word' id='word_1_125' title='bbox 1056 1801 1252 1859; x_wconf 79' lang='grc' dir='ltr'>λευκὸν</span> <span class='ocrx_word' id='word_1_126' title='bbox 1273 1804 1385 1875; x_wconf 84' lang='grc' dir='ltr'>γάρ</span> <span class='ocrx_word' id='word_1_127' title='bbox 1438 1805 1596 1858; x_wconf 72' lang='grc' dir='ltr'>ἐστι’</span> <span class='ocrx_word' id='word_1_128' title='bbox 1626 1805 1724 1859; x_wconf 76' lang='grc' dir='ltr'>καὶ</span> <span class='ocrx_word' id='word_1_129' title='bbox 1771 1806 1854 1860; x_wconf 81' lang='grc' dir='ltr'>ὅτι</span> <span class='ocrx_word' id='word_1_130' title='bbox 1900 1806 1983 1870; x_wconf 79' lang='grc' dir='ltr'><strong>είς</strong></span> 
     </span>
    </p>
   </div>
   <div class='ocr_carea' id='block_1_19' title="bbox 391 1895 1982 1971">
    <p class='ocr_par' dir='ltr' id='par_1_19' title="bbox 391 1895 1982 1971">
     <span class='ocr_line' id='line_1_19' title="bbox 391 1895 1982 1971; baseline 0.002 -22"><span class='ocrx_word' id='word_1_131' title='bbox 391 1895 656 1967; x_wconf 85' lang='grc' dir='ltr'>κτηδόνας</span> <span class='ocrx_word' id='word_1_132' title='bbox 686 1895 1050 1951; x_wconf 67' lang='grc' dir='ltr'>’δ’ἀναλύεται</span> <span class='ocrx_word' id='word_1_133' title='bbox 1076 1895 1271 1968; x_wconf 83' lang='grc' dir='ltr'>ὥσπερ</span> <span class='ocrx_word' id='word_1_134' title='bbox 1300 1898 1524 1952; x_wconf 69' lang='grc' dir='ltr'>ἐκεῖνα*</span> <span class='ocrx_word' id='word_1_135' title='bbox 1553 1898 1647 1951; x_wconf 73' lang='grc' dir='ltr'>καὶ</span> <span class='ocrx_word' id='word_1_136' title='bbox 1678 1898 1761 1953; x_wconf 83' lang='grc' dir='ltr'>ὅτι</span> <span class='ocrx_word' id='word_1_137' title='bbox 1794 1901 1982 1971; x_wconf 79' lang='grc' dir='ltr'>μιμεῖι-</span> 
     </span>
    </p>
   </div>
   <div class='ocr_carea' id='block_1_20' title="bbox 2082 691 3672 763">
    <p class='ocr_par' dir='ltr' id='par_1_20' title="bbox 2082 691 3672 763">
     <span class='ocr_line' id='line_1_20' title="bbox 2082 691 3672 763; baseline -0.002 -14"><span class='ocrx_word' id='word_1_138' title='bbox 2082 694 2311 760; x_wconf 89' lang='lat' dir='ltr'><strong>duntur,</strong></span> <span class='ocrx_word' id='word_1_139' title='bbox 2340 693 2511 750; x_wconf 91' lang='lat' dir='ltr'><strong>veluti</strong></span> <span class='ocrx_word' id='word_1_140' title='bbox 2542 693 2589 749; x_wconf 87' lang='lat' dir='ltr'><strong>si</strong></span> <span class='ocrx_word' id='word_1_141' title='bbox 2624 693 2750 762; x_wconf 85' lang='lat' dir='ltr'><strong>quis</strong></span> <span class='ocrx_word' id='word_1_142' title='bbox 2810 706 3076 763; x_wconf 82' lang='lat' dir='ltr'><strong>papyrum</strong></span> <span class='ocrx_word' id='word_1_143' title='bbox 3105 693 3161 746; x_wconf 92' lang='lat' dir='ltr'><strong>in</strong></span> <span class='ocrx_word' id='word_1_144' title='bbox 3189 691 3359 748; x_wconf 79' lang='lat' dir='ltr'><strong>exiles</strong></span> <span class='ocrx_word' id='word_1_145' title='bbox 3392 692 3672 747; x_wconf 68' lang='lat' dir='ltr'><strong>membrao</strong></span> 
     </span>
    </p>
   </div>
   <div class='ocr_carea' id='block_1_21' title="bbox 2082 784 3674 856">
    <p class='ocr_par' dir='ltr' id='par_1_21' title="bbox 2082 784 3674 856">
     <span class='ocr_line' id='line_1_21' title="bbox 2082 784 3674 856; baseline -0.003 -13"><span class='ocrx_word' id='word_1_146' title='bbox 2082 789 2243 844; x_wconf 89' lang='lat' dir='ltr'><strong>nulas</strong></span> <span class='ocrx_word' id='word_1_147' title='bbox 2283 786 2488 843; x_wconf 79' lang='lat' dir='ltr'><strong>incidat</strong></span> <span class='ocrx_word' id='word_1_148' title='bbox 2532 786 2849 856; x_wconf 81' lang='lat' dir='ltr'><strong>ﬂndatque,</strong></span> <span class='ocrx_word' id='word_1_149' title='bbox 2900 792 2955 840; x_wconf 92' lang='lat' dir='ltr'><strong>et</strong></span> <span class='ocrx_word' id='word_1_150' title='bbox 3009 800 3206 843; x_wconf 81' lang='lat' dir='ltr'><strong>rursus</strong></span> <span class='ocrx_word' id='word_1_151' title='bbox 3263 784 3586 856; x_wconf 89' lang='lat' dir='ltr'><strong>complicet,</strong></span> <span class='ocrx_word' id='word_1_152' title='bbox 3620 793 3674 839; x_wconf 85' lang='lat' dir='ltr'><strong>et</strong></span> 
     </span>
    </p>
   </div>
   <div class='ocr_carea' id='block_1_22' title="bbox 2083 877 3670 951">
    <p class='ocr_par' dir='ltr' id='par_1_22' title="bbox 2083 877 3670 951">
     <span class='ocr_line' id='line_1_22' title="bbox 2083 877 3670 951; baseline -0.003 -15"><span class='ocrx_word' id='word_1_153' title='bbox 2083 880 2384 936; x_wconf 91' lang='lat' dir='ltr'><strong>tuniculam</strong></span> <span class='ocrx_word' id='word_1_154' title='bbox 2431 879 2541 951; x_wconf 81' lang='lat'><strong>60</strong></span> <span class='ocrx_word' id='word_1_155' title='bbox 2578 878 2833 934; x_wconf 80' lang='lat' dir='ltr'><strong>conﬁciat</strong></span> <span class='ocrx_word' id='word_1_156' title='bbox 2884 878 2952 933; x_wconf 90' lang='lat' dir='ltr'><strong>ad</strong></span> <span class='ocrx_word' id='word_1_157' title='bbox 2986 878 3202 934; x_wconf 87' lang='lat' dir='ltr'><strong>reticuli</strong></span> <span class='ocrx_word' id='word_1_158' title='bbox 3234 877 3670 939; x_wconf 84' lang='lat' dir='ltr'><strong>similitudinem.</strong></span> 
     </span>
    </p>
   </div>
   <div class='ocr_carea' id='block_1_23' title="bbox 2082 970 3676 1044">
    <p class='ocr_par' dir='ltr' id='par_1_23' title="bbox 2082 970 3676 1044">
     <span class='ocr_line' id='line_1_23' title="bbox 2082 970 3676 1044; baseline -0.001 -17"><span class='ocrx_word' id='word_1_159' title='bbox 2082 988 2193 1044; x_wconf 90' lang='lat' dir='ltr'><strong>quo</strong></span> <span class='ocrx_word' id='word_1_160' title='bbox 2246 973 2314 1028; x_wconf 90' lang='lat' dir='ltr'><strong>ad</strong></span> <span class='ocrx_word' id='word_1_161' title='bbox 2371 971 2551 1043; x_wconf 87' lang='lat' dir='ltr'><strong>pisces</strong></span> <span class='ocrx_word' id='word_1_162' title='bbox 2605 970 2902 1041; x_wconf 83' lang='lat' dir='ltr'><strong>capiendos</strong></span> <span class='ocrx_word' id='word_1_163' title='bbox 2971 971 3051 1026; x_wconf 85' lang='lat' dir='ltr'><strong>uti</strong></span> <span class='ocrx_word' id='word_1_164' title='bbox 3107 970 3386 1038; x_wconf 84' lang='lat' dir='ltr'><strong>solemus;</strong></span> <span class='ocrx_word' id='word_1_165' title='bbox 3452 980 3506 1025; x_wconf 91' lang='lat' dir='ltr'><strong>et</strong></span> <span class='ocrx_word' id='word_1_166' title='bbox 3558 970 3676 1026; x_wconf 81' lang='lat' dir='ltr'><strong>haec</strong></span> 
     </span>
    </p>
   </div>
   <div class='ocr_carea' id='block_1_24' title="bbox 2082 1062 3673 1135">
    <p class='ocr_par' dir='ltr' id='par_1_24' title="bbox 2082 1062 3673 1135">
     <span class='ocr_line' id='line_1_24' title="bbox 2082 1062 3673 1135; baseline -0.001 -17"><span class='ocrx_word' id='word_1_167' title='bbox 2082 1065 2259 1135; x_wconf 90' lang='lat' dir='ltr'><strong>prima</strong></span> <span class='ocrx_word' id='word_1_168' title='bbox 2288 1063 2433 1120; x_wconf 91' lang='lat' dir='ltr'><strong>oculi</strong></span> <span class='ocrx_word' id='word_1_169' title='bbox 2470 1062 2716 1118; x_wconf 85' lang='lat' dir='ltr'><strong>tunicula</strong></span> <span class='ocrx_word' id='word_1_170' title='bbox 2745 1062 2996 1118; x_wconf 86' lang='lat' dir='ltr'><strong>habetur.</strong></span> <span class='ocrx_word' id='word_1_171' title='bbox 3023 1063 3107 1118; x_wconf 84' lang='lat' dir='ltr'><strong>Ab</strong></span> <span class='ocrx_word' id='word_1_172' title='bbox 3143 1063 3247 1118; x_wconf 89' lang='lat' dir='ltr'><strong>hac</strong></span> <span class='ocrx_word' id='word_1_173' title='bbox 3272 1062 3379 1117; x_wconf 84' lang='lat' dir='ltr'><strong>alia</strong></span> <span class='ocrx_word' id='word_1_174' title='bbox 3409 1070 3513 1129; x_wconf 90' lang='lat' dir='ltr'><strong>est,</strong></span> <span class='ocrx_word' id='word_1_175' title='bbox 3548 1077 3673 1132; x_wconf 75' lang='lat' dir='ltr'><strong>quae</strong></span> 
     </span>
    </p>
   </div>
   <div class='ocr_carea' id='block_1_25' title="bbox 2081 1165 3668 1236">
    <p class='ocr_par' dir='ltr' id='par_1_25' title="bbox 2081 1165 3668 1236">
     <span class='ocr_line' id='line_1_25' title="bbox 2081 1165 3668 1236; baseline 0.001 -16"><span class='ocrx_word' id='word_1_176' title='bbox 2081 1165 2258 1221; x_wconf 85' lang='lat' dir='ltr'><strong>uvalis</strong></span> <span class='ocrx_word' id='word_1_177' title='bbox 2313 1165 2653 1235; x_wconf 84' lang='lat' dir='ltr'><strong>appellatur,</strong></span> <span class='ocrx_word' id='word_1_178' title='bbox 2697 1180 2765 1221; x_wconf 89' lang='lat' dir='ltr'><strong>ex</strong></span> <span class='ocrx_word' id='word_1_179' title='bbox 2811 1180 2878 1223; x_wconf 90' lang='lat' dir='ltr'><strong>eo</strong></span> <span class='ocrx_word' id='word_1_180' title='bbox 2914 1165 3060 1236; x_wconf 91' lang='lat' dir='ltr'><strong>quod</strong></span> <span class='ocrx_word' id='word_1_181' title='bbox 3097 1180 3268 1236; x_wconf 89' lang='lat' dir='ltr'><strong>grano</strong></span> <span class='ocrx_word' id='word_1_182' title='bbox 3322 1181 3441 1220; x_wconf 66' lang='lat' dir='ltr'><strong>uvae</strong></span> <span class='ocrx_word' id='word_1_183' title='bbox 3466 1166 3668 1221; x_wconf 83' lang='lat' dir='ltr'><strong>similis</strong></span> 
     </span>
    </p>
   </div>
   <div class='ocr_carea' id='block_1_26' title="bbox 2082 1257 3673 1329">
    <p class='ocr_par' dir='ltr' id='par_1_26' title="bbox 2082 1257 3673 1329">
     <span class='ocr_line' id='line_1_26' title="bbox 2082 1257 3673 1329; baseline -0.001 -15"><span class='ocrx_word' id='word_1_184' title='bbox 2082 1259 2172 1314; x_wconf 85' lang='lat' dir='ltr'><strong>sit.</strong></span> <span class='ocrx_word' id='word_1_185' title='bbox 2215 1257 2282 1314; x_wconf 87' lang='lat' dir='ltr'><strong>Et</strong></span> <span class='ocrx_word' id='word_1_186' title='bbox 2328 1258 2793 1329; x_wconf 88' lang='lat' dir='ltr'><strong>quemadmodum</strong></span> <span class='ocrx_word' id='word_1_187' title='bbox 2843 1260 2901 1313; x_wconf 91' lang='lat' dir='ltr'><strong>in</strong></span> <span class='ocrx_word' id='word_1_188' title='bbox 2952 1273 3078 1323; x_wconf 90' lang='lat' dir='ltr'><strong>uva,</strong></span> <span class='ocrx_word' id='word_1_189' title='bbox 3109 1273 3231 1329; x_wconf 61' lang='lat' dir='ltr'><strong>qua;</strong></span> <span class='ocrx_word' id='word_1_190' title='bbox 3278 1258 3492 1314; x_wconf 87' lang='lat' dir='ltr'><strong>interne</strong></span> <span class='ocrx_word' id='word_1_191' title='bbox 3538 1269 3673 1315; x_wconf 63' lang='lat' dir='ltr'><strong>sunt</strong></span> 
     </span>
    </p>
   </div>
   <div class='ocr_carea' id='block_1_27' title="bbox 2082 1349 3670 1421">
    <p class='ocr_par' dir='ltr' id='par_1_27' title="bbox 2082 1349 3670 1421">
     <span class='ocr_line' id='line_1_27' title="bbox 2082 1349 3670 1421; baseline -0.002 -15"><span class='ocrx_word' id='word_1_192' title='bbox 2082 1349 2360 1416; x_wconf 87' lang='lat' dir='ltr'><strong>densiora,</strong></span> <span class='ocrx_word' id='word_1_193' title='bbox 2396 1366 2519 1421; x_wconf 82' lang='lat' dir='ltr'><strong>quae</strong></span> <span class='ocrx_word' id='word_1_194' title='bbox 2552 1365 2683 1407; x_wconf 89' lang='lat' dir='ltr'><strong>vero</strong></span> <span class='ocrx_word' id='word_1_195' title='bbox 2710 1357 2867 1407; x_wconf 83' lang='lat' dir='ltr'><strong>extra</strong></span> <span class='ocrx_word' id='word_1_196' title='bbox 2895 1350 3210 1406; x_wconf 90' lang='lat' dir='ltr'><strong>consistunt</strong></span> <span class='ocrx_word' id='word_1_197' title='bbox 3235 1350 3375 1405; x_wconf 90' lang='lat' dir='ltr'><strong>levia</strong></span> <span class='ocrx_word' id='word_1_198' title='bbox 3392 1349 3670 1415; x_wconf 86' lang='lat' dir='ltr'><strong>visuntur,</strong></span> 
     </span>
    </p>
   </div>
   <div class='ocr_carea' id='block_1_28' title="bbox 2082 1440 3672 1513">
    <p class='ocr_par' dir='ltr' id='par_1_28' title="bbox 2082 1440 3672 1513">
     <span class='ocr_line' id='line_1_28' title="bbox 2082 1440 3672 1513; baseline 0.001 -16"><span class='ocrx_word' id='word_1_199' title='bbox 2082 1441 2253 1501; x_wconf 83' lang='lat' dir='ltr'><strong>itaet</strong></span> <span class='ocrx_word' id='word_1_200' title='bbox 2282 1441 2339 1496; x_wconf 90' lang='lat' dir='ltr'><strong>in</strong></span> <span class='ocrx_word' id='word_1_201' title='bbox 2376 1441 2520 1497; x_wconf 88' lang='lat' dir='ltr'><strong>uvali</strong></span> <span class='ocrx_word' id='word_1_202' title='bbox 2550 1456 2776 1499; x_wconf 88' lang='lat' dir='ltr'><strong>cernere</strong></span> <span class='ocrx_word' id='word_1_203' title='bbox 2810 1456 3002 1513; x_wconf 87' lang='lat' dir='ltr'><strong>queas.</strong></span> <span class='ocrx_word' id='word_1_204' title='bbox 3041 1440 3169 1498; x_wconf 80' lang='lat' dir='ltr'><strong>Haec</strong></span> <span class='ocrx_word' id='word_1_205' title='bbox 3215 1443 3363 1497; x_wconf 91' lang='lat' dir='ltr'><strong>enim</strong></span> <span class='ocrx_word' id='word_1_206' title='bbox 3412 1458 3443 1497; x_wconf 92' lang='lat' dir='ltr'><strong>a</strong></span> <span class='ocrx_word' id='word_1_207' title='bbox 3495 1458 3672 1498; x_wconf 90' lang='lat' dir='ltr'><strong>mem-</strong></span> 
     </span>
    </p>
   </div>
   <div class='ocr_carea' id='block_1_29' title="bbox 2080 1530 3686 1608">
    <p class='ocr_par' dir='ltr' id='par_1_29' title="bbox 2080 1530 3686 1608">
     <span class='ocr_line' id='line_1_29' title="bbox 2080 1530 3686 1608; baseline 0.001 -20"><span class='ocrx_word' id='word_1_208' title='bbox 2080 1532 2255 1588; x_wconf 82' lang='lat' dir='ltr'><strong>brana</strong></span> <span class='ocrx_word' id='word_1_209' title='bbox 2283 1547 2405 1602; x_wconf 74' lang='lat' dir='ltr'><strong>quaa</strong></span> <span class='ocrx_word' id='word_1_210' title='bbox 2434 1532 2591 1588; x_wconf 81' lang='lat' dir='ltr'><strong>exilis</strong></span> <span class='ocrx_word' id='word_1_211' title='bbox 2614 1542 2981 1604; x_wconf 85' lang='lat' dir='ltr'><strong>nuncupatur,</strong></span> <span class='ocrx_word' id='word_1_212' title='bbox 3020 1530 3288 1604; x_wconf 81' lang='lat' dir='ltr'><strong>provenit.</strong></span> <span class='ocrx_word' id='word_1_213' title='bbox 3322 1531 3391 1589; x_wconf 88' lang='lat' dir='ltr'><strong>At</strong></span> <span class='ocrx_word' id='word_1_214' title='bbox 3411 1549 3686 1608; x_wconf 23' lang='lat' dir='ltr'><strong>corneum,</strong></span> 
     </span>
    </p>
   </div>
   <div class='ocr_carea' id='block_1_30' title="bbox 2083 1626 3674 1697">
    <p class='ocr_par' dir='ltr' id='par_1_30' title="bbox 2083 1626 3674 1697">
     <span class='ocr_line' id='line_1_30' title="bbox 2083 1626 3674 1697; baseline 0.002 -15"><span class='ocrx_word' id='word_1_215' title='bbox 2083 1626 2231 1683; x_wconf 88' lang='lat' dir='ltr'><strong>oculi</strong></span> <span class='ocrx_word' id='word_1_216' title='bbox 2263 1626 2389 1682; x_wconf 90' lang='lat' dir='ltr'><strong>inde</strong></span> <span class='ocrx_word' id='word_1_217' title='bbox 2414 1626 2745 1697; x_wconf 86' lang='lat' dir='ltr'><strong>appellatum</strong></span> <span class='ocrx_word' id='word_1_218' title='bbox 2778 1635 2882 1695; x_wconf 92' lang='lat' dir='ltr'><strong>est,</strong></span> <span class='ocrx_word' id='word_1_219' title='bbox 2916 1627 3077 1697; x_wconf 79' lang='lat' dir='ltr'><strong>quod‘</strong></span> <span class='ocrx_word' id='word_1_220' title='bbox 3097 1627 3358 1683; x_wconf 86' lang='lat' dir='ltr'><strong>cornibus</strong></span> <span class='ocrx_word' id='word_1_221' title='bbox 3410 1629 3674 1685; x_wconf 89' lang='lat' dir='ltr'><strong>similitu-</strong></span> 
     </span>
    </p>
   </div>
   <div class='ocr_carea' id='block_1_31' title="bbox 2083 1718 3673 1792">
    <p class='ocr_par' dir='ltr' id='par_1_31' title="bbox 2083 1718 3673 1792">
     <span class='ocr_line' id='line_1_31' title="bbox 2083 1718 3673 1792; baseline 0.001 -19"><span class='ocrx_word' id='word_1_222' title='bbox 2083 1718 2209 1775; x_wconf 88' lang='lat' dir='ltr'><strong>dine</strong></span> <span class='ocrx_word' id='word_1_223' title='bbox 2237 1719 2566 1789; x_wconf 84' lang='lat' dir='ltr'><strong>respondeat</strong></span> <span class='ocrx_word' id='word_1_224' title='bbox 2590 1724 2740 1790; x_wconf 90' lang='lat' dir='ltr'><strong>(nam</strong></span> <span class='ocrx_word' id='word_1_225' title='bbox 2814 1718 2999 1774; x_wconf 84' lang='lat' dir='ltr'><strong>album</strong></span> <span class='ocrx_word' id='word_1_226' title='bbox 3031 1718 3164 1774; x_wconf 81' lang='lat' dir='ltr'><strong>illud</strong></span> <span class='ocrx_word' id='word_1_227' title='bbox 3205 1727 3490 1790; x_wconf 13' lang='lat' dir='ltr'><strong>est),ttum</strong></span> <span class='ocrx_word' id='word_1_228' title='bbox 3524 1721 3673 1792; x_wconf 91' lang='lat' dir='ltr'><strong>quod</strong></span> 
     </span>
    </p>
   </div>
   <div class='ocr_carea' id='block_1_32' title="bbox 2089 1809 3676 1883">
    <p class='ocr_par' dir='ltr' id='par_1_32' title="bbox 2089 1809 3676 1883">
     <span class='ocr_line' id='line_1_32' title="bbox 2089 1809 3676 1883; baseline 0.001 -17"><span class='ocrx_word' id='word_1_229' title='bbox 2089 1811 2424 1867; x_wconf 61' lang='lat' dir='ltr'><strong>in&#39;extrema</strong></span> <span class='ocrx_word' id='word_1_230' title='bbox 2459 1811 2749 1866; x_wconf 86' lang='lat' dir='ltr'><strong>cacumina</strong></span> <span class='ocrx_word' id='word_1_231' title='bbox 2778 1820 2837 1866; x_wconf 90' lang='lat' dir='ltr'><strong>ut</strong></span> <span class='ocrx_word' id='word_1_232' title='bbox 2859 1826 3067 1867; x_wconf 86' lang='lat' dir='ltr'><strong>cornua</strong></span> <span class='ocrx_word' id='word_1_233' title='bbox 3108 1809 3334 1877; x_wconf 83' lang='lat' dir='ltr'><strong>desinit,</strong></span> <span class='ocrx_word' id='word_1_234' title='bbox 3369 1827 3676 1883; x_wconf 86' lang='lat' dir='ltr'><strong>eorumque</strong></span> 
     </span>
    </p>
   </div>
   <div class='ocr_carea' id='block_1_33' title="bbox 2083 1902 3675 1975">
    <p class='ocr_par' dir='ltr' id='par_1_33' title="bbox 2083 1902 3675 1975">
     <span class='ocr_line' id='line_1_33' title="bbox 2083 1902 3675 1975; baseline 0 -16"><span class='ocrx_word' id='word_1_235' title='bbox 2083 1903 2402 1960; x_wconf 85' lang='lat' dir='ltr'><strong>discrimina</strong></span> <span class='ocrx_word' id='word_1_236' title='bbox 2454 1903 2722 1959; x_wconf 87' lang='lat' dir='ltr'><strong>imitatur.</strong></span> <span class='ocrx_word' id='word_1_237' title='bbox 2760 1902 3030 1960; x_wconf 84' lang='lat' dir='ltr'><strong>Tunicula</strong></span> <span class='ocrx_word' id='word_1_238' title='bbox 3069 1913 3252 1959; x_wconf 89' lang='lat' dir='ltr'><strong>autem</strong></span> <span class='ocrx_word' id='word_1_239' title='bbox 3309 1903 3585 1975; x_wconf 87' lang='lat' dir='ltr'><strong>superior,</strong></span> <span class='ocrx_word' id='word_1_240' title='bbox 3643 1919 3675 1959; x_wconf 73' lang='grc' dir='ltr'>ι</span> 
     </span>
    </p>
   </div>
   <div class='ocr_carea' id='block_1_34' title="bbox 389 1969 1983 2068">
    <p class='ocr_par' dir='ltr' id='par_1_34' title="bbox 389 1969 1983 2061">
     <span class='ocr_line' id='line_1_34' title="bbox 389 1969 1983 2061; baseline 0.004 -20"><span class='ocrx_word' id='word_1_241' title='bbox 389 2004 479 2042; x_wconf 89' lang='grc' dir='ltr'><strong>ται</strong></span> <span class='ocrx_word' id='word_1_242' title='bbox 510 1988 619 2060; x_wconf 84' lang='grc' dir='ltr'>τὴν</span> <span class='ocrx_word' id='word_1_243' title='bbox 648 1989 878 2044; x_wconf 75' lang='grc' dir='ltr'><strong>ἐκείνων</strong></span> <span class='ocrx_word' id='word_1_244' title='bbox 904 1989 1207 2061; x_wconf 60' lang='grc' dir='ltr'>διαφοράν,</span> <span class='ocrx_word' id='word_1_245' title='bbox 1239 1990 1299 2043; x_wconf 81' lang='grc'><strong>’0</strong></span> <span class='ocrx_word' id='word_1_246' title='bbox 1321 1989 1376 2042; x_wconf 78' lang='grc' dir='ltr'>δὲ</span> <span class='ocrx_word' id='word_1_247' title='bbox 1404 1989 1764 2060; x_wconf 79' lang='grc' dir='ltr'><strong>ἐπιπεφυκὼς</strong></span> <span class='ocrx_word' id='word_1_248' title='bbox 1797 1969 1842 2025; x_wconf 52' lang='grc' dir='ltr'>δ’</span> <span class='ocrx_word' id='word_1_249' title='bbox 1866 1969 1983 2047; x_wconf 33' lang='grc' dir='ltr'>-ἀπδ</span> 
     </span>
    </p>
   </div>
   <div class='ocr_carea' id='block_1_35' title="bbox 2080 1969 3679 2068">
    <p class='ocr_par' dir='ltr' id='par_1_35' title="bbox 2087 1995 3679 2068">
     <span class='ocr_line' id='line_1_35' title="bbox 2087 1995 3679 2068; baseline -0.003 -14"><span class='ocrx_word' id='word_1_250' title='bbox 2087 1997 2409 2055; x_wconf 88' lang='lat' dir='ltr'><strong>membrana</strong></span> <span class='ocrx_word' id='word_1_251' title='bbox 2443 2012 2568 2068; x_wconf 73' lang='lat' dir='ltr'><strong>qua:</strong></span> <span class='ocrx_word' id='word_1_252' title='bbox 2606 1995 2833 2052; x_wconf 89' lang='lat' dir='ltr'><strong>calvalis</strong></span> <span class='ocrx_word' id='word_1_253' title='bbox 2858 1996 3080 2063; x_wconf 90' lang='lat' dir='ltr'><strong>dicitur,</strong></span> <span class='ocrx_word' id='word_1_254' title='bbox 3117 2011 3443 2068; x_wconf 89' lang='lat' dir='ltr'><strong>processum</strong></span> <span class='ocrx_word' id='word_1_255' title='bbox 3478 2012 3679 2068; x_wconf 50' lang='lat' dir='ltr'><strong>quem.</strong></span> 
     </span>
    </p>
   </div>
   <div class='ocr_carea' id='block_1_36' title="bbox 389 2081 1975 2156">
    <p class='ocr_par' dir='ltr' id='par_1_36' title="bbox 389 2081 1975 2156">
     <span class='ocr_line' id='line_1_36' title="bbox 389 2081 1975 2156; baseline 0.003 -20"><span class='ocrx_word' id='word_1_256' title='bbox 389 2081 487 2137; x_wconf 82' lang='grc' dir='ltr'>τοῦ</span> <span class='ocrx_word' id='word_1_257' title='bbox 520 2081 747 2155; x_wconf 86' lang='grc' dir='ltr'>κρανίου</span> <span class='ocrx_word' id='word_1_258' title='bbox 771 2082 817 2116; x_wconf 75' lang='grc'><strong>’⁸</strong></span> <span class='ocrx_word' id='word_1_259' title='bbox 844 2082 1148 2153; x_wconf 83' lang='grc' dir='ltr'>λεγομένου</span> <span class='ocrx_word' id='word_1_260' title='bbox 1182 2083 1382 2156; x_wconf 66' lang='grc' dir='ltr'>ὑμένος</span> <span class='ocrx_word' id='word_1_261' title='bbox 1412 2082 1526 2154; x_wconf 74' lang='grc' dir='ltr'>ἔχει</span> <span class='ocrx_word' id='word_1_262' title='bbox 1558 2085 1682 2139; x_wconf 74' lang='grc' dir='ltr'>τινὰ</span> <span class='ocrx_word' id='word_1_263' title='bbox 1720 2084 1975 2156; x_wconf 74' lang='grc' dir='ltr'>ἔκφυσιψ</span> 
     </span>
    </p>
   </div>
   <div class='ocr_carea' id='block_1_37' title="bbox 390 2175 1983 2250">
    <p class='ocr_par' dir='ltr' id='par_1_37' title="bbox 390 2175 1983 2250">
     <span class='ocr_line' id='line_1_37' title="bbox 390 2175 1983 2250; baseline 0.003 -22"><span class='ocrx_word' id='word_1_264' title='bbox 390 2175 511 2245; x_wconf 71' lang='grc' dir='ltr'>ἤτοι</span> <span class='ocrx_word' id='word_1_265' title='bbox 541 2175 721 2248; x_wconf 78' lang='grc' dir='ltr'>ἀρχὴν</span> <span class='ocrx_word' id='word_1_266' title='bbox 770 2175 957 2247; x_wconf 75' lang='grc' dir='ltr'>ἕχει⁹⁹</span> <span class='ocrx_word' id='word_1_267' title='bbox 989 2177 1100 2231; x_wconf 83' lang='grc' dir='ltr'>ἀπό</span> <span class='ocrx_word' id='word_1_268' title='bbox 1135 2193 1283 2241; x_wconf 85' lang='grc' dir='ltr'>τινος</span> <span class='ocrx_word' id='word_1_269' title='bbox 1335 2177 1538 2249; x_wconf 84' lang='grc' dir='ltr'>μοίρας</span> <span class='ocrx_word' id='word_1_270' title='bbox 1591 2180 1689 2249; x_wconf 80' lang='grc' dir='ltr'>τῆς</span> <span class='ocrx_word' id='word_1_271' title='bbox 1746 2179 1983 2250; x_wconf 84' lang='grc' dir='ltr'>παχείας</span> 
     </span>
    </p>
   </div>
   <div class='ocr_carea' id='block_1_38' title="bbox 393 2264 1981 2342">
    <p class='ocr_par' dir='ltr' id='par_1_38' title="bbox 393 2264 1981 2342">
     <span class='ocr_line' id='line_1_38' title="bbox 393 2264 1981 2342; baseline 0.004 -24"><span class='ocrx_word' id='word_1_272' title='bbox 393 2265 664 2337; x_wconf 79' lang='grc' dir='ltr'>μήνιγγος</span> <span class='ocrx_word' id='word_1_273' title='bbox 698 2264 954 2339; x_wconf 75' lang='grc' dir='ltr'><strong>ἐξιούσης</strong></span> <span class='ocrx_word' id='word_1_274' title='bbox 973 2266 1064 2322; x_wconf 79' lang='grc' dir='ltr'><strong>διὰ</strong></span> <span class='ocrx_word' id='word_1_275' title='bbox 1097 2268 1211 2322; x_wconf 88' lang='grc' dir='ltr'><strong>τῶν</strong></span> <span class='ocrx_word' id='word_1_276' title='bbox 1240 2267 1559 2342; x_wconf 86' lang='grc' dir='ltr'>είρημένων</span> <span class='ocrx_word' id='word_1_277' title='bbox 1594 2266 1693 2322; x_wconf 81' lang='grc' dir='ltr'><strong>τοῦ</strong></span> <span class='ocrx_word' id='word_1_278' title='bbox 1739 2270 1981 2339; x_wconf 78' lang='grc' dir='ltr'>ἐγκεφά-</span> 
     </span>
    </p>
   </div>
   <div class='ocr_carea' id='block_1_39' title="bbox 389 2353 1985 2434">
    <p class='ocr_par' dir='ltr' id='par_1_39' title="bbox 389 2353 1985 2434">
     <span class='ocr_line' id='line_1_39' title="bbox 389 2353 1985 2434; baseline 0.006 -26"><span class='ocrx_word' id='word_1_279' title='bbox 389 2353 485 2410; x_wconf 92' lang='grc' dir='ltr'><strong>λου</strong></span> <span class='ocrx_word' id='word_1_280' title='bbox 527 2356 740 2429; x_wconf 80' lang='grc' dir='ltr'>ῥαφῶν,</span> <span class='ocrx_word' id='word_1_281' title='bbox 777 2358 878 2431; x_wconf 81' lang='grc' dir='ltr'>τῆς</span> <span class='ocrx_word' id='word_1_282' title='bbox 935 2361 951 2392; x_wconf 85' lang='grc'>¹</span> <span class='ocrx_word' id='word_1_283' title='bbox 984 2359 1369 2432; x_wconf 84' lang='grc' dir='ltr'>στεφανιαίας,</span> <span class='ocrx_word' id='word_1_284' title='bbox 1419 2359 1648 2434; x_wconf 76' lang='grc' dir='ltr'>καὶτῆς</span> <span class='ocrx_word' id='word_1_285' title='bbox 1692 2360 1985 2433; x_wconf 79' lang='grc' dir='ltr'>λαμδδοει-</span> 
     </span>
    </p>
   </div>
   <div class='ocr_carea' id='block_1_40' title="bbox 388 2447 588 2515">
    <p class='ocr_par' dir='ltr' id='par_1_40' title="bbox 388 2447 588 2515">
     <span class='ocr_line' id='line_1_40' title="bbox 388 2447 588 2515; baseline 0.02 -13"><span class='ocrx_word' id='word_1_286' title='bbox 388 2447 515 2515; x_wconf 77' lang='grc' dir='ltr'>δοῦς</span> <span class='ocrx_word' id='word_1_287' title='bbox 542 2452 588 2506; x_wconf 82' lang='grc'><strong>¹.</strong></span> 
     </span>
    </p>
   </div>
   <div class='ocr_carea' id='block_1_41' title="bbox 464 2543 1981 2624">
    <p class='ocr_par' dir='ltr' id='par_1_41' title="bbox 464 2543 1981 2624">
     <span class='ocr_line' id='line_1_41' title="bbox 464 2543 1981 2624; baseline 0.009 -29"><span class='ocrx_word' id='word_1_288' title='bbox 464 2543 624 2598; x_wconf 85' lang='grc' dir='ltr'>Ἐστι</span> <span class='ocrx_word' id='word_1_289' title='bbox 652 2544 710 2599; x_wconf 80' lang='grc' dir='ltr'>δὲ</span> <span class='ocrx_word' id='word_1_290' title='bbox 741 2545 773 2618; x_wconf 81' lang='grc' dir='ltr'><strong>η</strong></span> <span class='ocrx_word' id='word_1_291' title='bbox 798 2547 959 2619; x_wconf 82' lang='grc' dir='ltr'>χρεία</span> <span class='ocrx_word' id='word_1_292' title='bbox 987 2548 1095 2603; x_wconf 84' lang='grc' dir='ltr'>τῶν</span> <span class='ocrx_word' id='word_1_293' title='bbox 1122 2547 1436 2621; x_wconf 77' lang='grc' dir='ltr'>εἰρημένων</span> <span class='ocrx_word' id='word_1_294' title='bbox 1465 2551 1710 2622; x_wconf 83' lang='grc' dir='ltr'>χιτώνων</span> <span class='ocrx_word' id='word_1_295' title='bbox 1734 2552 1981 2624; x_wconf 81' lang='grc' dir='ltr'>τοιαύτηο</span> 
     </span>
    </p>
   </div>
   <div class='ocr_carea' id='block_1_42' title="bbox 402 2629 1978 2711">
    <p class='ocr_par' dir='ltr' id='par_1_42' title="bbox 402 2629 1978 2711">
     <span class='ocr_line' id='line_1_42' title="bbox 402 2629 1978 2711; baseline 0.009 -26"><span class='ocrx_word' id='word_1_296' title='bbox 402 2629 464 2685; x_wconf 83' lang='grc' dir='ltr'>ὐ</span> <span class='ocrx_word' id='word_1_297' title='bbox 494 2632 1112 2708; x_wconf 72' lang='grc' dir='ltr'>ἀμφιϐληστροειδὴς,</span> <span class='ocrx_word' id='word_1_298' title='bbox 1151 2640 1435 2711; x_wconf 82' lang='grc' dir='ltr'>στήριγμά</span> <span class='ocrx_word' id='word_1_299' title='bbox 1459 2643 1610 2697; x_wconf 74' lang='grc' dir='ltr'>ἐστιν</span> <span class='ocrx_word' id='word_1_300' title='bbox 1636 2642 1852 2698; x_wconf 76' lang='grc' dir='ltr'>ἔνδοθεν</span> <span class='ocrx_word' id='word_1_301' title='bbox 1879 2645 1978 2699; x_wconf 77' lang='grc' dir='ltr'>τοῦ</span> 
     </span>
    </p>
   </div>
   <div class='ocr_carea' id='block_1_43' title="bbox 392 2724 1986 2809">
    <p class='ocr_par' dir='ltr' id='par_1_43' title="bbox 392 2724 1986 2809">
     <span class='ocr_line' id='line_1_43' title="bbox 392 2724 1986 2809; baseline 0.011 -33"><span class='ocrx_word' id='word_1_302' title='bbox 392 2724 600 2791; x_wconf 83' lang='grc' dir='ltr'>παντὸς</span> <span class='ocrx_word' id='word_1_303' title='bbox 631 2726 892 2800; x_wconf 86' lang='grc' dir='ltr'>σώματος</span> <span class='ocrx_word' id='word_1_304' title='bbox 936 2730 1032 2785; x_wconf 84' lang='grc' dir='ltr'>τοῦ</span> <span class='ocrx_word' id='word_1_305' title='bbox 1078 2730 1393 2804; x_wconf 73' lang='grc' dir='ltr'>δφθαλμοῦο</span> <span class='ocrx_word' id='word_1_306' title='bbox 1431 2735 1460 2788; x_wconf 91' lang='lat'><strong>6</strong></span> <span class='ocrx_word' id='word_1_307' title='bbox 1507 2734 1565 2789; x_wconf 80' lang='grc' dir='ltr'>δὲ</span> <span class='ocrx_word' id='word_1_308' title='bbox 1622 2737 1986 2809; x_wconf 80' lang='grc' dir='ltr'>ἐπιπεφυκὼς</span> 
     </span>
    </p>
   </div>
   <div class='ocr_carea' id='block_1_44' title="bbox 391 2811 1987 2898">
    <p class='ocr_par' dir='ltr' id='par_1_44' title="bbox 391 2811 1987 2898">
     <span class='ocr_line' id='line_1_44' title="bbox 391 2811 1987 2898; baseline 0.012 -31"><span class='ocrx_word' id='word_1_309' title='bbox 391 2811 630 2879; x_wconf 68' lang='grc' dir='ltr'>ἔξωθεν·</span> <span class='ocrx_word' id='word_1_310' title='bbox 666 2818 876 2889; x_wconf 79' lang='grc' dir='ltr'>μεταξὺ</span> <span class='ocrx_word' id='word_1_311' title='bbox 905 2819 962 2874; x_wconf 83' lang='grc' dir='ltr'>δὲ</span> <span class='ocrx_word' id='word_1_312' title='bbox 984 2820 1196 2876; x_wconf 81' lang='grc' dir='ltr'>τούτων</span> <span class='ocrx_word' id='word_1_313' title='bbox 1217 2823 1381 2893; x_wconf 78' lang='grc' dir='ltr'>είσὶν,</span> <span class='ocrx_word' id='word_1_314' title='bbox 1411 2827 1440 2879; x_wconf 89' lang='lat'><strong>6</strong></span> <span class='ocrx_word' id='word_1_315' title='bbox 1476 2829 1576 2897; x_wconf 86' lang='grc' dir='ltr'>μὲν</span> <span class='ocrx_word' id='word_1_316' title='bbox 1599 2830 1987 2898; x_wconf 77' lang='grc' dir='ltr'>κερατοειδὴς</span> 
     </span>
    </p>
   </div>
   <div class='ocr_carea' id='block_1_45' title="bbox 394 2905 1987 2993">
    <p class='ocr_par' dir='ltr' id='par_1_45' title="bbox 394 2905 1987 2993">
     <span class='ocr_line' id='line_1_45' title="bbox 394 2905 1987 2993; baseline 0.013 -36"><span class='ocrx_word' id='word_1_317' title='bbox 394 2905 534 2974; x_wconf 74' lang='grc' dir='ltr'>πρὸς</span> <span class='ocrx_word' id='word_1_318' title='bbox 561 2905 638 2979; x_wconf 84' lang='grc' dir='ltr'><strong>τῷ</strong></span> <span class='ocrx_word' id='word_1_319' title='bbox 668 2909 1037 2981; x_wconf 82' lang='grc' dir='ltr'>έπιπεφυκότι</span> <span class='ocrx_word' id='word_1_320' title='bbox 1099 2912 1228 2981; x_wconf 80' lang='grc' dir='ltr'><strong>ἔξω,</strong></span> <span class='ocrx_word' id='word_1_321' title='bbox 1256 2916 1286 2969; x_wconf 93' lang='lat'><strong>6</strong></span> <span class='ocrx_word' id='word_1_322' title='bbox 1314 2914 1371 2969; x_wconf 82' lang='grc' dir='ltr'>δὲ</span> <span class='ocrx_word' id='word_1_323' title='bbox 1393 2916 1721 2989; x_wconf 75' lang='grc' dir='ltr'>ραγοειδὴς</span> <span class='ocrx_word' id='word_1_324' title='bbox 1742 2920 1880 2992; x_wconf 78' lang='grc' dir='ltr'>πρὸς</span> <span class='ocrx_word' id='word_1_325' title='bbox 1908 2922 1987 2993; x_wconf 85' lang='grc' dir='ltr'>τῷ</span> 
     </span>
    </p>
   </div>
   <div class='ocr_carea' id='block_1_46' title="bbox 393 2995 1986 3081">
    <p class='ocr_par' dir='ltr' id='par_1_46' title="bbox 393 2995 1986 3081">
     <span class='ocr_line' id='line_1_46' title="bbox 393 2995 1986 3081; baseline 0.01 -33"><span class='ocrx_word' id='word_1_326' title='bbox 393 2995 922 3070; x_wconf 77' lang='grc' dir='ltr'>ἁμφιόληστροειδεϊ</span> <span class='ocrx_word' id='word_1_327' title='bbox 958 3000 1071 3056; x_wconf 82' lang='grc' dir='ltr'><strong>έσω</strong></span> <span class='ocrx_word' id='word_1_328' title='bbox 1104 3002 1145 3056; x_wconf 78' lang='grc'><strong>⁸.</strong></span> <span class='ocrx_word' id='word_1_329' title='bbox 1177 3004 1355 3076; x_wconf 86' lang='grc' dir='ltr'>Χρεία</span> <span class='ocrx_word' id='word_1_330' title='bbox 1386 3004 1445 3059; x_wconf 82' lang='grc' dir='ltr'>δὲ</span> <span class='ocrx_word' id='word_1_331' title='bbox 1479 3007 1574 3061; x_wconf 83' lang='grc' dir='ltr'>τοῦ</span> <span class='ocrx_word' id='word_1_332' title='bbox 1609 3008 1709 3080; x_wconf 82' lang='grc' dir='ltr'>μὲν</span> <span class='ocrx_word' id='word_1_333' title='bbox 1761 3011 1986 3081; x_wconf 80' lang='grc' dir='ltr'>ραγοει-</span> 
     </span>
    </p>
   </div>
   <div class='ocr_carea' id='block_1_47' title="bbox 392 3088 1988 3177">
    <p class='ocr_par' dir='ltr' id='par_1_47' title="bbox 392 3088 1988 3177">
     <span class='ocr_line' id='line_1_47' title="bbox 392 3088 1988 3177; baseline 0.011 -34"><span class='ocrx_word' id='word_1_334' title='bbox 392 3088 540 3159; x_wconf 83' lang='grc' dir='ltr'><strong>δοῦς,</strong></span> <span class='ocrx_word' id='word_1_335' title='bbox 578 3093 665 3147; x_wconf 77' lang='grc' dir='ltr'>ἵνα</span> <span class='ocrx_word' id='word_1_336' title='bbox 698 3097 822 3149; x_wconf 82' lang='grc' dir='ltr'>κατ’</span> <span class='ocrx_word' id='word_1_337' title='bbox 855 3095 1026 3151; x_wconf 81' lang='grc' dir='ltr'>αὑτοῦ</span> <span class='ocrx_word' id='word_1_338' title='bbox 1065 3096 1163 3152; x_wconf 81' lang='grc' dir='ltr'>τοῦ</span> <span class='ocrx_word' id='word_1_339' title='bbox 1210 3099 1501 3172; x_wconf 84' lang='grc' dir='ltr'>τρήματος</span> <span class='ocrx_word' id='word_1_340' title='bbox 1531 3103 1632 3170; x_wconf 78' lang='grc' dir='ltr'>τῆς</span> <span class='ocrx_word' id='word_1_341' title='bbox 1671 3104 1846 3177; x_wconf 85' lang='grc' dir='ltr'>κόρης</span> <span class='ocrx_word' id='word_1_342' title='bbox 1892 3105 1988 3175; x_wconf 81' lang='grc' dir='ltr'>γέ-</span> 
     </span>
    </p>
   </div>
   <div class='ocr_carea' id='block_1_48' title="bbox 392 3190 1989 3271">
    <p class='ocr_par' dir='ltr' id='par_1_48' title="bbox 392 3190 1989 3271">
     <span class='ocr_line' id='line_1_48' title="bbox 392 3190 1989 3271; baseline 0.006 -27"><span class='ocrx_word' id='word_1_343' title='bbox 392 3206 553 3263; x_wconf 87' lang='grc' dir='ltr'>νηται</span> <span class='ocrx_word' id='word_1_344' title='bbox 577 3210 591 3223; x_wconf 90' lang='grc'><strong>·</strong></span> <span class='ocrx_word' id='word_1_345' title='bbox 642 3193 712 3249; x_wconf 81' lang='grc' dir='ltr'>δι’</span> <span class='ocrx_word' id='word_1_346' title='bbox 744 3190 808 3252; x_wconf 75' lang='grc' dir='ltr'><strong>οὗ</strong></span> <span class='ocrx_word' id='word_1_347' title='bbox 845 3199 908 3252; x_wconf 81' lang='grc' dir='ltr'>τὸ</span> <span class='ocrx_word' id='word_1_348' title='bbox 948 3199 1178 3256; x_wconf 79' lang='grc' dir='ltr'>ὀπτικδν</span> <span class='ocrx_word' id='word_1_349' title='bbox 1205 3199 1373 3267; x_wconf 74' lang='grc' dir='ltr'>ἔξεισι</span> <span class='ocrx_word' id='word_1_350' title='bbox 1398 3200 1549 3271; x_wconf 84' lang='grc' dir='ltr'>φῶς·</span> <span class='ocrx_word' id='word_1_351' title='bbox 1609 3198 1989 3270; x_wconf 78' lang='grc' dir='ltr'>συμϐάλλεται</span> 
     </span>
    </p>
   </div>
   <div class='ocr_carea' id='block_1_49' title="bbox 2083 2087 3678 2160">
    <p class='ocr_par' dir='ltr' id='par_1_49' title="bbox 2083 2087 3678 2160">
     <span class='ocr_line' id='line_1_49' title="bbox 2083 2087 3678 2160; baseline -0.002 -14"><span class='ocrx_word' id='word_1_352' title='bbox 2083 2089 2209 2146; x_wconf 88' lang='lat' dir='ltr'><strong>dam</strong></span> <span class='ocrx_word' id='word_1_353' title='bbox 2244 2088 2408 2144; x_wconf 87' lang='lat' dir='ltr'><strong>habet</strong></span> <span class='ocrx_word' id='word_1_354' title='bbox 2441 2089 2537 2160; x_wconf 89' lang='lat' dir='ltr'><strong>qui</strong></span> <span class='ocrx_word' id='word_1_355' title='bbox 2581 2103 2611 2143; x_wconf 93' lang='lat' dir='ltr'><strong>a</strong></span> <span class='ocrx_word' id='word_1_356' title='bbox 2644 2103 2847 2145; x_wconf 68' lang='lat' dir='ltr'><strong>crassa:</strong></span> <span class='ocrx_word' id='word_1_357' title='bbox 2888 2087 3221 2145; x_wconf 80' lang='lat' dir='ltr'><strong>membranae</strong></span> <span class='ocrx_word' id='word_1_358' title='bbox 3249 2088 3501 2160; x_wconf 85' lang='lat' dir='ltr'><strong>portione</strong></span> <span class='ocrx_word' id='word_1_359' title='bbox 3549 2104 3678 2159; x_wconf 89' lang='lat' dir='ltr'><strong>qua-</strong></span> 
     </span>
    </p>
   </div>
   <div class='ocr_carea' id='block_1_50' title="bbox 2083 2179 3676 2252">
    <p class='ocr_par' dir='ltr' id='par_1_50' title="bbox 2083 2179 3676 2252">
     <span class='ocr_line' id='line_1_50' title="bbox 2083 2179 3676 2252; baseline -0.001 -15"><span class='ocrx_word' id='word_1_360' title='bbox 2083 2180 2210 2237; x_wconf 84' lang='lat' dir='ltr'><strong>dam</strong></span> <span class='ocrx_word' id='word_1_361' title='bbox 2234 2196 2330 2252; x_wconf 90' lang='lat' dir='ltr'><strong>per</strong></span> <span class='ocrx_word' id='word_1_362' title='bbox 2353 2180 2600 2237; x_wconf 79' lang='lat' dir='ltr'><strong>suturam</strong></span> <span class='ocrx_word' id='word_1_363' title='bbox 2628 2179 2878 2237; x_wconf 70' lang='lat' dir='ltr'><strong>Graecum</strong></span> <span class='ocrx_word' id='word_1_364' title='bbox 2914 2182 2961 2235; x_wconf 83' lang='lat' dir='ltr'><strong>A</strong></span> <span class='ocrx_word' id='word_1_365' title='bbox 2992 2181 3411 2251; x_wconf 79' lang='lat' dir='ltr'><strong>exprimentem,</strong></span> <span class='ocrx_word' id='word_1_366' title='bbox 3435 2189 3490 2237; x_wconf 88' lang='lat' dir='ltr'><strong>et</strong></span> <span class='ocrx_word' id='word_1_367' title='bbox 3516 2196 3676 2237; x_wconf 84' lang='lat' dir='ltr'><strong>coro-</strong></span> 
     </span>
    </p>
   </div>
   <div class='ocr_carea' id='block_1_51' title="bbox 2084 2273 3676 2349">
    <p class='ocr_par' dir='ltr' id='par_1_51' title="bbox 2084 2273 3676 2349">
     <span class='ocr_line' id='line_1_51' title="bbox 2084 2273 3676 2349; baseline -0.001 -19"><span class='ocrx_word' id='word_1_368' title='bbox 2084 2274 2265 2330; x_wconf 89' lang='lat' dir='ltr'><strong>nalem</strong></span> <span class='ocrx_word' id='word_1_369' title='bbox 2285 2273 2353 2331; x_wconf 89' lang='lat' dir='ltr'><strong>de</strong></span> <span class='ocrx_word' id='word_1_370' title='bbox 2380 2273 2581 2345; x_wconf 81' lang='lat' dir='ltr'><strong>quibus</strong></span> <span class='ocrx_word' id='word_1_371' title='bbox 2592 2273 2747 2345; x_wconf 90' lang='lat' dir='ltr'><strong>prius</strong></span> <span class='ocrx_word' id='word_1_372' title='bbox 2769 2273 3013 2331; x_wconf 80' lang='lat' dir='ltr'><strong>diximus</strong></span> <span class='ocrx_word' id='word_1_373' title='bbox 3037 2273 3372 2349; x_wconf 88' lang='lat' dir='ltr'><strong>egrediente,</strong></span> <span class='ocrx_word' id='word_1_374' title='bbox 3401 2273 3676 2347; x_wconf 76' lang='lat' dir='ltr'><strong>originem</strong></span> 
     </span>
    </p>
   </div>
   <div class='ocr_carea' id='block_1_52' title="bbox 2085 2366 2258 2425">
    <p class='ocr_par' dir='ltr' id='par_1_52' title="bbox 2085 2366 2258 2425">
     <span class='ocr_line' id='line_1_52' title="bbox 2085 2366 2258 2425; baseline -0.006 0"><span class='ocrx_word' id='word_1_375' title='bbox 2085 2366 2258 2425; x_wconf 88' lang='lat' dir='ltr'><strong>ducit.</strong></span> 
     </span>
    </p>
   </div>
   <div class='ocr_carea' id='block_1_53' title="bbox 2158 2545 3678 2621">
    <p class='ocr_par' dir='ltr' id='par_1_53' title="bbox 2158 2545 3678 2621">
     <span class='ocr_line' id='line_1_53' title="bbox 2158 2545 3678 2621; baseline -0.002 -17"><span class='ocrx_word' id='word_1_376' title='bbox 2158 2547 2384 2606; x_wconf 69' lang='lat' dir='ltr'><strong>Tunicae</strong></span> <span class='ocrx_word' id='word_1_377' title='bbox 2441 2548 2607 2621; x_wconf 79' lang='lat' dir='ltr'><strong>igitur</strong></span> <span class='ocrx_word' id='word_1_378' title='bbox 2647 2562 2787 2619; x_wconf 89' lang='lat' dir='ltr'><strong>quas</strong></span> <span class='ocrx_word' id='word_1_379' title='bbox 2841 2546 3264 2619; x_wconf 79' lang='lat' dir='ltr'><strong>explicavimus,</strong></span> <span class='ocrx_word' id='word_1_380' title='bbox 3298 2545 3392 2601; x_wconf 89' lang='lat' dir='ltr'><strong>tali</strong></span> <span class='ocrx_word' id='word_1_381' title='bbox 3428 2548 3550 2601; x_wconf 89' lang='lat' dir='ltr'><strong>usui</strong></span> <span class='ocrx_word' id='word_1_382' title='bbox 3584 2559 3678 2601; x_wconf 85' lang='lat' dir='ltr'><strong>ac-</strong></span> 
     </span>
    </p>
   </div>
   <div class='ocr_carea' id='block_1_54' title="bbox 2086 2638 3677 2713">
    <p class='ocr_par' dir='ltr' id='par_1_54' title="bbox 2086 2638 3677 2713">
     <span class='ocr_line' id='line_1_54' title="bbox 2086 2638 3677 2713; baseline -0.004 -13"><span class='ocrx_word' id='word_1_383' title='bbox 2086 2643 2530 2702; x_wconf 88' lang='lat' dir='ltr'><strong>commodantur.</strong></span> <span class='ocrx_word' id='word_1_384' title='bbox 2584 2641 2678 2698; x_wconf 89' lang='lat' dir='ltr'><strong>llla</strong></span> <span class='ocrx_word' id='word_1_385' title='bbox 2726 2651 2908 2697; x_wconf 89' lang='lat' dir='ltr'><strong>autem</strong></span> <span class='ocrx_word' id='word_1_386' title='bbox 2954 2656 3077 2713; x_wconf 74' lang='lat' dir='ltr'><strong>qua:</strong></span> <span class='ocrx_word' id='word_1_387' title='bbox 3124 2640 3257 2698; x_wconf 88' lang='lat' dir='ltr'><strong>retis</strong></span> <span class='ocrx_word' id='word_1_388' title='bbox 3302 2647 3508 2696; x_wconf 87' lang='lat' dir='ltr'><strong>textum</strong></span> <span class='ocrx_word' id='word_1_389' title='bbox 3551 2638 3677 2694; x_wconf 90' lang='lat' dir='ltr'><strong>imi-</strong></span> 
     </span>
    </p>
   </div>
   <div class='ocr_carea' id='block_1_55' title="bbox 2088 2732 3679 2807">
    <p class='ocr_par' dir='ltr' id='par_1_55' title="bbox 2088 2732 3679 2807">
     <span class='ocr_line' id='line_1_55' title="bbox 2088 2732 3679 2807; baseline -0.004 -14"><span class='ocrx_word' id='word_1_390' title='bbox 2088 2745 2269 2806; x_wconf 85' lang='lat' dir='ltr'><strong>tatur,</strong></span> <span class='ocrx_word' id='word_1_391' title='bbox 2305 2737 2489 2805; x_wconf 84' lang='lat' dir='ltr'><strong>totius</strong></span> <span class='ocrx_word' id='word_1_392' title='bbox 2521 2736 2770 2807; x_wconf 92' lang='lat' dir='ltr'><strong>corporis</strong></span> <span class='ocrx_word' id='word_1_393' title='bbox 2820 2735 2966 2791; x_wconf 92' lang='lat' dir='ltr'><strong>oculi</strong></span> <span class='ocrx_word' id='word_1_394' title='bbox 3021 2735 3237 2790; x_wconf 87' lang='lat' dir='ltr'><strong>interne</strong></span> <span class='ocrx_word' id='word_1_395' title='bbox 3271 2732 3679 2789; x_wconf 86' lang='lat' dir='ltr'><strong>ﬁrmamentum</strong></span> 
     </span>
    </p>
   </div>
   <div class='ocr_carea' id='block_1_56' title="bbox 2087 2824 3677 2900">
    <p class='ocr_par' dir='ltr' id='par_1_56' title="bbox 2087 2824 3677 2900">
     <span class='ocr_line' id='line_1_56' title="bbox 2087 2824 3677 2900; baseline -0.005 -14"><span class='ocrx_word' id='word_1_396' title='bbox 2087 2840 2173 2887; x_wconf 86' lang='lat' dir='ltr'><strong>est</strong></span> <span class='ocrx_word' id='word_1_397' title='bbox 2218 2849 2232 2886; x_wconf 91' lang='lat'><strong>:</strong></span> <span class='ocrx_word' id='word_1_398' title='bbox 2267 2838 2324 2885; x_wconf 85' lang='lat' dir='ltr'><strong>at</strong></span> <span class='ocrx_word' id='word_1_399' title='bbox 2372 2829 2629 2900; x_wconf 88' lang='lat' dir='ltr'><strong>superior</strong></span> <span class='ocrx_word' id='word_1_400' title='bbox 2656 2828 2902 2900; x_wconf 85' lang='lat' dir='ltr'><strong>ejusdem</strong></span> <span class='ocrx_word' id='word_1_401' title='bbox 2933 2826 3105 2883; x_wconf 88' lang='lat' dir='ltr'><strong>robur</strong></span> <span class='ocrx_word' id='word_1_402' title='bbox 3131 2827 3378 2882; x_wconf 87' lang='lat' dir='ltr'><strong>exterius</strong></span> <span class='ocrx_word' id='word_1_403' title='bbox 3424 2824 3677 2880; x_wconf 87' lang='lat' dir='ltr'><strong>habetur.</strong></span> 
     </span>
    </p>
   </div>
   <div class='ocr_carea' id='block_1_57' title="bbox 2089 2920 3683 2990">
    <p class='ocr_par' dir='ltr' id='par_1_57' title="bbox 2089 2920 3683 2990">
     <span class='ocr_line' id='line_1_57' title="bbox 2089 2920 3683 2990; baseline -0.004 -12"><span class='ocrx_word' id='word_1_404' title='bbox 2089 2923 2237 2979; x_wconf 86' lang='lat' dir='ltr'><strong>Inter</strong></span> <span class='ocrx_word' id='word_1_405' title='bbox 2294 2922 2395 2979; x_wconf 81' lang='lat' dir='ltr'><strong>has</strong></span> <span class='ocrx_word' id='word_1_406' title='bbox 2434 2921 2595 2987; x_wconf 85' lang='lat' dir='ltr'><strong>duas,</strong></span> <span class='ocrx_word' id='word_1_407' title='bbox 2652 2921 2772 2976; x_wconf 68' lang='lat' dir='ltr'><strong>alia:</strong></span> <span class='ocrx_word' id='word_1_408' title='bbox 2836 2920 3061 2977; x_wconf 90' lang='lat' dir='ltr'><strong>totidem</strong></span> <span class='ocrx_word' id='word_1_409' title='bbox 3102 2920 3296 2990; x_wconf 64' lang='lat' dir='ltr'><strong>positae</strong></span> <span class='ocrx_word' id='word_1_410' title='bbox 3359 2926 3528 2983; x_wconf 87' lang='lat' dir='ltr'><strong>sunt,</strong></span> <span class='ocrx_word' id='word_1_411' title='bbox 3577 2933 3683 2972; x_wconf 88' lang='lat' dir='ltr'><strong>una</strong></span> 
     </span>
    </p>
   </div>
   <div class='ocr_carea' id='block_1_58' title="bbox 2090 3009 3683 3085">
    <p class='ocr_par' dir='ltr' id='par_1_58' title="bbox 2090 3009 3683 3085">
     <span class='ocr_line' id='line_1_58' title="bbox 2090 3009 3683 3085; baseline -0.003 -16"><span class='ocrx_word' id='word_1_412' title='bbox 2090 3028 2293 3070; x_wconf 90' lang='lat' dir='ltr'><strong>cornea</strong></span> <span class='ocrx_word' id='word_1_413' title='bbox 2352 3028 2476 3085; x_wconf 70' lang='lat' dir='ltr'><strong>quae</strong></span> <span class='ocrx_word' id='word_1_414' title='bbox 2525 3011 2800 3084; x_wconf 88' lang='lat' dir='ltr'><strong>superiori</strong></span> <span class='ocrx_word' id='word_1_415' title='bbox 2854 3012 3099 3067; x_wconf 90' lang='lat' dir='ltr'><strong>exterius</strong></span> <span class='ocrx_word' id='word_1_416' title='bbox 3155 3010 3479 3082; x_wconf 86' lang='lat' dir='ltr'><strong>applicatur,</strong></span> <span class='ocrx_word' id='word_1_417' title='bbox 3512 3009 3683 3065; x_wconf 86' lang='lat' dir='ltr'><strong>altera</strong></span> 
     </span>
    </p>
   </div>
   <div class='ocr_carea' id='block_1_59' title="bbox 2090 3098 3684 3175">
    <p class='ocr_par' dir='ltr' id='par_1_59' title="bbox 2090 3098 3684 3175">
     <span class='ocr_line' id='line_1_59' title="bbox 2090 3098 3684 3175; baseline -0.002 -16"><span class='ocrx_word' id='word_1_418' title='bbox 2090 3120 2222 3162; x_wconf 88' lang='lat' dir='ltr'><strong>vero</strong></span> <span class='ocrx_word' id='word_1_419' title='bbox 2246 3105 2444 3173; x_wconf 87' lang='lat' dir='ltr'><strong>uvalis,</strong></span> <span class='ocrx_word' id='word_1_420' title='bbox 2479 3119 2613 3175; x_wconf 70' lang='lat' dir='ltr'><strong>quae</strong></span> <span class='ocrx_word' id='word_1_421' title='bbox 2634 3103 2920 3160; x_wconf 89' lang='lat' dir='ltr'><strong>reticulari</strong></span> <span class='ocrx_word' id='word_1_422' title='bbox 2955 3103 3169 3158; x_wconf 88' lang='lat' dir='ltr'><strong>interne</strong></span> <span class='ocrx_word' id='word_1_423' title='bbox 3198 3103 3459 3158; x_wconf 76' lang='lat' dir='ltr'><strong>adhaeret.</strong></span> <span class='ocrx_word' id='word_1_424' title='bbox 3495 3098 3684 3156; x_wconf 73' lang='lat' dir='ltr'><strong>Uralis</strong></span> 
     </span>
    </p>
   </div>
   <div class='ocr_carea' id='block_1_60' title="bbox 2088 3190 3684 3268">
    <p class='ocr_par' dir='ltr' id='par_1_60' title="bbox 2088 3190 3684 3268">
     <span class='ocr_line' id='line_1_60' title="bbox 2088 3190 3684 3268; baseline -0.005 -17"><span class='ocrx_word' id='word_1_425' title='bbox 2088 3195 2311 3268; x_wconf 88' lang='lat' dir='ltr'><strong>quidem</strong></span> <span class='ocrx_word' id='word_1_426' title='bbox 2341 3211 2478 3252; x_wconf 90' lang='lat' dir='ltr'><strong>usus</strong></span> <span class='ocrx_word' id='word_1_427' title='bbox 2501 3204 2604 3261; x_wconf 85' lang='lat' dir='ltr'><strong>est,</strong></span> <span class='ocrx_word' id='word_1_428' title='bbox 2627 3194 2727 3261; x_wconf 90' lang='lat' dir='ltr'><strong>uti,</strong></span> <span class='ocrx_word' id='word_1_429' title='bbox 2758 3209 2884 3251; x_wconf 88' lang='lat' dir='ltr'><strong>cum</strong></span> <span class='ocrx_word' id='word_1_430' title='bbox 2925 3207 3065 3249; x_wconf 74' lang='lat' dir='ltr'><strong>rara:</strong></span> <span class='ocrx_word' id='word_1_431' title='bbox 3094 3200 3323 3248; x_wconf 73' lang='lat' dir='ltr'><strong>texturae</strong></span> <span class='ocrx_word' id='word_1_432' title='bbox 3344 3192 3436 3256; x_wconf 89' lang='lat' dir='ltr'><strong>sit,</strong></span> <span class='ocrx_word' id='word_1_433' title='bbox 3468 3207 3588 3248; x_wconf 91' lang='lat' dir='ltr'><strong>sese</strong></span> <span class='ocrx_word' id='word_1_434' title='bbox 3617 3190 3684 3244; x_wconf 85' lang='lat' dir='ltr'><strong>ad</strong></span> 
     </span>
    </p>
   </div>
   <div class='ocr_carea' id='block_1_61' title="bbox 392 3281 1983 3385">
    <p class='ocr_par' dir='ltr' id='par_1_61' title="bbox 392 3281 1983 3385">
     <span class='ocr_line' id='line_1_61' title="bbox 392 3281 1983 3385; baseline 0.004 -48"><span class='ocrx_word' id='word_1_435' title='bbox 392 3281 449 3385; x_wconf 74' lang='grc' dir='ltr'>δὲ</span> <span class='ocrx_word' id='word_1_436' title='bbox 482 3285 575 3339; x_wconf 79' lang='grc' dir='ltr'>καὶ</span> <span class='ocrx_word' id='word_1_437' title='bbox 595 3286 773 3352; x_wconf 79' lang='grc' dir='ltr'>ἄλλως</span> <span class='ocrx_word' id='word_1_438' title='bbox 799 3289 1160 3363; x_wconf 82' lang='grc' dir='ltr'>περιθάλπων</span> <span class='ocrx_word' id='word_1_439' title='bbox 1184 3292 1248 3346; x_wconf 81' lang='grc' dir='ltr'>τὸ</span> <span class='ocrx_word' id='word_1_440' title='bbox 1274 3290 1732 3365; x_wconf 83' lang='grc' dir='ltr'>κρυσταλλοειδὲς</span> <span class='ocrx_word' id='word_1_441' title='bbox 1750 3291 1771 3322; x_wconf 71' lang='grc'><strong><em>⁵</em></strong></span> <span class='ocrx_word' id='word_1_442' title='bbox 1794 3290 1983 3362; x_wconf 80' lang='grc' dir='ltr'>ὑγρόν·</span> 
     </span>
    </p>
   </div>
   <div class='ocr_carea' id='block_1_62' title="bbox 2080 3281 3682 3385">
    <p class='ocr_par' dir='ltr' id='par_1_62' title="bbox 2092 3284 3682 3358">
     <span class='ocr_line' id='line_1_62' title="bbox 2092 3284 3682 3358; baseline -0.003 -17"><span class='ocrx_word' id='word_1_443' title='bbox 2092 3287 2354 3358; x_wconf 88' lang='lat' dir='ltr'><strong>pupillam</strong></span> <span class='ocrx_word' id='word_1_444' title='bbox 2380 3287 2662 3352; x_wconf 79' lang='lat' dir='ltr'><strong>extendat,</strong></span> <span class='ocrx_word' id='word_1_445' title='bbox 2682 3302 2794 3357; x_wconf 88' lang='lat' dir='ltr'><strong>quo</strong></span> <span class='ocrx_word' id='word_1_446' title='bbox 2812 3286 3012 3341; x_wconf 84' lang='lat' dir='ltr'><strong>visibili</strong></span> <span class='ocrx_word' id='word_1_447' title='bbox 3037 3284 3230 3340; x_wconf 91' lang='lat' dir='ltr'><strong>lumini</strong></span> <span class='ocrx_word' id='word_1_448' title='bbox 3255 3299 3351 3353; x_wconf 89' lang='lat' dir='ltr'><strong>per</strong></span> <span class='ocrx_word' id='word_1_449' title='bbox 3371 3298 3492 3338; x_wconf 89' lang='lat' dir='ltr'><strong>eam</strong></span> <span class='ocrx_word' id='word_1_450' title='bbox 3528 3292 3682 3337; x_wconf 83' lang='lat' dir='ltr'><strong>extra</strong></span> 
     </span>
    </p>
   </div>
   <div class='ocr_carea' id='block_1_63' title="bbox 392 3375 1988 3452">
    <p class='ocr_par' dir='ltr' id='par_1_63' title="bbox 392 3375 1988 3452">
     <span class='ocr_line' id='line_1_63' title="bbox 392 3375 1988 3452; baseline 0.005 -23"><span class='ocrx_word' id='word_1_451' title='bbox 392 3375 476 3430; x_wconf 88' lang='grc' dir='ltr'><strong>διδ</strong></span> <span class='ocrx_word' id='word_1_452' title='bbox 501 3379 596 3432; x_wconf 72' lang='grc' dir='ltr'>καὶ</span> <span class='ocrx_word' id='word_1_453' title='bbox 634 3377 804 3445; x_wconf 79' lang='grc' dir='ltr'>δασὺς</span> <span class='ocrx_word' id='word_1_454' title='bbox 864 3380 1082 3438; x_wconf 73' lang='grc' dir='ltr'>ἔνδοθεν</span> <span class='ocrx_word' id='word_1_455' title='bbox 1130 3384 1351 3452; x_wconf 74' lang='grc' dir='ltr'>ἐγένετο</span> <span class='ocrx_word' id='word_1_456' title='bbox 1381 3384 1479 3438; x_wconf 73' lang='grc' dir='ltr'><strong>καὶ</strong></span> <span class='ocrx_word' id='word_1_457' title='bbox 1516 3383 1865 3452; x_wconf 81' lang='grc' dir='ltr'>σπογγώδης,</span> <span class='ocrx_word' id='word_1_458' title='bbox 1897 3383 1988 3437; x_wconf 81' lang='grc' dir='ltr'>ἵνα</span> 
     </span>
    </p>
   </div>
   <div class='ocr_carea' id='block_1_64' title="bbox 397 3470 1986 3544">
    <p class='ocr_par' dir='ltr' id='par_1_64' title="bbox 397 3470 1986 3544">
     <span class='ocr_line' id='line_1_64' title="bbox 397 3470 1986 3544; baseline 0.004 -22"><span class='ocrx_word' id='word_1_459' title='bbox 397 3470 528 3540; x_wconf 81' lang='grc' dir='ltr'>μήτι</span> <span class='ocrx_word' id='word_1_460' title='bbox 559 3470 876 3543; x_wconf 80' lang='grc' dir='ltr'>λυμάνηται</span> <span class='ocrx_word' id='word_1_461' title='bbox 926 3473 1030 3544; x_wconf 81' lang='grc' dir='ltr'>τῆς</span> <span class='ocrx_word' id='word_1_462' title='bbox 1067 3476 1273 3544; x_wconf 76' lang='grc' dir='ltr'>κόρηςο</span> <span class='ocrx_word' id='word_1_463' title='bbox 1311 3474 1452 3530; x_wconf 79' lang='grc' dir='ltr'>ἀλλὰ</span> <span class='ocrx_word' id='word_1_464' title='bbox 1483 3474 1581 3530; x_wconf 74' lang='grc' dir='ltr'>καὶ</span> <span class='ocrx_word' id='word_1_465' title='bbox 1608 3474 1697 3528; x_wconf 80' lang='grc' dir='ltr'>διὰ</span> <span class='ocrx_word' id='word_1_466' title='bbox 1725 3472 1787 3527; x_wconf 83' lang='grc' dir='ltr'><strong>τδ</strong></span> <span class='ocrx_word' id='word_1_467' title='bbox 1823 3474 1986 3542; x_wconf 77' lang='grc' dir='ltr'><strong>δυνιί⁸</strong></span> 
     </span>
    </p>
   </div>
   <div class='ocr_carea' id='block_1_65' title="bbox 393 3559 1989 3635">
    <p class='ocr_par' dir='ltr' id='par_1_65' title="bbox 393 3559 1989 3635">
     <span class='ocr_line' id='line_1_65' title="bbox 393 3559 1989 3635; baseline 0.004 -23"><span class='ocrx_word' id='word_1_468' title='bbox 393 3559 553 3630; x_wconf 79' lang='grc' dir='ltr'>θῆναι</span> <span class='ocrx_word' id='word_1_469' title='bbox 584 3561 789 3629; x_wconf 74' lang='grc' dir='ltr'>φλέϐας</span> <span class='ocrx_word' id='word_1_470' title='bbox 816 3563 841 3595; x_wconf 78' lang='grc'><em>⁸</em></span> <span class='ocrx_word' id='word_1_471' title='bbox 862 3564 1230 3630; x_wconf 79' lang='grc' dir='ltr'>ὑποδέξασθαι</span> <span class='ocrx_word' id='word_1_472' title='bbox 1264 3565 1520 3629; x_wconf 89' lang='grc' dir='ltr'>πλείονας</span> <span class='ocrx_word' id='word_1_473' title='bbox 1550 3567 1591 3620; x_wconf 83' lang='grc'><strong>⁸.</strong></span> <span class='ocrx_word' id='word_1_474' title='bbox 1627 3561 1764 3618; x_wconf 77' lang='grc' dir='ltr'>Εἶτα</span> <span class='ocrx_word' id='word_1_475' title='bbox 1795 3563 1989 3635; x_wconf 76' lang='grc' dir='ltr'>ἐπειδὴ</span> 
     </span>
    </p>
   </div>
   <div class='ocr_carea' id='block_1_66' title="bbox 393 3648 1989 3728">
    <p class='ocr_par' dir='ltr' id='par_1_66' title="bbox 393 3648 1989 3728">
     <span class='ocr_line' id='line_1_66' title="bbox 393 3648 1989 3728; baseline 0.006 -27"><span class='ocrx_word' id='word_1_476' title='bbox 393 3648 639 3714; x_wconf 84' lang='grc' dir='ltr'>τοιοῦτος</span> <span class='ocrx_word' id='word_1_477' title='bbox 657 3649 734 3705; x_wconf 85' lang='grc' dir='ltr'>ὢν</span> <span class='ocrx_word' id='word_1_478' title='bbox 756 3650 985 3724; x_wconf 71' lang='grc' dir='ltr'>ἔμελλεν</span> <span class='ocrx_word' id='word_1_479' title='bbox 1006 3655 1325 3726; x_wconf 56' lang='grc' dir='ltr'>ἐμποδίζειν</span> <span class='ocrx_word' id='word_1_480' title='bbox 1339 3654 1418 3725; x_wconf 85' lang='grc' dir='ltr'><strong>τῷ</strong></span> <span class='ocrx_word' id='word_1_481' title='bbox 1439 3654 1655 3726; x_wconf 85' lang='grc' dir='ltr'>ὀπτικῷ</span> <span class='ocrx_word' id='word_1_482' title='bbox 1671 3655 1948 3728; x_wconf 86' lang='grc' dir='ltr'>πνεύματι</span> <span class='ocrx_word' id='word_1_483' title='bbox 1968 3657 1989 3689; x_wconf 79' lang='grc'><strong>⁷</strong></span> 
     </span>
    </p>
   </div>
   <div class='ocr_carea' id='block_1_67' title="bbox 395 3740 1988 3821">
    <p class='ocr_par' dir='ltr' id='par_1_67' title="bbox 395 3740 1988 3821">
     <span class='ocr_line' id='line_1_67' title="bbox 395 3740 1988 3821; baseline 0.005 -27"><span class='ocrx_word' id='word_1_484' title='bbox 395 3740 478 3804; x_wconf 78' lang='grc' dir='ltr'><strong>είς</strong></span> <span class='ocrx_word' id='word_1_485' title='bbox 524 3741 585 3796; x_wconf 86' lang='grc' dir='ltr'>τὸ</span> <span class='ocrx_word' id='word_1_486' title='bbox 619 3742 849 3812; x_wconf 76' lang='grc' dir='ltr'>ἐξιέναι,</span> <span class='ocrx_word' id='word_1_487' title='bbox 887 3745 981 3801; x_wconf 82' lang='grc' dir='ltr'><strong>διὰ</strong></span> <span class='ocrx_word' id='word_1_488' title='bbox 1038 3747 1198 3802; x_wconf 80' lang='grc' dir='ltr'>τοῦτο</span> <span class='ocrx_word' id='word_1_489' title='bbox 1248 3748 1511 3821; x_wconf 85' lang='grc' dir='ltr'>τέτρηται</span> <span class='ocrx_word' id='word_1_490' title='bbox 1563 3747 1790 3815; x_wconf 75' lang='grc' dir='ltr'>ἔξωθεν,</span> <span class='ocrx_word' id='word_1_491' title='bbox 1854 3749 1988 3802; x_wconf 69' lang='lat' dir='ltr'><strong>zeal.&quot;</strong></span> 
     </span>
    </p>
   </div>
   <div class='ocr_carea' id='block_1_68' title="bbox 396 3834 1990 3913">
    <p class='ocr_par' dir='ltr' id='par_1_68' title="bbox 396 3834 1990 3913">
     <span class='ocr_line' id='line_1_68' title="bbox 396 3834 1990 3913; baseline 0.004 -26"><span class='ocrx_word' id='word_1_492' title='bbox 396 3834 604 3899; x_wconf 86' lang='grc' dir='ltr'>πυκνός</span> <span class='ocrx_word' id='word_1_493' title='bbox 634 3837 773 3902; x_wconf 80' lang='grc' dir='ltr'>ἐστι,</span> <span class='ocrx_word' id='word_1_494' title='bbox 811 3839 950 3913; x_wconf 82' lang='grc' dir='ltr'>πρὸς</span> <span class='ocrx_word' id='word_1_495' title='bbox 982 3838 1046 3894; x_wconf 82' lang='grc' dir='ltr'><strong>τὺ</strong></span> <span class='ocrx_word' id='word_1_496' title='bbox 1081 3839 1160 3913; x_wconf 78' lang='grc' dir='ltr'>μὴ</span> <span class='ocrx_word' id='word_1_497' title='bbox 1183 3843 1492 3913; x_wconf 79' lang='grc' dir='ltr'>συγχωρεῖν</span> <span class='ocrx_word' id='word_1_498' title='bbox 1520 3840 1899 3912; x_wconf 81' lang='grc' dir='ltr'>διαφορεῖσθαι</span> <span class='ocrx_word' id='word_1_499' title='bbox 1929 3840 1990 3894; x_wconf 85' lang='grc' dir='ltr'>τὸ</span> 
     </span>
    </p>
   </div>
   <div class='ocr_carea' id='block_1_69' title="bbox 395 3931 1988 4011">
    <p class='ocr_par' dir='ltr' id='par_1_69' title="bbox 395 3931 1988 4011">
     <span class='ocr_line' id='line_1_69' title="bbox 395 3931 1988 4011; baseline 0.005 -28"><span class='ocrx_word' id='word_1_500' title='bbox 395 3931 637 4004; x_wconf 82' lang='grc' dir='ltr'>πνεῦμα.</span> <span class='ocrx_word' id='word_1_501' title='bbox 678 3933 843 3990; x_wconf 80' lang='grc' dir='ltr'>Ἀλλὰ</span> <span class='ocrx_word' id='word_1_502' title='bbox 882 3936 981 3991; x_wconf 78' lang='grc' dir='ltr'>καὶ</span> <span class='ocrx_word' id='word_1_503' title='bbox 1021 3938 1167 3993; x_wconf 79' lang='grc' dir='ltr'>κατὰ</span> <span class='ocrx_word' id='word_1_504' title='bbox 1225 3937 1286 3992; x_wconf 82' lang='grc' dir='ltr'>τὸ</span> <span class='ocrx_word' id='word_1_505' title='bbox 1323 3936 1528 4011; x_wconf 84' lang='grc' dir='ltr'>χρῶμα</span> <span class='ocrx_word' id='word_1_506' title='bbox 1575 3936 1988 4010; x_wconf 85' lang='grc' dir='ltr'>παραμυθεῖται</span> 
     </span>
    </p>
   </div>
   <div class='ocr_carea' id='block_1_70' title="bbox 393 4021 1988 4101">
    <p class='ocr_par' dir='ltr' id='par_1_70' title="bbox 393 4021 1988 4101">
     <span class='ocr_line' id='line_1_70' title="bbox 393 4021 1988 4101; baseline 0.003 -27"><span class='ocrx_word' id='word_1_507' title='bbox 393 4021 494 4086; x_wconf 85' lang='grc' dir='ltr'><strong>τὰς</strong></span> <span class='ocrx_word' id='word_1_508' title='bbox 525 4022 593 4076; x_wconf 70' lang='grc' dir='ltr'>ἐκ</span> <span class='ocrx_word' id='word_1_509' title='bbox 632 4023 742 4080; x_wconf 83' lang='grc' dir='ltr'><strong>τῶν</strong></span> <span class='ocrx_word' id='word_1_510' title='bbox 789 4025 1051 4100; x_wconf 87' lang='grc' dir='ltr'>ἀμέτρων</span> <span class='ocrx_word' id='word_1_511' title='bbox 1101 4026 1435 4101; x_wconf 83' lang='grc' dir='ltr'>διακρίσεων</span> <span class='ocrx_word' id='word_1_512' title='bbox 1489 4029 1584 4083; x_wconf 58' lang='grc' dir='ltr'><strong>καὶ⁵</strong></span> <span class='ocrx_word' id='word_1_513' title='bbox 1641 4029 1988 4100; x_wconf 86' lang='grc' dir='ltr'>συγκρίσεων</span> 
     </span>
    </p>
   </div>
   <div class='ocr_carea' id='block_1_71' title="bbox 396 4112 1989 4192">
    <p class='ocr_par' dir='ltr' id='par_1_71' title="bbox 396 4112 1989 4192">
     <span class='ocr_line' id='line_1_71' title="bbox 396 4112 1989 4192; baseline 0.006 -26"><span class='ocrx_word' id='word_1_514' title='bbox 396 4112 624 4184; x_wconf 77' lang='grc' dir='ltr'>βλάϐας,</span> <span class='ocrx_word' id='word_1_515' title='bbox 654 4115 735 4187; x_wconf 83' lang='grc' dir='ltr'><strong>τῷ</strong></span> <span class='ocrx_word' id='word_1_516' title='bbox 761 4115 785 4148; x_wconf 82' lang='lat'><strong>’</strong></span> <span class='ocrx_word' id='word_1_517' title='bbox 818 4117 989 4189; x_wconf 85' lang='grc' dir='ltr'>μέλας</span> <span class='ocrx_word' id='word_1_518' title='bbox 1019 4136 1084 4174; x_wconf 76' lang='grc' dir='ltr'><strong>τε</strong></span> <span class='ocrx_word' id='word_1_519' title='bbox 1107 4119 1229 4192; x_wconf 72' lang='grc' dir='ltr'>ἅμα</span> <span class='ocrx_word' id='word_1_520' title='bbox 1255 4119 1300 4153; x_wconf 83' lang='grc'><strong>¹⁰</strong></span> <span class='ocrx_word' id='word_1_521' title='bbox 1329 4115 1593 4176; x_wconf 77' lang='grc' dir='ltr'>εἶναικαὶ</span> <span class='ocrx_word' id='word_1_522' title='bbox 1621 4120 1844 4184; x_wconf 85' lang='grc' dir='ltr'>λευκός·</span> <span class='ocrx_word' id='word_1_523' title='bbox 1877 4121 1989 4175; x_wconf 86' lang='grc' dir='ltr'>δια-</span> 
     </span>
    </p>
   </div>
   <div class='ocr_carea' id='block_1_72' title="bbox 399 4208 1986 4284">
    <p class='ocr_par' dir='ltr' id='par_1_72' title="bbox 399 4208 1986 4284">
     <span class='ocr_line' id='line_1_72' title="bbox 399 4208 1986 4284; baseline 0.003 -23"><span class='ocrx_word' id='word_1_524' title='bbox 399 4208 647 4280; x_wconf 83' lang='grc' dir='ltr'>κρίνεται</span> <span class='ocrx_word' id='word_1_525' title='bbox 667 4210 776 4282; x_wconf 82' lang='grc' dir='ltr'><strong>γὰρ</strong></span> <span class='ocrx_word' id='word_1_526' title='bbox 808 4212 915 4266; x_wconf 80' lang='grc' dir='ltr'><strong>ὑπὸ</strong></span> <span class='ocrx_word' id='word_1_527' title='bbox 945 4213 1060 4269; x_wconf 86' lang='grc' dir='ltr'>τῶν</span> <span class='ocrx_word' id='word_1_528' title='bbox 1087 4212 1231 4282; x_wconf 72' lang='grc' dir='ltr'>ἄγαν</span> <span class='ocrx_word' id='word_1_529' title='bbox 1261 4212 1479 4267; x_wconf 83' lang='grc' dir='ltr'>λευκῶν</span> <span class='ocrx_word' id='word_1_530' title='bbox 1498 4229 1513 4244; x_wconf 89' lang='grc'><strong>·</strong></span> <span class='ocrx_word' id='word_1_531' title='bbox 1540 4213 1900 4284; x_wconf 83' lang='grc' dir='ltr'>συγκρίνεται</span> <span class='ocrx_word' id='word_1_532' title='bbox 1928 4212 1986 4266; x_wconf 81' lang='grc' dir='ltr'>δὲ</span> 
     </span>
    </p>
   </div>
   <div class='ocr_carea' id='block_1_73' title="bbox 396 4299 1988 4377">
    <p class='ocr_par' dir='ltr' id='par_1_73' title="bbox 396 4299 1988 4377">
     <span class='ocr_line' id='line_1_73' title="bbox 396 4299 1988 4377; baseline 0.003 -24"><span class='ocrx_word' id='word_1_533' title='bbox 396 4299 504 4354; x_wconf 77' lang='grc' dir='ltr'><strong>ὑπὸ</strong></span> <span class='ocrx_word' id='word_1_534' title='bbox 535 4300 648 4356; x_wconf 85' lang='grc' dir='ltr'><strong>τῶν</strong></span> <span class='ocrx_word' id='word_1_535' title='bbox 689 4300 835 4373; x_wconf 73' lang='grc' dir='ltr'>ἄγαν</span> <span class='ocrx_word' id='word_1_536' title='bbox 869 4303 1140 4376; x_wconf 86' lang='grc' dir='ltr'>μελανῶν.</span> <span class='ocrx_word' id='word_1_537' title='bbox 1176 4305 1284 4360; x_wconf 82' lang='grc' dir='ltr'>Τοῦ</span> <span class='ocrx_word' id='word_1_538' title='bbox 1314 4306 1373 4360; x_wconf 81' lang='grc' dir='ltr'>δὲ</span> <span class='ocrx_word' id='word_1_539' title='bbox 1405 4305 1609 4361; x_wconf 87' lang='grc' dir='ltr'>κυανοῦ</span> <span class='ocrx_word' id='word_1_540' title='bbox 1645 4305 1679 4377; x_wconf 76' lang='grc' dir='ltr'><strong>ἢ</strong></span> <span class='ocrx_word' id='word_1_541' title='bbox 1710 4306 1807 4361; x_wconf 71' lang='grc' dir='ltr'>καὶ</span> <span class='ocrx_word' id='word_1_542' title='bbox 1855 4307 1988 4358; x_wconf 79' lang='grc' dir='ltr'>ἐκα-</span> 
     </span>
    </p>
   </div>
   <div class='ocr_carea' id='block_1_74' title="bbox 395 4390 1989 4467">
    <p class='ocr_par' dir='ltr' id='par_1_74' title="bbox 395 4390 1989 4467">
     <span class='ocr_line' id='line_1_74' title="bbox 395 4390 1989 4467; baseline 0.003 -24"><span class='ocrx_word' id='word_1_543' title='bbox 395 4390 556 4462; x_wconf 85' lang='grc' dir='ltr'>τέρου</span> <span class='ocrx_word' id='word_1_544' title='bbox 575 4392 614 4423; x_wconf 85' lang='lat'>&quot;</span> <span class='ocrx_word' id='word_1_545' title='bbox 645 4392 893 4466; x_wconf 83' lang='grc' dir='ltr'>μετέχων</span> <span class='ocrx_word' id='word_1_546' title='bbox 913 4395 1209 4467; x_wconf 84' lang='grc' dir='ltr'>χρώματος</span> <span class='ocrx_word' id='word_1_547' title='bbox 1238 4397 1321 4459; x_wconf 84' lang='grc' dir='ltr'><strong>είς</strong></span> <span class='ocrx_word' id='word_1_548' title='bbox 1349 4394 1697 4467; x_wconf 84' lang='grc' dir='ltr'>συμμετρίαν</span> <span class='ocrx_word' id='word_1_549' title='bbox 1719 4393 1917 4462; x_wconf 81' lang='grc' dir='ltr'>ἀνάγει</span> <span class='ocrx_word' id='word_1_550' title='bbox 1945 4395 1989 4426; x_wconf 61' lang='grc'><strong>’³</strong></span> 
     </span>
    </p>
   </div>
   <div class='ocr_carea' id='block_1_75' title="bbox 396 4481 1393 4558">
    <p class='ocr_par' dir='ltr' id='par_1_75' title="bbox 396 4481 1393 4558">
     <span class='ocr_line' id='line_1_75' title="bbox 396 4481 1393 4558; baseline 0.004 -23"><span class='ocrx_word' id='word_1_551' title='bbox 396 4481 488 4536; x_wconf 79' lang='grc' dir='ltr'><strong>τὸν</strong></span> <span class='ocrx_word' id='word_1_552' title='bbox 519 4482 802 4556; x_wconf 81' lang='grc' dir='ltr'>ὀφθαλμὸν</span> <span class='ocrx_word' id='word_1_553' title='bbox 829 4485 926 4541; x_wconf 73' lang='grc' dir='ltr'><strong>καὶ</strong></span> <span class='ocrx_word' id='word_1_554' title='bbox 955 4483 1393 4558; x_wconf 82' lang='grc' dir='ltr'>παραμυθεῖται.</span> 
     </span>
    </p>
   </div>
   <div class='ocr_carea' id='block_1_76' title="bbox 2093 3376 3682 3450">
    <p class='ocr_par' dir='ltr' id='par_1_76' title="bbox 2093 3376 3682 3450">
     <span class='ocr_line' id='line_1_76' title="bbox 2093 3376 3682 3450; baseline -0.004 -15"><span class='ocrx_word' id='word_1_555' title='bbox 2093 3393 2350 3450; x_wconf 86' lang='lat' dir='ltr'><strong>egressus</strong></span> <span class='ocrx_word' id='word_1_556' title='bbox 2379 3387 2582 3450; x_wconf 86' lang='lat' dir='ltr'><strong>pateat.</strong></span> <span class='ocrx_word' id='word_1_557' title='bbox 2640 3377 2746 3435; x_wconf 88' lang='lat' dir='ltr'><strong>Sed</strong></span> <span class='ocrx_word' id='word_1_558' title='bbox 2780 3387 2837 3435; x_wconf 89' lang='lat' dir='ltr'><strong>et</strong></span> <span class='ocrx_word' id='word_1_559' title='bbox 2885 3378 3043 3435; x_wconf 86' lang='lat' dir='ltr'><strong>aliter</strong></span> <span class='ocrx_word' id='word_1_560' title='bbox 3082 3377 3273 3442; x_wconf 84' lang='lat' dir='ltr'><strong>etiam,</strong></span> <span class='ocrx_word' id='word_1_561' title='bbox 3301 3377 3459 3431; x_wconf 88' lang='lat' dir='ltr'><strong>uvale</strong></span> <span class='ocrx_word' id='word_1_562' title='bbox 3501 3376 3682 3446; x_wconf 88' lang='lat' dir='ltr'><strong>ipsum</strong></span> 
     </span>
    </p>
   </div>
   <div class='ocr_carea' id='block_1_77' title="bbox 2088 3465 3685 3540">
    <p class='ocr_par' dir='ltr' id='par_1_77' title="bbox 2088 3465 3685 3540">
     <span class='ocr_line' id='line_1_77' title="bbox 2088 3465 3685 3540; baseline -0.003 -17"><span class='ocrx_word' id='word_1_563' title='bbox 2088 3468 2234 3525; x_wconf 82' lang='lat' dir='ltr'><strong>visui</strong></span> <span class='ocrx_word' id='word_1_564' title='bbox 2264 3469 2547 3535; x_wconf 89' lang='lat' dir='ltr'><strong>conducit,</strong></span> <span class='ocrx_word' id='word_1_565' title='bbox 2572 3483 2640 3524; x_wconf 92' lang='lat' dir='ltr'><strong>eo</strong></span> <span class='ocrx_word' id='word_1_566' title='bbox 2666 3468 2817 3539; x_wconf 87' lang='lat' dir='ltr'><strong>quod</strong></span> <span class='ocrx_word' id='word_1_567' title='bbox 2861 3466 3244 3540; x_wconf 80' lang='lat' dir='ltr'><strong>crystallinum</strong></span> <span class='ocrx_word' id='word_1_568' title='bbox 3313 3466 3456 3522; x_wconf 91' lang='lat' dir='ltr'><strong>oculi</strong></span> <span class='ocrx_word' id='word_1_569' title='bbox 3489 3465 3685 3519; x_wconf 89' lang='lat' dir='ltr'><strong>humo-</strong></span> 
     </span>
    </p>
   </div>
   <div class='ocr_carea' id='block_1_78' title="bbox 2090 3553 3684 3628">
    <p class='ocr_par' dir='ltr' id='par_1_78' title="bbox 2090 3553 3684 3628">
     <span class='ocr_line' id='line_1_78' title="bbox 2090 3553 3684 3628; baseline -0.006 -15"><span class='ocrx_word' id='word_1_570' title='bbox 2090 3571 2207 3613; x_wconf 88' lang='lat' dir='ltr'><strong>rem</strong></span> <span class='ocrx_word' id='word_1_571' title='bbox 2241 3554 2422 3624; x_wconf 81' lang='lat' dir='ltr'><strong>l‘oret;</strong></span> <span class='ocrx_word' id='word_1_572' title='bbox 2461 3564 2818 3628; x_wconf 87' lang='lat' dir='ltr'><strong>quapropter,</strong></span> <span class='ocrx_word' id='word_1_573' title='bbox 2857 3554 2992 3612; x_wconf 88' lang='lat' dir='ltr'><strong>illud</strong></span> <span class='ocrx_word' id='word_1_574' title='bbox 3021 3554 3255 3610; x_wconf 90' lang='lat' dir='ltr'><strong>densum</strong></span> <span class='ocrx_word' id='word_1_575' title='bbox 3293 3553 3684 3623; x_wconf 85' lang='lat' dir='ltr'><strong>spongiosum-</strong></span> 
     </span>
    </p>
   </div>
   <div class='ocr_carea' id='block_1_79' title="bbox 2090 3645 3685 3721">
    <p class='ocr_par' dir='ltr' id='par_1_79' title="bbox 2090 3645 3685 3721">
     <span class='ocr_line' id='line_1_79' title="bbox 2090 3645 3685 3721; baseline -0.004 -16"><span class='ocrx_word' id='word_1_576' title='bbox 2090 3663 2199 3720; x_wconf 88' lang='lat' dir='ltr'><strong>que</strong></span> <span class='ocrx_word' id='word_1_577' title='bbox 2225 3657 2422 3704; x_wconf 89' lang='lat' dir='ltr'><strong>natura</strong></span> <span class='ocrx_word' id='word_1_578' title='bbox 2454 3649 2701 3721; x_wconf 89' lang='lat' dir='ltr'><strong>protulit,</strong></span> <span class='ocrx_word' id='word_1_579' title='bbox 2732 3663 2803 3705; x_wconf 91' lang='lat' dir='ltr'><strong>ne</strong></span> <span class='ocrx_word' id='word_1_580' title='bbox 2829 3647 3037 3720; x_wconf 90' lang='lat' dir='ltr'><strong>pupilla</strong></span> <span class='ocrx_word' id='word_1_581' title='bbox 3082 3647 3202 3717; x_wconf 90' lang='lat' dir='ltr'><strong>ipsa</strong></span> <span class='ocrx_word' id='word_1_582' title='bbox 3233 3645 3418 3716; x_wconf 87' lang='lat' dir='ltr'><strong>aliqua</strong></span> <span class='ocrx_word' id='word_1_583' title='bbox 3442 3659 3510 3699; x_wconf 91' lang='lat' dir='ltr'><strong>ex</strong></span> <span class='ocrx_word' id='word_1_584' title='bbox 3530 3652 3685 3715; x_wconf 87' lang='lat' dir='ltr'><strong>parte</strong></span> 
     </span>
    </p>
   </div>
   <div class='ocr_carea' id='block_1_80' title="bbox 2091 3739 3684 3812">
    <p class='ocr_par' dir='ltr' id='par_1_80' title="bbox 2091 3739 3684 3812">
     <span class='ocr_line' id='line_1_80' title="bbox 2091 3739 3684 3812; baseline -0.004 -15"><span class='ocrx_word' id='word_1_585' title='bbox 2091 3740 2414 3808; x_wconf 68' lang='lat' dir='ltr'><strong>laederetur,</strong></span> <span class='ocrx_word' id='word_1_586' title='bbox 2449 3750 2566 3797; x_wconf 89' lang='lat' dir='ltr'><strong>tum</strong></span> <span class='ocrx_word' id='word_1_587' title='bbox 2591 3740 2760 3798; x_wconf 87' lang='lat' dir='ltr'><strong>etiam</strong></span> <span class='ocrx_word' id='word_1_588' title='bbox 2817 3741 2899 3797; x_wconf 90' lang='lat' dir='ltr'><strong>uti</strong></span> <span class='ocrx_word' id='word_1_589' title='bbox 2936 3739 3176 3812; x_wconf 89' lang='lat' dir='ltr'><strong>plurium</strong></span> <span class='ocrx_word' id='word_1_590' title='bbox 3213 3753 3480 3794; x_wconf 89' lang='lat' dir='ltr'><strong>venarum</strong></span> <span class='ocrx_word' id='word_1_591' title='bbox 3510 3751 3684 3807; x_wconf 87' lang='lat' dir='ltr'><strong>capax</strong></span> 
     </span>
    </p>
   </div>
   <div class='ocr_carea' id='block_1_81' title="bbox 2093 3829 3683 3900">
    <p class='ocr_par' dir='ltr' id='par_1_81' title="bbox 2093 3829 3683 3900">
     <span class='ocr_line' id='line_1_81' title="bbox 2093 3829 3683 3900; baseline -0.007 -8"><span class='ocrx_word' id='word_1_592' title='bbox 2093 3836 2266 3892; x_wconf 80' lang='lat' dir='ltr'><strong>ﬁeret.</strong></span> <span class='ocrx_word' id='word_1_593' title='bbox 2301 3834 2592 3900; x_wconf 82' lang='lat' dir='ltr'><strong>Praeterea,</strong></span> <span class='ocrx_word' id='word_1_594' title='bbox 2628 3848 2757 3888; x_wconf 89' lang='lat' dir='ltr'><strong>cum</strong></span> <span class='ocrx_word' id='word_1_595' title='bbox 2807 3831 2966 3888; x_wconf 89' lang='lat' dir='ltr'><strong>uvale</strong></span> <span class='ocrx_word' id='word_1_596' title='bbox 2997 3831 3126 3897; x_wconf 86' lang='lat' dir='ltr'><strong>tale,</strong></span> <span class='ocrx_word' id='word_1_597' title='bbox 3154 3839 3216 3887; x_wconf 91' lang='lat' dir='ltr'><strong>ut</strong></span> <span class='ocrx_word' id='word_1_598' title='bbox 3242 3829 3504 3892; x_wconf 87' lang='lat' dir='ltr'><strong>diximus,</strong></span> <span class='ocrx_word' id='word_1_599' title='bbox 3533 3829 3683 3883; x_wconf 80' lang='lat' dir='ltr'><strong>exsi-</strong></span> 
     </span>
    </p>
   </div>
   <div class='ocr_carea' id='block_1_82' title="bbox 2099 3920 3684 3995">
    <p class='ocr_par' dir='ltr' id='par_1_82' title="bbox 2099 3920 3684 3995">
     <span class='ocr_line' id='line_1_82' title="bbox 2099 3920 3684 3995; baseline -0.008 -10"><span class='ocrx_word' id='word_1_600' title='bbox 2099 3937 2229 3994; x_wconf 86' lang='lat' dir='ltr'><strong>stat,</strong></span> <span class='ocrx_word' id='word_1_601' title='bbox 2252 3927 2397 3993; x_wconf 91' lang='lat' dir='ltr'><strong>ideo,</strong></span> <span class='ocrx_word' id='word_1_602' title='bbox 2411 3941 2482 3983; x_wconf 85' lang='lat' dir='ltr'><strong>ne</strong></span> <span class='ocrx_word' id='word_1_603' title='bbox 2502 3924 2738 3981; x_wconf 84' lang='lat' dir='ltr'><strong>visibilis</strong></span> <span class='ocrx_word' id='word_1_604' title='bbox 2762 3923 2987 3995; x_wconf 87' lang='lat' dir='ltr'><strong>spiritus</strong></span> <span class='ocrx_word' id='word_1_605' title='bbox 3005 3937 3290 3994; x_wconf 82' lang='lat' dir='ltr'><strong>egressum</strong></span> <span class='ocrx_word' id='word_1_606' title='bbox 3316 3920 3684 3989; x_wconf 66' lang='lat' dir='ltr'><strong>interciperet,</strong></span> 
     </span>
    </p>
   </div>
   <div class='ocr_carea' id='block_1_83' title="bbox 2101 4014 3689 4081">
    <p class='ocr_par' dir='ltr' id='par_1_83' title="bbox 2101 4014 3689 4081">
     <span class='ocr_line' id='line_1_83' title="bbox 2101 4014 3689 4081; baseline -0.008 -5"><span class='ocrx_word' id='word_1_607' title='bbox 2101 4020 2434 4076; x_wconf 88' lang='lat' dir='ltr'><strong>terebratum</strong></span> <span class='ocrx_word' id='word_1_608' title='bbox 2478 4024 2586 4075; x_wconf 90' lang='lat' dir='ltr'><strong>est.</strong></span> <span class='ocrx_word' id='word_1_609' title='bbox 2613 4016 2683 4072; x_wconf 84' lang='lat' dir='ltr'><strong>At</strong></span> <span class='ocrx_word' id='word_1_610' title='bbox 2724 4016 2995 4081; x_wconf 87' lang='lat' dir='ltr'><strong>exterius,</strong></span> <span class='ocrx_word' id='word_1_611' title='bbox 3053 4014 3286 4071; x_wconf 87' lang='lat' dir='ltr'><strong>densum</strong></span> <span class='ocrx_word' id='word_1_612' title='bbox 3319 4021 3520 4067; x_wconf 87' lang='lat' dir='ltr'><strong>natura</strong></span> <span class='ocrx_word' id='word_1_613' title='bbox 3551 4026 3689 4066; x_wconf 84' lang='lat' dir='ltr'><strong>con-</strong></span> 
     </span>
    </p>
   </div>
   <div class='ocr_carea' id='block_1_84' title="bbox 2097 4105 3685 4179">
    <p class='ocr_par' dir='ltr' id='par_1_84' title="bbox 2097 4105 3685 4179">
     <span class='ocr_line' id='line_1_84' title="bbox 2097 4105 3685 4179; baseline -0.008 -12"><span class='ocrx_word' id='word_1_614' title='bbox 2097 4112 2297 4177; x_wconf 88' lang='lat' dir='ltr'><strong>stituit,</strong></span> <span class='ocrx_word' id='word_1_615' title='bbox 2333 4125 2403 4166; x_wconf 88' lang='lat' dir='ltr'><strong>ne</strong></span> <span class='ocrx_word' id='word_1_616' title='bbox 2447 4109 2659 4166; x_wconf 89' lang='lat' dir='ltr'><strong>scilicet</strong></span> <span class='ocrx_word' id='word_1_617' title='bbox 2708 4108 2853 4165; x_wconf 91' lang='lat' dir='ltr'><strong>oculi</strong></span> <span class='ocrx_word' id='word_1_618' title='bbox 2885 4123 3089 4179; x_wconf 87' lang='lat' dir='ltr'><strong>corpus</strong></span> <span class='ocrx_word' id='word_1_619' title='bbox 3120 4105 3332 4162; x_wconf 89' lang='lat' dir='ltr'><strong>absumi</strong></span> <span class='ocrx_word' id='word_1_620' title='bbox 3384 4113 3685 4175; x_wconf 84' lang='lat' dir='ltr'><strong>pateretur,</strong></span> 
     </span>
    </p>
   </div>
   <div class='ocr_carea' id='block_1_85' title="bbox 2096 4195 3689 4275">
    <p class='ocr_par' dir='ltr' id='par_1_85' title="bbox 2096 4195 3689 4275">
     <span class='ocr_line' id='line_1_85' title="bbox 2096 4195 3689 4275; baseline -0.008 -16"><span class='ocrx_word' id='word_1_621' title='bbox 2096 4203 2196 4260; x_wconf 82' lang='lat' dir='ltr'><strong>sed</strong></span> <span class='ocrx_word' id='word_1_622' title='bbox 2250 4202 2476 4275; x_wconf 89' lang='lat' dir='ltr'><strong>potius,</strong></span> <span class='ocrx_word' id='word_1_623' title='bbox 2533 4216 2660 4258; x_wconf 86' lang='lat' dir='ltr'><strong>eum</strong></span> <span class='ocrx_word' id='word_1_624' title='bbox 2708 4199 2841 4256; x_wconf 79' lang='lat' dir='ltr'><strong>illud</strong></span> <span class='ocrx_word' id='word_1_625' title='bbox 2901 4201 2955 4256; x_wconf 89' lang='lat' dir='ltr'><strong>in</strong></span> <span class='ocrx_word' id='word_1_626' title='bbox 3014 4198 3292 4255; x_wconf 87' lang='lat' dir='ltr'><strong>coloribus</strong></span> <span class='ocrx_word' id='word_1_627' title='bbox 3343 4197 3466 4264; x_wconf 88' lang='lat' dir='ltr'><strong>plus</strong></span> <span class='ocrx_word' id='word_1_628' title='bbox 3518 4195 3689 4250; x_wconf 91' lang='lat' dir='ltr'><strong>nimio</strong></span> 
     </span>
    </p>
   </div>
   <div class='ocr_carea' id='block_1_86' title="bbox 2096 4288 3691 4357">
    <p class='ocr_par' dir='ltr' id='par_1_86' title="bbox 2096 4288 3691 4357">
     <span class='ocr_line' id='line_1_86' title="bbox 2096 4288 3691 4357; baseline -0.005 -7"><span class='ocrx_word' id='word_1_629' title='bbox 2096 4295 2329 4352; x_wconf 83' lang='lat' dir='ltr'><strong>distrahi</strong></span> <span class='ocrx_word' id='word_1_630' title='bbox 2381 4311 2448 4352; x_wconf 90' lang='lat' dir='ltr'><strong>ac</strong></span> <span class='ocrx_word' id='word_1_631' title='bbox 2490 4293 2742 4350; x_wconf 86' lang='lat' dir='ltr'><strong>contrahi</strong></span> <span class='ocrx_word' id='word_1_632' title='bbox 2791 4293 3082 4357; x_wconf 86' lang='lat' dir='ltr'><strong>accideret,</strong></span> <span class='ocrx_word' id='word_1_633' title='bbox 3141 4290 3414 4346; x_wconf 87' lang='lat' dir='ltr'><strong>laboranti</strong></span> <span class='ocrx_word' id='word_1_634' title='bbox 3471 4288 3691 4344; x_wconf 87' lang='lat' dir='ltr'><strong>adesset</strong></span> 
     </span>
    </p>
   </div>
   <div class='ocr_carea' id='block_1_87' title="bbox 2097 4385 3690 4463">
    <p class='ocr_par' dir='ltr' id='par_1_87' title="bbox 2097 4385 3690 4463">
     <span class='ocr_line' id='line_1_87' title="bbox 2097 4385 3690 4463; baseline -0.006 -16"><span class='ocrx_word' id='word_1_635' title='bbox 2097 4391 2398 4463; x_wconf 87' lang='lat' dir='ltr'><strong>suppetias.</strong></span> <span class='ocrx_word' id='word_1_636' title='bbox 2423 4390 2561 4446; x_wconf 80' lang='lat' dir='ltr'><strong>Cum</strong></span> <span class='ocrx_word' id='word_1_637' title='bbox 2613 4392 2834 4446; x_wconf 90' lang='lat' dir='ltr'><strong>oculum</strong></span> <span class='ocrx_word' id='word_1_638' title='bbox 2881 4388 3067 4444; x_wconf 85' lang='lat' dir='ltr'><strong>album</strong></span> <span class='ocrx_word' id='word_1_639' title='bbox 3107 4395 3270 4457; x_wconf 87' lang='lat' dir='ltr'><strong>atque</strong></span> <span class='ocrx_word' id='word_1_640' title='bbox 3307 4385 3524 4453; x_wconf 82' lang='lat' dir='ltr'><strong>nigrum</strong></span> <span class='ocrx_word' id='word_1_641' title='bbox 3564 4396 3690 4437; x_wconf 82' lang='lat' dir='ltr'><strong>esse</strong></span> 
     </span>
    </p>
   </div>
   <div class='ocr_carea' id='block_1_88' title="bbox 2100 4473 3691 4555">
    <p class='ocr_par' dir='ltr' id='par_1_88' title="bbox 2100 4473 3691 4555">
     <span class='ocr_line' id='line_1_88' title="bbox 2100 4473 3691 4555; baseline -0.006 -18"><span class='ocrx_word' id='word_1_642' title='bbox 2100 4483 2404 4555; x_wconf 75' lang='lat' dir='ltr'><strong>contingat,</strong></span> <span class='ocrx_word' id='word_1_643' title='bbox 2427 4483 2474 4539; x_wconf 89' lang='lat' dir='ltr'><strong>si</strong></span> <span class='ocrx_word' id='word_1_644' title='bbox 2502 4482 2559 4538; x_wconf 92' lang='lat' dir='ltr'><strong>in</strong></span> <span class='ocrx_word' id='word_1_645' title='bbox 2586 4497 2676 4538; x_wconf 86' lang='lat' dir='ltr'><strong>res</strong></span> <span class='ocrx_word' id='word_1_646' title='bbox 2696 4480 2920 4553; x_wconf 86' lang='lat' dir='ltr'><strong>plurimi</strong></span> <span class='ocrx_word' id='word_1_647' title='bbox 2947 4477 3209 4536; x_wconf 89' lang='lat' dir='ltr'><strong>candoris</strong></span> <span class='ocrx_word' id='word_1_648' title='bbox 3230 4474 3507 4539; x_wconf 88' lang='lat' dir='ltr'><strong>inciderit,</strong></span> <span class='ocrx_word' id='word_1_649' title='bbox 3540 4473 3691 4545; x_wconf 89' lang='lat' dir='ltr'><strong>pari-</strong></span> 
     </span>
    </p>
   </div>
   <div class='ocr_carea' id='block_1_89' title="bbox 398 4569 3691 4653">
    <p class='ocr_par' dir='ltr' id='par_1_89' title="bbox 398 4569 3691 4653">
     <span class='ocr_line' id='line_1_89' title="bbox 398 4569 3691 4653; baseline -0.001 -23"><span class='ocrx_word' id='word_1_650' title='bbox 398 4584 480 4632; x_wconf 89' lang='lat' dir='ltr'><strong>ter</strong></span> <span class='ocrx_word' id='word_1_651' title='bbox 516 4576 842 4636; x_wconf 84' lang='lat' dir='ltr'><strong>distrahitur</strong></span> <span class='ocrx_word' id='word_1_652' title='bbox 866 4579 1309 4653; x_wconf 87' lang='lat' dir='ltr'><strong>dissipaturque;</strong></span> <span class='ocrx_word' id='word_1_653' title='bbox 1343 4581 1398 4636; x_wconf 94' lang='lat' dir='ltr'><strong>in</strong></span> <span class='ocrx_word' id='word_1_654' title='bbox 1423 4595 1490 4637; x_wconf 84' lang='lat' dir='ltr'><strong>ea</strong></span> <span class='ocrx_word' id='word_1_655' title='bbox 1519 4569 1652 4637; x_wconf 86' lang='lat' dir='ltr'><strong>vero</strong></span> <span class='ocrx_word' id='word_1_656' title='bbox 1672 4594 1796 4651; x_wconf 70' lang='lat' dir='ltr'><strong>qua:</strong></span> <span class='ocrx_word' id='word_1_657' title='bbox 1825 4578 1979 4650; x_wconf 86' lang='lat' dir='ltr'><strong>nigra</strong></span> <span class='ocrx_word' id='word_1_658' title='bbox 2016 4587 2148 4636; x_wconf 90' lang='lat' dir='ltr'><strong>sunt</strong></span> <span class='ocrx_word' id='word_1_659' title='bbox 2169 4579 2436 4645; x_wconf 87' lang='lat' dir='ltr'><strong>incidens,</strong></span> <span class='ocrx_word' id='word_1_660' title='bbox 2490 4578 2836 4636; x_wconf 77' lang='lat' dir='ltr'><strong>contrahitur</strong></span> <span class='ocrx_word' id='word_1_661' title='bbox 2877 4593 2946 4635; x_wconf 86' lang='lat' dir='ltr'><strong>ac</strong></span> <span class='ocrx_word' id='word_1_662' title='bbox 2997 4582 3383 4648; x_wconf 83' lang='lat' dir='ltr'><strong>congregatur.</strong></span> <span class='ocrx_word' id='word_1_663' title='bbox 3405 4571 3691 4629; x_wconf 66' lang='lat' dir='ltr'><strong>Caeruleus</strong></span> 
     </span>
    </p>
   </div>
   <div class='ocr_carea' id='block_1_90' title="bbox 396 4672 3691 4752">
    <p class='ocr_par' dir='ltr' id='par_1_90' title="bbox 396 4672 3691 4752">
     <span class='ocr_line' id='line_1_90' title="bbox 396 4672 3691 4752; baseline -0.002 -23"><span class='ocrx_word' id='word_1_664' title='bbox 396 4687 528 4730; x_wconf 88' lang='lat' dir='ltr'><strong>vero</strong></span> <span class='ocrx_word' id='word_1_665' title='bbox 561 4676 776 4744; x_wconf 90' lang='lat' dir='ltr'><strong>oculus,</strong></span> <span class='ocrx_word' id='word_1_666' title='bbox 811 4693 936 4734; x_wconf 89' lang='lat' dir='ltr'><strong>cum</strong></span> <span class='ocrx_word' id='word_1_667' title='bbox 969 4679 1111 4737; x_wconf 90' lang='lat' dir='ltr'><strong>inter</strong></span> <span class='ocrx_word' id='word_1_668' title='bbox 1140 4689 1438 4752; x_wconf 89' lang='lat' dir='ltr'><strong>utrumque</strong></span> <span class='ocrx_word' id='word_1_669' title='bbox 1462 4678 1705 4735; x_wconf 88' lang='lat' dir='ltr'><strong>colorem</strong></span> <span class='ocrx_word' id='word_1_670' title='bbox 1750 4693 2049 4734; x_wconf 88' lang='lat' dir='ltr'><strong>commune</strong></span> <span class='ocrx_word' id='word_1_671' title='bbox 2079 4679 2358 4750; x_wconf 83' lang='lat' dir='ltr'><strong>quoddam</strong></span> <span class='ocrx_word' id='word_1_672' title='bbox 2384 4678 2684 4750; x_wconf 86' lang='lat' dir='ltr'><strong>possideat,</strong></span> <span class='ocrx_word' id='word_1_673' title='bbox 2712 4677 2782 4733; x_wconf 86' lang='lat' dir='ltr'><strong>ad</strong></span> <span class='ocrx_word' id='word_1_674' title='bbox 2814 4676 3158 4733; x_wconf 85' lang='lat' dir='ltr'><strong>moderatam</strong></span> <span class='ocrx_word' id='word_1_675' title='bbox 3201 4672 3524 4744; x_wconf 90' lang='lat' dir='ltr'><strong>temperiem</strong></span> <span class='ocrx_word' id='word_1_676' title='bbox 3552 4685 3691 4726; x_wconf 80' lang='lat' dir='ltr'><strong>ocu-</strong></span> 
     </span>
    </p>
   </div>
   <div class='ocr_carea' id='block_1_91' title="bbox 397 4766 1629 4848">
    <p class='ocr_par' dir='ltr' id='par_1_91' title="bbox 397 4766 1629 4848">
     <span class='ocr_line' id='line_1_91' title="bbox 397 4766 1629 4848; baseline 0.004 -25"><span class='ocrx_word' id='word_1_677' title='bbox 397 4766 510 4824; x_wconf 92' lang='lat' dir='ltr'><strong>lum</strong></span> <span class='ocrx_word' id='word_1_678' title='bbox 539 4768 719 4840; x_wconf 86' lang='lat' dir='ltr'><strong>ipsum</strong></span> <span class='ocrx_word' id='word_1_679' title='bbox 752 4772 969 4846; x_wconf 83' lang='lat' dir='ltr'><strong>redigit,</strong></span> <span class='ocrx_word' id='word_1_680' title='bbox 1004 4783 1171 4847; x_wconf 88' lang='lat' dir='ltr'><strong>atque</strong></span> <span class='ocrx_word' id='word_1_681' title='bbox 1202 4776 1308 4848; x_wconf 72' lang='lat'><strong>61</strong></span> <span class='ocrx_word' id='word_1_682' title='bbox 1332 4776 1629 4833; x_wconf 88' lang='lat' dir='ltr'><strong>demulcet.</strong></span> 
     </span>
    </p>
   </div>
   <div class='ocr_carea' id='block_1_92' title="bbox 476 4862 1983 4948">
    <p class='ocr_par' dir='ltr' id='par_1_92' title="bbox 476 4862 1983 4948">
     <span class='ocr_line' id='line_1_92' title="bbox 476 4862 1983 4948; baseline 0.007 -30"><span class='ocrx_word' id='word_1_683' title='bbox 476 4862 538 4918; x_wconf 85' lang='lat'><strong>&#39;0</strong></span> <span class='ocrx_word' id='word_1_684' title='bbox 583 4867 940 4938; x_wconf 83' lang='grc' dir='ltr'>κερατοειδὴς</span> <span class='ocrx_word' id='word_1_685' title='bbox 995 4867 1053 4922; x_wconf 78' lang='grc' dir='ltr'>δὲ</span> <span class='ocrx_word' id='word_1_686' title='bbox 1092 4869 1336 4937; x_wconf 73' lang='grc' dir='ltr'>ἐγένετο,</span> <span class='ocrx_word' id='word_1_687' title='bbox 1366 4870 1460 4927; x_wconf 76' lang='grc' dir='ltr'><strong>ἴνα</strong></span> <span class='ocrx_word' id='word_1_688' title='bbox 1486 4876 1698 4948; x_wconf 78' lang='grc' dir='ltr'>σφίγγῃ</span> <span class='ocrx_word' id='word_1_689' title='bbox 1727 4877 1823 4931; x_wconf 72' lang='grc' dir='ltr'>καὶ</span> <span class='ocrx_word' id='word_1_690' title='bbox 1848 4874 1983 4929; x_wconf 81' lang='grc' dir='ltr'>ἀπο-</span> 
     </span>
    </p>
   </div>
   <div class='ocr_carea' id='block_1_93' title="bbox 2080 4862 3689 4948">
    <p class='ocr_par' dir='ltr' id='par_1_93' title="bbox 2167 4862 3689 4941">
     <span class='ocr_line' id='line_1_93' title="bbox 2167 4862 3689 4941; baseline -0.008 -13"><span class='ocrx_word' id='word_1_691' title='bbox 2167 4870 2442 4928; x_wconf 87' lang='lat' dir='ltr'><strong>Corneum</strong></span> <span class='ocrx_word' id='word_1_692' title='bbox 2483 4869 2751 4941; x_wconf 90' lang='lat' dir='ltr'><strong>siquidem</strong></span> <span class='ocrx_word' id='word_1_693' title='bbox 2807 4868 2952 4926; x_wconf 83' lang='lat' dir='ltr'><strong>oculi</strong></span> <span class='ocrx_word' id='word_1_694' title='bbox 3004 4869 3109 4924; x_wconf 86' lang='lat' dir='ltr'><strong>hac</strong></span> <span class='ocrx_word' id='word_1_695' title='bbox 3158 4868 3226 4923; x_wconf 88' lang='lat' dir='ltr'><strong>de</strong></span> <span class='ocrx_word' id='word_1_696' title='bbox 3268 4878 3436 4922; x_wconf 87' lang='lat' dir='ltr'><strong>causa</strong></span> <span class='ocrx_word' id='word_1_697' title='bbox 3485 4862 3689 4918; x_wconf 82' lang='lat' dir='ltr'><strong>factum</strong></span> 
     </span>
    </p>
   </div>
   <div class='ocr_carea' id='block_1_94' title="bbox 398 4957 1983 5039">
    <p class='ocr_par' dir='ltr' id='par_1_94' title="bbox 398 4957 1983 5037">
     <span class='ocr_line' id='line_1_94' title="bbox 398 4957 1983 5037; baseline 0.004 -24"><span class='ocrx_word' id='word_1_698' title='bbox 398 4957 615 5032; x_wconf 84' lang='grc' dir='ltr'>φράττῃ</span> <span class='ocrx_word' id='word_1_699' title='bbox 644 4958 707 5013; x_wconf 82' lang='grc' dir='ltr'>τὸ</span> <span class='ocrx_word' id='word_1_700' title='bbox 741 4958 921 5030; x_wconf 83' lang='grc' dir='ltr'>στόμα</span> <span class='ocrx_word' id='word_1_701' title='bbox 944 4959 1043 5029; x_wconf 85' lang='grc' dir='ltr'>τῆς</span> <span class='ocrx_word' id='word_1_702' title='bbox 1072 4961 1262 5033; x_wconf 79' lang='grc' dir='ltr'>κόρης,</span> <span class='ocrx_word' id='word_1_703' title='bbox 1283 4963 1372 5018; x_wconf 85' lang='grc' dir='ltr'><strong>ἵνα</strong></span> <span class='ocrx_word' id='word_1_704' title='bbox 1408 4966 1484 5037; x_wconf 84' lang='grc' dir='ltr'>μὴ</span> <span class='ocrx_word' id='word_1_705' title='bbox 1505 4967 1573 5021; x_wconf 81' lang='grc' dir='ltr'>δι’</span> <span class='ocrx_word' id='word_1_706' title='bbox 1592 4968 1727 5022; x_wconf 82' lang='grc' dir='ltr'>αὐτὸ</span> <span class='ocrx_word' id='word_1_707' title='bbox 1748 4966 1821 5022; x_wconf 82' lang='grc' dir='ltr'><strong>τὰ</strong></span> <span class='ocrx_word' id='word_1_708' title='bbox 1844 4965 1983 5037; x_wconf 83' lang='grc' dir='ltr'><strong>ὑγρᾶ</strong></span> 
     </span>
    </p>
   </div>
   <div class='ocr_carea' id='block_1_95' title="bbox 2080 4957 3686 5039">
    <p class='ocr_par' dir='ltr' id='par_1_95' title="bbox 2092 4957 3686 5039">
     <span class='ocr_line' id='line_1_95' title="bbox 2092 4957 3686 5039; baseline -0.01 -13"><span class='ocrx_word' id='word_1_709' title='bbox 2092 4976 2218 5035; x_wconf 86' lang='lat' dir='ltr'><strong>est,</strong></span> <span class='ocrx_word' id='word_1_710' title='bbox 2276 4966 2358 5023; x_wconf 88' lang='lat' dir='ltr'><strong>uti</strong></span> <span class='ocrx_word' id='word_1_711' title='bbox 2412 4967 2631 5039; x_wconf 67' lang='lat' dir='ltr'><strong>pupillae</strong></span> <span class='ocrx_word' id='word_1_712' title='bbox 2691 4965 2965 5023; x_wconf 85' lang='lat' dir='ltr'><strong>oriﬁcium</strong></span> <span class='ocrx_word' id='word_1_713' title='bbox 3024 4964 3299 5034; x_wconf 84' lang='lat' dir='ltr'><strong>stringat,</strong></span> <span class='ocrx_word' id='word_1_714' title='bbox 3361 4957 3686 5030; x_wconf 87' lang='lat' dir='ltr'><strong>sepiatque,</strong></span> 
     </span>
    </p>
   </div>
   <div class='ocr_carea' id='block_1_96' title="bbox 397 5051 1993 5129">
    <p class='ocr_par' dir='ltr' id='par_1_96' title="bbox 397 5051 1993 5129">
     <span class='ocr_line' id='line_1_96' title="bbox 397 5051 1993 5129; baseline 0.005 -24"><span class='ocrx_word' id='word_1_715' title='bbox 397 5051 676 5122; x_wconf 78' lang='grc' dir='ltr'>ὲκχέοιντο</span> <span class='ocrx_word' id='word_1_716' title='bbox 693 5069 707 5082; x_wconf 89' lang='grc'><strong>·</strong></span> <span class='ocrx_word' id='word_1_717' title='bbox 740 5052 858 5107; x_wconf 78' lang='grc' dir='ltr'>ἀλλ’</span> <span class='ocrx_word' id='word_1_718' title='bbox 887 5051 1119 5124; x_wconf 77' lang='grc' dir='ltr'>ἔμελλεν</span> <span class='ocrx_word' id='word_1_719' title='bbox 1148 5056 1469 5127; x_wconf 75' lang='grc' dir='ltr'>ἐμποδίζειν</span> <span class='ocrx_word' id='word_1_720' title='bbox 1490 5058 1567 5128; x_wconf 87' lang='grc' dir='ltr'>τῷ</span> <span class='ocrx_word' id='word_1_721' title='bbox 1595 5059 1810 5129; x_wconf 85' lang='grc' dir='ltr'>ὀπτικῷ</span> <span class='ocrx_word' id='word_1_722' title='bbox 1828 5058 1993 5113; x_wconf 88' lang='grc' dir='ltr'>πνεύ-</span> 
     </span>
    </p>
   </div>
   <div class='ocr_carea' id='block_1_97' title="bbox 401 5141 1991 5224">
    <p class='ocr_par' dir='ltr' id='par_1_97' title="bbox 401 5141 1991 5224">
     <span class='ocr_line' id='line_1_97' title="bbox 401 5141 1991 5224; baseline 0.006 -26"><span class='ocrx_word' id='word_1_723' title='bbox 401 5160 534 5212; x_wconf 87' lang='grc' dir='ltr'>ματι</span> <span class='ocrx_word' id='word_1_724' title='bbox 559 5146 602 5179; x_wconf 84' lang='grc'><strong>¹³</strong></span> <span class='ocrx_word' id='word_1_725' title='bbox 633 5147 724 5201; x_wconf 74' lang='grc' dir='ltr'>καὶ</span> <span class='ocrx_word' id='word_1_726' title='bbox 745 5141 901 5212; x_wconf 74' lang='grc' dir='ltr'>οὗτος</span> <span class='ocrx_word' id='word_1_727' title='bbox 931 5149 1071 5221; x_wconf 76' lang='grc' dir='ltr'>πρὸς</span> <span class='ocrx_word' id='word_1_728' title='bbox 1099 5148 1161 5202; x_wconf 89' lang='grc' dir='ltr'><strong>τό</strong></span> <span class='ocrx_word' id='word_1_729' title='bbox 1184 5149 1415 5216; x_wconf 75' lang='grc' dir='ltr'>ἐξιέναι·</span> <span class='ocrx_word' id='word_1_730' title='bbox 1446 5151 1537 5206; x_wconf 83' lang='grc' dir='ltr'><strong>διὰ</strong></span> <span class='ocrx_word' id='word_1_731' title='bbox 1562 5152 1724 5207; x_wconf 84' lang='grc' dir='ltr'>τοῦτο</span> <span class='ocrx_word' id='word_1_732' title='bbox 1752 5153 1991 5224; x_wconf 83' lang='grc' dir='ltr'>μάλιστα</span> 
     </span>
    </p>
   </div>
   <div class='ocr_carea' id='block_1_98' title="bbox 398 5231 1983 5322">
    <p class='ocr_par' dir='ltr' id='par_1_98' title="bbox 398 5231 1983 5322">
     <span class='ocr_line' id='line_1_98' title="bbox 398 5231 1983 5322; baseline 0.008 -37"><span class='ocrx_word' id='word_1_733' title='bbox 398 5231 601 5322; x_wconf 49' lang='lat' dir='ltr'><strong>tamen</strong></span> <span class='ocrx_word' id='word_1_734' title='bbox 623 5237 689 5289; x_wconf 74' lang='grc' dir='ltr'>ὲκ</span> <span class='ocrx_word' id='word_1_735' title='bbox 716 5237 1154 5312; x_wconf 84' lang='grc' dir='ltr'>διαφανεστάτης</span> <span class='ocrx_word' id='word_1_736' title='bbox 1181 5242 1374 5307; x_wconf 78' lang='grc' dir='ltr'>οὐσίας</span> <span class='ocrx_word' id='word_1_737' title='bbox 1393 5243 1842 5322; x_wconf 26' lang='grc' dir='ltr'>τὸνεκερατοειδῆ</span> <span class='ocrx_word' id='word_1_738' title='bbox 1885 5261 1983 5312; x_wconf 84' lang='grc' dir='ltr'>γε·</span> 
     </span>
    </p>
   </div>
   <div class='ocr_carea' id='block_1_99' title="bbox 401 5321 1985 5410">
    <p class='ocr_par' dir='ltr' id='par_1_99' title="bbox 401 5321 1985 5410">
     <span class='ocr_line' id='line_1_99' title="bbox 401 5321 1985 5410; baseline 0.01 -34"><span class='ocrx_word' id='word_1_739' title='bbox 401 5321 610 5381; x_wconf 83' lang='grc' dir='ltr'>νέσθαι,</span> <span class='ocrx_word' id='word_1_740' title='bbox 634 5329 745 5382; x_wconf 75' lang='grc' dir='ltr'><strong>Καὶ</strong></span> <span class='ocrx_word' id='word_1_741' title='bbox 777 5329 970 5404; x_wconf 82' lang='grc' dir='ltr'>ὥσπερ</span> <span class='ocrx_word' id='word_1_742' title='bbox 1004 5334 1225 5406; x_wconf 84' lang='grc' dir='ltr'>ὁρῶμεν</span> <span class='ocrx_word' id='word_1_743' title='bbox 1253 5336 1335 5390; x_wconf 84' lang='grc' dir='ltr'>ὅτι</span> <span class='ocrx_word' id='word_1_744' title='bbox 1363 5337 1479 5391; x_wconf 84' lang='grc' dir='ltr'><strong>τῶν</strong></span> <span class='ocrx_word' id='word_1_745' title='bbox 1502 5321 1815 5410; x_wconf 83' lang='grc' dir='ltr'>κερατίνων</span> <span class='ocrx_word' id='word_1_746' title='bbox 1836 5337 1985 5392; x_wconf 78' lang='grc' dir='ltr'>ἔνδο-</span> 
     </span>
    </p>
   </div>
   <div class='ocr_carea' id='block_1_100' title="bbox 474 5501 3398 5590">
    <p class='ocr_par' dir='ltr' id='par_1_100' title="bbox 474 5501 3398 5590">
     <span class='ocr_line' id='line_1_100' title="bbox 474 5501 3398 5590; baseline 0.007 -34"><span class='ocrx_word' id='word_1_747' title='bbox 474 5501 529 5534; x_wconf 80' lang='grc'><strong>⁹³’</strong></span> <span class='ocrx_word' id='word_1_748' title='bbox 552 5502 1000 5590; x_wconf 42' lang='grc' dir='ltr'>διασχίςονξαιᾌΒ</span> <span class='ocrx_word' id='word_1_749' title='bbox 1044 5511 1109 5590; x_wconf 56' lang='lat'><strong>1:.</strong></span> <span class='ocrx_word' id='word_1_750' title='bbox 1145 5510 1230 5590; x_wconf 69' lang='lat'><strong>_“</strong></span> <span class='ocrx_word' id='word_1_751' title='bbox 1266 5511 1349 5590; x_wconf 69' lang='lat' dir='ltr'><strong>his</strong></span> <span class='ocrx_word' id='word_1_752' title='bbox 1376 5523 1521 5590; x_wconf 78' lang='lat' dir='ltr'><strong>caret</strong></span> <span class='ocrx_word' id='word_1_753' title='bbox 1700 5517 1762 5590; x_wconf 49' lang='grc' dir='ltr'><strong>’ᾗ</strong></span> <span class='ocrx_word' id='word_1_754' title='bbox 1781 5517 2189 5590; x_wconf 68' lang='grc' dir='ltr'>παρεμφαίνειν</span> <span class='ocrx_word' id='word_1_755' title='bbox 2225 5519 2286 5590; x_wconf 83' lang='grc' dir='ltr'><strong>Β.</strong></span> <span class='ocrx_word' id='word_1_756' title='bbox 2362 5520 2408 5551; x_wconf 74' lang='grc'><strong>⁸⁸</strong></span> <span class='ocrx_word' id='word_1_757' title='bbox 2434 5518 2692 5590; x_wconf 65' lang='grc' dir='ltr'>κτιδόμοις</span> <span class='ocrx_word' id='word_1_758' title='bbox 2715 5517 2787 5590; x_wconf 28' lang='grc' dir='ltr'><strong>ΑΛ.</strong></span> <span class='ocrx_word' id='word_1_759' title='bbox 2824 5514 2923 5590; x_wconf 80' lang='lat'><strong>_&quot;_</strong></span> <span class='ocrx_word' id='word_1_760' title='bbox 2946 5510 3398 5590; x_wconf 40' lang='lat' dir='ltr'><strong>entneuugcbsnB-</strong></span> 
     </span>
    </p>
   </div>
   <div class='ocr_carea' id='block_1_101' title="bbox 2091 5048 3685 5132">
    <p class='ocr_par' dir='ltr' id='par_1_101' title="bbox 2091 5048 3685 5132">
     <span class='ocr_line' id='line_1_101' title="bbox 2091 5048 3685 5132; baseline -0.011 -14"><span class='ocrx_word' id='word_1_761' title='bbox 2091 5060 2391 5132; x_wconf 87' lang='lat' dir='ltr'><strong>quominus</strong></span> <span class='ocrx_word' id='word_1_762' title='bbox 2433 5061 2634 5116; x_wconf 90' lang='lat' dir='ltr'><strong>humor</strong></span> <span class='ocrx_word' id='word_1_763' title='bbox 2690 5075 2790 5131; x_wconf 85' lang='lat' dir='ltr'><strong>per</strong></span> <span class='ocrx_word' id='word_1_764' title='bbox 2843 5058 3022 5129; x_wconf 88' lang='lat' dir='ltr'><strong>ipsum</strong></span> <span class='ocrx_word' id='word_1_765' title='bbox 3072 5056 3297 5120; x_wconf 88' lang='lat' dir='ltr'><strong>deﬂuat,</strong></span> <span class='ocrx_word' id='word_1_766' title='bbox 3347 5051 3439 5124; x_wconf 89' lang='lat' dir='ltr'><strong>qui</strong></span> <span class='ocrx_word' id='word_1_767' title='bbox 3482 5048 3685 5105; x_wconf 82' lang='lat' dir='ltr'><strong>visibili</strong></span> 
     </span>
    </p>
   </div>
   <div class='ocr_carea' id='block_1_102' title="bbox 2089 5150 3690 5229">
    <p class='ocr_par' dir='ltr' id='par_1_102' title="bbox 2089 5150 3690 5229">
     <span class='ocr_line' id='line_1_102' title="bbox 2089 5150 3690 5229; baseline -0.009 -17"><span class='ocrx_word' id='word_1_768' title='bbox 2089 5157 2306 5229; x_wconf 91' lang='lat' dir='ltr'><strong>spiritui</strong></span> <span class='ocrx_word' id='word_1_769' title='bbox 2356 5165 2511 5214; x_wconf 80' lang='lat' dir='ltr'><strong>extra</strong></span> <span class='ocrx_word' id='word_1_770' title='bbox 2553 5155 2852 5229; x_wconf 87' lang='lat' dir='ltr'><strong>egredienti</strong></span> <span class='ocrx_word' id='word_1_771' title='bbox 2904 5155 3184 5225; x_wconf 85' lang='lat' dir='ltr'><strong>negotium</strong></span> <span class='ocrx_word' id='word_1_772' title='bbox 3245 5150 3586 5210; x_wconf 84' lang='lat' dir='ltr'><strong>facesseret,</strong></span> <span class='ocrx_word' id='word_1_773' title='bbox 3634 5152 3690 5198; x_wconf 91' lang='lat' dir='ltr'><strong>et</strong></span> 
     </span>
    </p>
   </div>
   <div class='ocr_carea' id='block_1_103' title="bbox 2087 5241 3687 5322">
    <p class='ocr_par' dir='ltr' id='par_1_103' title="bbox 2087 5241 3687 5322">
     <span class='ocr_line' id='line_1_103' title="bbox 2087 5241 3687 5322; baseline -0.011 -16"><span class='ocrx_word' id='word_1_774' title='bbox 2087 5250 2191 5307; x_wconf 87' lang='lat' dir='ltr'><strong>hac</strong></span> <span class='ocrx_word' id='word_1_775' title='bbox 2219 5251 2287 5307; x_wconf 88' lang='lat' dir='ltr'><strong>de</strong></span> <span class='ocrx_word' id='word_1_776' title='bbox 2335 5266 2523 5316; x_wconf 88' lang='lat' dir='ltr'><strong>causa,</strong></span> <span class='ocrx_word' id='word_1_777' title='bbox 2551 5265 2663 5322; x_wconf 73' lang='lat' dir='ltr'><strong>pra:</strong></span> <span class='ocrx_word' id='word_1_778' title='bbox 2696 5247 3035 5305; x_wconf 86' lang='lat' dir='ltr'><strong>lucidissima</strong></span> <span class='ocrx_word' id='word_1_779' title='bbox 3077 5241 3385 5301; x_wconf 89' lang='lat' dir='ltr'><strong>substantia</strong></span> <span class='ocrx_word' id='word_1_780' title='bbox 3423 5252 3687 5296; x_wconf 88' lang='lat' dir='ltr'><strong>corneum</strong></span> 
     </span>
    </p>
   </div>
   <div class='ocr_carea' id='block_1_104' title="bbox 2085 5327 3682 5412">
    <p class='ocr_par' dir='ltr' id='par_1_104' title="bbox 2085 5327 3682 5412">
     <span class='ocr_line' id='line_1_104' title="bbox 2085 5327 3682 5412; baseline -0.008 -15"><span class='ocrx_word' id='word_1_781' title='bbox 2085 5342 2343 5399; x_wconf 71' lang='lat' dir='ltr'><strong>constitui</strong></span> <span class='ocrx_word' id='word_1_782' title='bbox 2390 5342 2656 5412; x_wconf 87' lang='lat' dir='ltr'><strong>oportuit.</strong></span> <span class='ocrx_word' id='word_1_783' title='bbox 2713 5340 2779 5397; x_wconf 84' lang='lat' dir='ltr'><strong>Et</strong></span> <span class='ocrx_word' id='word_1_784' title='bbox 2826 5335 3292 5411; x_wconf 88' lang='lat' dir='ltr'><strong>quemadmodum</strong></span> <span class='ocrx_word' id='word_1_785' title='bbox 3347 5333 3402 5389; x_wconf 93' lang='lat' dir='ltr'><strong>in</strong></span> <span class='ocrx_word' id='word_1_786' title='bbox 3459 5327 3682 5386; x_wconf 87' lang='lat' dir='ltr'><strong>corneis</strong></span> 
     </span>
    </p>
   </div>
   <div class='ocr_carea' id='block_1_105' title="bbox 3501 5510 3689 5561">
    <p class='ocr_par' dir='ltr' id='par_1_105' title="bbox 3501 5510 3689 5561">
     <span class='ocr_line' id='line_1_105' title="bbox 3501 5510 3689 5561; baseline 0 -18"><span class='ocrx_word' id='word_1_787' title='bbox 3501 5510 3547 5543; x_wconf 71' lang='lat' dir='ltr'><strong>II</strong></span> <span class='ocrx_word' id='word_1_788' title='bbox 3583 5527 3689 5561; x_wconf 68' lang='grc' dir='ltr'>πε..</span> 
     </span>
    </p>
   </div>
   <div class='ocr_carea' id='block_1_106' title="bbox 403 5574 1983 5710">
    <p class='ocr_par' dir='ltr' id='par_1_106' title="bbox 403 5574 1983 5710">
     <span class='ocr_line' id='line_1_106' title="bbox 403 5574 1964 5674; baseline -0.004 -49"><span class='ocrx_word' id='word_1_789' title='bbox 403 5574 690 5674; x_wconf 77' lang='grc' dir='ltr'>ρικρανίου</span> <span class='ocrx_word' id='word_1_790' title='bbox 750 5578 790 5631; x_wconf 90' lang='grc' dir='ltr'><strong>Β</strong></span> <span class='ocrx_word' id='word_1_791' title='bbox 830 5578 872 5633; x_wconf 84' lang='lat' dir='ltr'><strong>C</strong></span> <span class='ocrx_word' id='word_1_792' title='bbox 922 5579 986 5634; x_wconf 90' lang='lat' dir='ltr'><strong>P.</strong></span> <span class='ocrx_word' id='word_1_793' title='bbox 1060 5581 1106 5613; x_wconf 79' lang='lat'><strong>”</strong></span> <span class='ocrx_word' id='word_1_794' title='bbox 1142 5580 1200 5646; x_wconf 82' lang='grc' dir='ltr'>ὃς</span> <span class='ocrx_word' id='word_1_795' title='bbox 1253 5581 1355 5653; x_wconf 80' lang='grc' dir='ltr'>τὴν</span> <span class='ocrx_word' id='word_1_796' title='bbox 1416 5584 1542 5665; x_wconf 70' lang='grc' dir='ltr'>ἀρχ.</span> <span class='ocrx_word' id='word_1_797' title='bbox 1580 5583 1606 5639; x_wconf 81' lang='grc' dir='ltr'>ἔ</span> <span class='ocrx_word' id='word_1_798' title='bbox 1650 5626 1663 5640; x_wconf 93' lang='grc'><strong>.</strong></span> <span class='ocrx_word' id='word_1_799' title='bbox 1727 5586 1769 5637; x_wconf 90' lang='grc' dir='ltr'><strong>Β</strong></span> <span class='ocrx_word' id='word_1_800' title='bbox 1805 5574 1875 5642; x_wconf 59' lang='grc' dir='ltr'><strong>(λ’</strong></span> <span class='ocrx_word' id='word_1_801' title='bbox 1932 5574 1964 5619; x_wconf 85' lang='grc' dir='ltr'><strong>ἰ</strong></span> 
     </span>
     <span class='ocr_line' id='line_1_107' title="bbox 455 5602 1983 5710; baseline 0.009 -14"><span class='ocrx_word' id='word_1_802' title='bbox 455 5646 876 5710; x_wconf 68' lang='grc' dir='ltr'>κρυσταλοειδές</span> <span class='ocrx_word' id='word_1_803' title='bbox 905 5649 945 5702; x_wconf 81' lang='grc' dir='ltr'>Α</span> <span class='ocrx_word' id='word_1_804' title='bbox 979 5649 1019 5703; x_wconf 91' lang='grc' dir='ltr'><strong>Β</strong></span> <span class='ocrx_word' id='word_1_805' title='bbox 1047 5650 1088 5704; x_wconf 88' lang='lat' dir='ltr'><strong>C</strong></span> <span class='ocrx_word' id='word_1_806' title='bbox 1117 5651 1177 5705; x_wconf 86' lang='lat' dir='ltr'><strong>P.</strong></span> <span class='ocrx_word' id='word_1_807' title='bbox 1254 5655 1274 5685; x_wconf 77' lang='grc'><strong>⁸</strong></span> <span class='ocrx_word' id='word_1_808' title='bbox 1305 5654 1399 5706; x_wconf 79' lang='grc' dir='ltr'><strong>καί</strong></span> <span class='ocrx_word' id='word_1_809' title='bbox 1440 5602 1688 5710; x_wconf 62' lang='grc' dir='ltr'><strong>φ).έ6.γΒ.</strong></span> <span class='ocrx_word' id='word_1_810' title='bbox 1764 5658 1785 5689; x_wconf 82' lang='grc'>⁸</span> <span class='ocrx_word' id='word_1_811' title='bbox 1808 5656 1983 5710; x_wconf 77' lang='grc' dir='ltr'>πλείοι</span> 
     </span>
    </p>
   </div>
   <div class='ocr_carea' id='block_1_107' title="bbox 2080 5574 3683 5710">
    <p class='ocr_par' dir='ltr' id='par_1_107' title="bbox 2080 5574 3683 5710">
     <span class='ocr_line' id='line_1_108' title="bbox 2080 5574 3683 5659; baseline -0.003 -18"><span class='ocrx_word' id='word_1_812' title='bbox 2080 5606 2097 5651; x_wconf 84' lang='lat'><strong>;</strong></span> <span class='ocrx_word' id='word_1_813' title='bbox 2127 5605 2189 5641; x_wconf 90' lang='grc' dir='ltr'><strong>τε</strong></span> <span class='ocrx_word' id='word_1_814' title='bbox 2222 5574 2283 5644; x_wconf 62' lang='grc' dir='ltr'><strong>Βξ</strong></span> <span class='ocrx_word' id='word_1_815' title='bbox 2361 5592 2381 5622; x_wconf 82' lang='grc'>³</span> <span class='ocrx_word' id='word_1_816' title='bbox 2412 5574 2771 5659; x_wconf 78' lang='grc' dir='ltr'>λαμὸοέιδοῦς</span> <span class='ocrx_word' id='word_1_817' title='bbox 2823 5586 2882 5645; x_wconf 90' lang='grc' dir='ltr'><strong>Β.</strong></span> <span class='ocrx_word' id='word_1_818' title='bbox 2910 5574 3349 5657; x_wconf 20' lang='grc' dir='ltr'>λεμόοείὸοὗςίϐ.</span> <span class='ocrx_word' id='word_1_819' title='bbox 3430 5582 3451 5612; x_wconf 86' lang='grc'>³</span> <span class='ocrx_word' id='word_1_820' title='bbox 3483 5579 3588 5646; x_wconf 80' lang='grc' dir='ltr'><strong>ἔξω</strong></span> <span class='ocrx_word' id='word_1_821' title='bbox 3624 5578 3683 5636; x_wconf 84' lang='grc' dir='ltr'><strong>Β.</strong></span> 
     </span>
     <span class='ocr_line' id='line_1_109' title="bbox 2080 5650 3683 5710; baseline -0.002 0"><span class='ocrx_word' id='word_1_822' title='bbox 2080 5659 2118 5710; x_wconf 82' lang='grc' dir='ltr'>ι.</span> <span class='ocrx_word' id='word_1_823' title='bbox 2195 5660 2216 5692; x_wconf 91' lang='grc'><strong>⁷</strong></span> <span class='ocrx_word' id='word_1_824' title='bbox 2248 5660 2311 5710; x_wconf 82' lang='grc' dir='ltr'>τὸ</span> <span class='ocrx_word' id='word_1_825' title='bbox 2337 5660 2562 5710; x_wconf 72' lang='grc' dir='ltr'>ὀπτικὸν</span> <span class='ocrx_word' id='word_1_826' title='bbox 2609 5657 2829 5710; x_wconf 77' lang='grc' dir='ltr'>πνεῦμα</span> <span class='ocrx_word' id='word_1_827' title='bbox 2858 5656 2899 5708; x_wconf 89' lang='grc' dir='ltr'><strong>Β</strong></span> <span class='ocrx_word' id='word_1_828' title='bbox 2932 5656 2997 5710; x_wconf 82' lang='lat' dir='ltr'><strong>C.</strong></span> <span class='ocrx_word' id='word_1_829' title='bbox 3071 5654 3093 5687; x_wconf 83' lang='grc'>⁸</span> <span class='ocrx_word' id='word_1_830' title='bbox 3122 5656 3181 5708; x_wconf 82' lang='grc' dir='ltr'>δὲ</span> <span class='ocrx_word' id='word_1_831' title='bbox 3214 5654 3252 5707; x_wconf 87' lang='grc' dir='ltr'><strong>Β</strong></span> <span class='ocrx_word' id='word_1_832' title='bbox 3283 5654 3339 5705; x_wconf 76' lang='grc' dir='ltr'><strong>ί).</strong></span> <span class='ocrx_word' id='word_1_833' title='bbox 3418 5653 3438 5684; x_wconf 83' lang='grc'><strong><em>⁹</em></strong></span> <span class='ocrx_word' id='word_1_834' title='bbox 3469 5650 3529 5704; x_wconf 78' lang='grc' dir='ltr'><strong>τὸ</strong></span> <span class='ocrx_word' id='word_1_835' title='bbox 3553 5651 3594 5703; x_wconf 87' lang='grc' dir='ltr'><strong>Β</strong></span> <span class='ocrx_word' id='word_1_836' title='bbox 3626 5651 3683 5706; x_wconf 75' lang='grc' dir='ltr'><strong>Ρ.</strong></span> 
     </span>
    </p>
   </div>
   <div class='ocr_carea' id='block_1_108' title="bbox 455 5646 1595 5722">
    <p class='ocr_par' dir='ltr' id='par_1_108' title="bbox 455 5646 1595 5722">
     <span class='ocr_line' id='line_1_110' title="bbox 455 5646 1595 5722; baseline 0.011 -26"><span class='ocrx_word' id='word_1_837' title='bbox 455 5646 876 5722; x_wconf 39' lang='grc' dir='ltr'>κρυσταλοε-ιδές</span> <span class='ocrx_word' id='word_1_838' title='bbox 1047 5650 1088 5722; x_wconf 67' lang='grc' dir='ltr'>β</span> <span class='ocrx_word' id='word_1_839' title='bbox 1117 5651 1177 5705; x_wconf 85' lang='grc' dir='ltr'><strong>Ρ.</strong></span> <span class='ocrx_word' id='word_1_840' title='bbox 1254 5655 1274 5685; x_wconf 77' lang='grc'><strong>⁸</strong></span> <span class='ocrx_word' id='word_1_841' title='bbox 1305 5646 1399 5706; x_wconf 68' lang='grc' dir='ltr'>καὶ</span> <span class='ocrx_word' id='word_1_842' title='bbox 1440 5646 1595 5722; x_wconf 74' lang='grc' dir='ltr'>ᾡλέό.</span> 
     </span>
    </p>
   </div>
   <div class='ocr_carea' id='block_1_109' title="bbox 407 5713 813 5783">
    <p class='ocr_par' dir='ltr' id='par_1_109' title="bbox 407 5713 813 5783">
     <span class='ocr_line' id='line_1_111' title="bbox 407 5713 813 5783; baseline 0.007 -15"><span class='ocrx_word' id='word_1_843' title='bbox 407 5713 451 5747; x_wconf 70' lang='grc'><strong>⁸⁸</strong></span> <span class='ocrx_word' id='word_1_844' title='bbox 475 5716 594 5783; x_wconf 73' lang='grc' dir='ltr'>ἅμα</span> <span class='ocrx_word' id='word_1_845' title='bbox 614 5734 722 5771; x_wconf 80' lang='lat' dir='ltr'><strong>out.</strong></span> <span class='ocrx_word' id='word_1_846' title='bbox 755 5717 813 5771; x_wconf 81' lang='grc' dir='ltr'><strong>Β.</strong></span> 
     </span>
    </p>
   </div>
   <div class='ocr_carea' id='block_1_110' title="bbox 403 5784 853 5856">
    <p class='ocr_par' dir='ltr' id='par_1_110' title="bbox 403 5784 853 5856">
     <span class='ocr_line' id='line_1_112' title="bbox 403 5784 853 5856; baseline 0.004 -17"><span class='ocrx_word' id='word_1_847' title='bbox 403 5784 621 5856; x_wconf 70' lang='grc' dir='ltr'>πνεῦμα</span> <span class='ocrx_word' id='word_1_848' title='bbox 652 5786 694 5840; x_wconf 97' lang='grc' dir='ltr'><strong>Β</strong></span> <span class='ocrx_word' id='word_1_849' title='bbox 726 5789 766 5844; x_wconf 87' lang='lat' dir='ltr'>C</span> <span class='ocrx_word' id='word_1_850' title='bbox 797 5788 853 5842; x_wconf 88' lang='lat' dir='ltr'><strong>P.</strong></span> 
     </span>
    </p>
   </div>
   <div class='ocr_carea' id='block_1_111' title="bbox 473 5928 977 6017">
    <p class='ocr_par' dir='ltr' id='par_1_111' title="bbox 473 5928 977 6017">
     <span class='ocr_line' id='line_1_113' title="bbox 473 5928 977 6017; baseline 0.008 -19"><span class='ocrx_word' id='word_1_851' title='bbox 473 5928 549 6013; x_wconf 71' lang='grc' dir='ltr'><strong>(ι)</strong></span> <span class='ocrx_word' id='word_1_852' title='bbox 580 5944 718 6017; x_wconf 78' lang='lat' dir='ltr'><strong>Opp.</strong></span> <span class='ocrx_word' id='word_1_853' title='bbox 752 5945 817 6013; x_wconf 84' lang='grc' dir='ltr'>ιι,</span> <span class='ocrx_word' id='word_1_854' title='bbox 853 5946 977 6005; x_wconf 77' lang='lat'><strong>515.</strong></span> 
     </span>
    </p>
   </div>
   <div class='ocr_carea' id='block_1_112' title="bbox 1764 5654 3339 5725">
    <p class='ocr_par' dir='ltr' id='par_1_112' title="bbox 1764 5654 3339 5725">
     <span class='ocr_line' id='line_1_114' title="bbox 1764 5654 3339 5725; baseline -0.002 -16"><span class='ocrx_word' id='word_1_855' title='bbox 1764 5658 1785 5689; x_wconf 82' lang='grc'><strong>⁸</strong></span> <span class='ocrx_word' id='word_1_856' title='bbox 1808 5656 2028 5722; x_wconf 79' lang='grc' dir='ltr'>πλείους</span> <span class='ocrx_word' id='word_1_857' title='bbox 2053 5654 2118 5712; x_wconf 88' lang='grc' dir='ltr'><strong>Β.</strong></span> <span class='ocrx_word' id='word_1_858' title='bbox 2195 5660 2216 5692; x_wconf 91' lang='grc'><strong>⁷</strong></span> <span class='ocrx_word' id='word_1_859' title='bbox 2248 5660 2311 5715; x_wconf 83' lang='grc' dir='ltr'>τὸ</span> <span class='ocrx_word' id='word_1_860' title='bbox 2337 5654 2562 5715; x_wconf 72' lang='grc' dir='ltr'>ὀπτικὸν</span> <span class='ocrx_word' id='word_1_861' title='bbox 2609 5657 2829 5725; x_wconf 83' lang='grc' dir='ltr'>πνεῦμα</span> <span class='ocrx_word' id='word_1_862' title='bbox 2858 5656 2899 5708; x_wconf 90' lang='grc' dir='ltr'><strong>Β</strong></span> <span class='ocrx_word' id='word_1_863' title='bbox 2932 5654 2997 5710; x_wconf 62' lang='lat' dir='ltr'><strong>CL</strong></span> <span class='ocrx_word' id='word_1_864' title='bbox 3071 5654 3093 5687; x_wconf 83' lang='grc'>⁸</span> <span class='ocrx_word' id='word_1_865' title='bbox 3122 5656 3181 5708; x_wconf 82' lang='grc' dir='ltr'>δὲ</span> <span class='ocrx_word' id='word_1_866' title='bbox 3214 5654 3252 5707; x_wconf 86' lang='grc' dir='ltr'><strong>Β</strong></span> <span class='ocrx_word' id='word_1_867' title='bbox 3283 5654 3339 5725; x_wconf 71' lang='grc' dir='ltr'><strong>Ρ.</strong></span> 
     </span>
    </p>
   </div>
   <div class='ocr_carea' id='block_1_113' title="bbox 895 5719 3690 5800">
    <p class='ocr_par' dir='ltr' id='par_1_113' title="bbox 895 5719 3690 5800">
     <span class='ocr_line' id='line_1_115' title="bbox 895 5719 3690 5800; baseline 0 -26"><span class='ocrx_word' id='word_1_868' title='bbox 895 5719 933 5750; x_wconf 86' lang='grc'><strong>¹¹</strong></span> <span class='ocrx_word' id='word_1_869' title='bbox 960 5720 1020 5774; x_wconf 83' lang='grc' dir='ltr'>τὸ</span> <span class='ocrx_word' id='word_1_870' title='bbox 1048 5720 1105 5775; x_wconf 80' lang='grc' dir='ltr'>δὲ</span> <span class='ocrx_word' id='word_1_871' title='bbox 1148 5723 1380 5779; x_wconf 80' lang='grc' dir='ltr'>κυανοῦν</span> <span class='ocrx_word' id='word_1_872' title='bbox 1406 5719 1514 5778; x_wconf 58' lang='grc' dir='ltr'><strong>ωτι</strong></span> <span class='ocrx_word' id='word_1_873' title='bbox 1562 5726 1713 5782; x_wconf 78' lang='grc' dir='ltr'>έκατ.</span> <span class='ocrx_word' id='word_1_874' title='bbox 1750 5725 1807 5782; x_wconf 89' lang='grc' dir='ltr'><strong>Β.</strong></span> <span class='ocrx_word' id='word_1_875' title='bbox 1844 5727 1937 5782; x_wconf 76' lang='grc' dir='ltr'>τοῦ</span> <span class='ocrx_word' id='word_1_876' title='bbox 1961 5719 2020 5783; x_wconf 67' lang='grc' dir='ltr'><strong>δέ</strong></span> <span class='ocrx_word' id='word_1_877' title='bbox 2056 5729 2257 5786; x_wconf 85' lang='grc' dir='ltr'>κυανοῦ</span> <span class='ocrx_word' id='word_1_878' title='bbox 2287 5732 2391 5785; x_wconf 75' lang='grc' dir='ltr'>ὑπὸ</span> <span class='ocrx_word' id='word_1_879' title='bbox 2423 5729 2701 5800; x_wconf 77' lang='grc' dir='ltr'>ἑκατέρων</span> <span class='ocrx_word' id='word_1_880' title='bbox 2728 5719 2790 5783; x_wconf 82' lang='lat' dir='ltr'><strong>C.</strong></span> <span class='ocrx_word' id='word_1_881' title='bbox 2868 5727 2908 5759; x_wconf 79' lang='lat'>“</span> <span class='ocrx_word' id='word_1_882' title='bbox 2940 5726 3063 5796; x_wconf 81' lang='grc' dir='ltr'>ἄγει</span> <span class='ocrx_word' id='word_1_883' title='bbox 3094 5725 3136 5779; x_wconf 87' lang='grc' dir='ltr'><strong>Β</strong></span> <span class='ocrx_word' id='word_1_884' title='bbox 3166 5727 3223 5780; x_wconf 82' lang='grc' dir='ltr'><strong>Ρ.</strong></span> <span class='ocrx_word' id='word_1_885' title='bbox 3307 5724 3348 5756; x_wconf 83' lang='grc'><strong>¹³</strong></span> <span class='ocrx_word' id='word_1_886' title='bbox 3380 5722 3439 5776; x_wconf 74' lang='grc' dir='ltr'><strong>τὸ</strong></span> <span class='ocrx_word' id='word_1_887' title='bbox 3460 5721 3690 5777; x_wconf 73' lang='grc' dir='ltr'>ὀπτικδν</span> 
     </span>
    </p>
   </div>
   <div class='ocr_carea' id='block_1_114' title="bbox 3418 5650 3685 5706">
    <p class='ocr_par' dir='ltr' id='par_1_114' title="bbox 3418 5650 3685 5706">
     <span class='ocr_line' id='line_1_116' title="bbox 3418 5650 3685 5706; baseline 0.007 -2"><span class='ocrx_word' id='word_1_888' title='bbox 3418 5653 3438 5684; x_wconf 83' lang='grc'><strong><em>⁹</em></strong></span> <span class='ocrx_word' id='word_1_889' title='bbox 3469 5650 3529 5704; x_wconf 78' lang='grc' dir='ltr'><strong>τὸ</strong></span> <span class='ocrx_word' id='word_1_890' title='bbox 3553 5651 3594 5703; x_wconf 90' lang='grc' dir='ltr'><strong>Β</strong></span> <span class='ocrx_word' id='word_1_891' title='bbox 3626 5651 3685 5706; x_wconf 74' lang='grc' dir='ltr'><strong>Ρ.</strong></span> 
     </span>
    </p>
   </div>
  </div>
