4138 6472
471 433 615 501 116⁸1

1793 444 2081 503 HELETII
2117 447 2435 506 HONACHI

3596 461 3732 514 H68

467 563 697 622 laternis
744 564 987 621 lucerna:
1031 578 1297 631 accensa,
1342 563 1481 620 nihil
1531 579 1563 619 a
1610 577 1783 619 cornu
1821 578 2049 634 corpore

2156 565 2245 620 θεν
2279 568 2464 637 φανῶν
2492 568 2883 640 περιεχόμενος
2916 569 2945 622 6
2970 568 3165 639 λύχνος
3192 567 3253 622 τὸ
3294 569 3412 638 φῶς
3440 568 3503 622 τὸ
3528 569 3739 625 οἰκεῖον

469 657 850 727 impedimenti
914 659 1211 715 sentientes
1236 698 1251 725 ,
1310 657 1595 728 proprium
1649 656 1832 712 lumen
1891 665 2049 712 extra

468 749 748 818 emittunt,
780 752 855 807 ita
883 750 1029 807 oculi
1061 766 1343 816 corneum,
1372 764 1497 806 cum
1527 748 1924 805 translucidum
1952 752 2047 817 sit,

468 842 702 899 visibilis
756 843 984 914 spiritus
1033 842 1344 899 facultatem
1395 843 1715 913 neutiquam
1754 843 2047 915 intercipit.

471 932 649 1005 liujus
689 937 897 1007 gratia,
951 935 1135 992 tunica
1179 950 1346 1007 quam
1389 935 1729 1008 superiorem
1766 936 2008 992 diximus
2033 976 2047 1000 ,

472 1032 644 1079 t0tum
690 1039 954 1080 corneum
1003 1023 1433 1097 haudquaquam
1478 1023 1905 1096 complectitur,
1952 1025 2049 1081 sed

470 1114 602 1168 dum
638 1114 816 1184 ipsum
880 1114 1225 1171 circnlariter
1281 1116 1642 1189 constringit,
1685 1118 2051 1189 comprehen-

470 1203 696 1273 ditque,
730 1220 897 1260 unam
943 1214 1155 1263 tantum
1210 1206 1331 1278 ejus
1366 1208 1675 1279 portionem
1725 1210 2049 1266 circularem

469 1295 746 1367 relinquit,
797 1313 907 1368 qua
940 1298 1211 1355 visibilem
1246 1299 1501 1370 spiritum
1528 1310 1682 1357 extra
1726 1302 2049 1372 ejaculetur.

467 1386 623 1453 Quod
678 1398 863 1445 autem
913 1407 1175 1448 corneum
1224 1402 1421 1448 natura
1452 1393 1634 1448 album
1678 1394 1771 1459 sit,
1822 1396 1926 1451 hoc
1953 1411 2053 1449 nu-

468 1478 553 1533 bis
591 1492 915 1552 argumento
944 1492 1048 1548 est,
1081 1484 1208 1554 quia
1252 1498 1379 1539 cum
1424 1484 1686 1541 densatur
1722 1485 1904 1541 album
1945 1488 2006 1540 iit
2035 1502 2048 1536 :

466 1570 644 1638 ipsum
692 1572 875 1638 enim,
928 1573 984 1627 in
1035 1574 1123 1630 his
1171 1575 1265 1646 qui
1322 1575 1463 1631 albis
1514 1585 1643 1632 sunt
1687 1578 1865 1633 oculis
1911 1592 2051 1648 prae-

465 1660 586 1725 diti,
622 1662 855 1719 densum
890 1662 1122 1720 eﬂicitur
1159 1684 1173 1721 :
1208 1681 1399 1722 verum
1435 1682 1544 1723 non
1588 1667 1674 1723 sui
1708 1678 1924 1735 natura,
1957 1670 2051 1725 sed

467 1754 644 1809 uvalis
697 1756 869 1826 gratia
906 1756 1053 1826 quod
1084 1757 1189 1812 sibi
1219 1758 1527 1829 subjectum
1567 1767 1672 1823 est,
1718 1775 1750 1815 a
1792 1776 1901 1831 quo
1926 1777 2051 1816 cum

2155 655 2262 724 ἔξω
2294 661 2527 730 πέμπει,
2566 660 2737 731 μηδὲν
2766 660 3157 731 ἐμποδίζοντος
3178 660 3259 731 τῷ
3283 659 3464 733 λύχνῳ
3494 661 3589 717 τοῦ
3623 660 3736 718 σώ-

2157 769 2329 824 ματος
2346 770 2362 786 '
2391 752 2535 807 οὕτω
2574 752 2858 809 κάνταῦθα
2886 754 2914 806 6
2940 753 3314 826 κερατοειδὴς,
3342 753 3614 826 διαφανὴς
3632 753 3738 823 ὢν,

2153 845 2255 899 οὐκ
2278 846 2564 918 ἐμποδίζει
2590 846 2651 899 τὸ
2671 845 2897 901 ὀπτικόν
2923 844 3144 919 πνεῦμα
3168 847 3331 914 διεξιέ
3343 864 3445 902 θαι.
3470 846 3570 902 Διά
3600 846 3740 902 ταύ-

2153 956 2254 1009 την
2290 940 2390 1012 τὴν
2421 939 2605 995 αίτίαν
2652 940 2749 995 καὶ
2780 942 2808 994 6
2848 939 3207 1009 ἐπιπεφυκὼς
3247 940 3309 994 οὐ
3338 940 3522 995 πάντα
3571 956 3742 1012 περι-

2153 1031 2426 1103 λαμϐάνει
2453 1032 2546 1087 τὸν
2583 1032 2928 1105 κερατοειδῆ,
2961 1032 3098 1087 ἀλλὰ
3133 1032 3323 1102 κυκλῷ
3348 1032 3742 1104 περισφίτγων

2153 1125 2340 1193 αὐτὸν,
2371 1125 2467 1180 καὶ
2498 1124 2947 1197 περιλαμϐάνων,
2982 1124 3181 1199 μοῖράν
3196 1140 3319 1179 τινα
3338 1123 3508 1179 αὐτοῦ
3540 1124 3743 1180 κυκλο·

2153 1218 2287 1290 τερῆ
2322 1218 2586 1289 ἀφίησιν·
2622 1218 2710 1274 ἵνα
2732 1217 2801 1272 δι’
2838 1218 3014 1288 αὐτῆς
3050 1216 3378 1290 ἐξακοντίζῃ
3410 1218 3475 1270 τὸ
3505 1215 3742 1271 ὀπτικδν

2156 1312 2396 1383 πνεῦμα.
2450 1312 2571 1366 Ὀτι
2594 1311 2656 1366 δέ
2685 1313 2781 1367 καὶ
2828 1313 2861 1367 ὀ
2913 1312 3267 1383 κερατοειδὴς
3323 1309 3488 1381 φύσει
3542 1309 3741 1374 λευκός

2154 1406 2293 1471 ἐστι,
2319 1406 2481 1478 δῆλον
2510 1407 2574 1460 ἐκ
2595 1405 2690 1460 τοῦ
2716 1404 3096 1477 παχυνόμενον
3125 1404 3290 1459 αὐτὸν
3319 1402 3735 1458 λευκαίνεσθαι·

2157 1498 2461 1569 παχύνεται
2485 1498 2546 1552 δέ
2572 1500 2632 1554 ἐν
2663 1500 2778 1562 τοῖς
2810 1495 3130 1567 λευκὼμασι
3155 1509 3170 1525 ’
3203 1495 3460 1564 φαίνεται
3495 1494 3555 1548 δέ
3578 1494 3739 1564 ὅμως

2162 1592 2351 1663 μέλας,
2391 1592 2454 1644 οὐ
2472 1590 2565 1646 διὰ
2592 1590 2693 1662 τὴν
2725 1590 2934 1645 οἰκείαν
2960 1589 3150 1659 φύσιν,
3177 1587 3297 1642 ἀλλ’
3333 1589 3416 1643 ὅτι
3438 1586 3740 1656 ὑποκείμε-

2158 1700 2248 1746 νος
2291 1682 2443 1752 αὐτῷ
2503 1683 2535 1736 ὀ
2582 1680 2897 1754 ῥαγοειδὴς,
2953 1679 3164 1735 νοθεύει
3213 1677 3378 1734 αὐτοῦ
3410 1678 3476 1731 τὸ
3513 1675 3735 1748 χρῶμα.

2159 1776 2312 1831 Εἰσὶν
2344 1772 2439 1831 οὖν
2467 1776 2519 1830 al
2542 1774 2637 1830 δύο
2665 1774 2765 1847 μὲν
2786 1774 2996 1839 λευκοὶ,
3018 1774 3192 1845 ῆγουν
3212 1774 3245 1827 ὀ
3270 1769 3623 1843 κερατοειδὴς
3642 1765 3744 1821 καὶ

467 1843 622 1898 color
651 1844 771 1914 ejus
820 1843 1183 1911 adulteretur,
1230 1847 1447 1918 nigrum
1482 1863 1603 1904 esse
1635 1850 1870 1904 videtur.
1906 1850 2050 1907 Duas

2156 1871 2185 1923 6
2226 1868 2587 1941 ἐπιπεφυκὼς
2613 1888 2627 1901 ·
2667 1843 2905 1940 μέλανες
2935 1868 2994 1921 δὲ
3107 1866 3202 1920 δύο
3228 1881 3239 1896 ’
3280 1866 3310 1919 ὃ
3345 1881 3407 1917 τε
3470 1859 3743 1933 ἀμφισληο

468 1934 636 2005 igitur
684 1936 1003 2003 tuniculas,
1063 1952 1323 1994 corneam
1376 1951 1432 1995 et
1480 1940 1845 2012 superiorem,
1899 1943 2050 2001 albas

2158 1931 2462 2036 στροειδὴς,
2496 1931 2593 2016 καλ
2632 1931 2982 2033 θ’ραγοειόής
3002 1975 3020 1993 ο
3054 1959 3187 2030 περὶ
3214 1957 3316 2029 μὶν
3354 1955 3400 1988 ⁸⁸
3428 1931 3539 2008 τῶν
3568 1950 3742 2023 χιτώ-

467 2042 592 2082 esse
624 2036 843 2084 constat
883 2048 897 2083 :
930 2029 1098 2101 nigrae
1134 2046 1266 2087 vero
1304 2032 1553 2100 totidem,
1582 2034 1891 2090 reticularis
1924 2052 2054 2091 uva-

470 2119 650 2190 lisque
672 2129 839 2189 sunt;
871 2122 940 2178 de
974 2138 1163 2178 earum
1198 2123 1384 2195 itaque
1418 2125 1630 2197 origine
1658 2167 1674 2191 ,
1714 2142 1778 2182 ao
1824 2142 2053 2182 numero

467 2210 785 2283 coloreque,
825 2230 1039 2273 necnon
1082 2234 1222 2290 quas
1268 2220 1661 2290 appellationes
1719 2223 2048 2288 sortiuntur,

466 2303 604 2360 satis
647 2305 981 2375 explicatum
1021 2319 1125 2366 est.

539 2396 737 2454 Restat
765 2400 845 2455 uti
898 2401 967 2457 de
1008 2403 1335 2462 humoribus
1368 2406 1657 2462 oculorum
1698 2407 1901 2478 quibus
1948 2407 2050 2475 ipsi

467 2496 597 2545 sunt
616 2490 830 2560 praediti
854 2492 1220 2563 disseramus;
1242 2497 1342 2553 Iros
1364 2497 1510 2552 enim
1535 2506 1645 2553 tres
1673 2512 1796 2555 esse
1820 2512 2052 2553 numero

464 2580 721 2638 dicimus.
756 2582 978 2641 Primus
1012 2586 1234 2657 quidem
1264 2588 1472 2647 vitreus
1496 2588 1695 2644 humor
1728 2596 1836 2650 est,
1868 2589 1961 2659 qui
1995 2589 2049 2643 in

464 2670 648 2727 medio
666 2672 901 2731 visibilis
923 2684 1136 2733 meatus
1163 2677 1439 2743 consistit,
1462 2676 1607 2734 unde
1637 2677 1789 2733 nervi
1813 2678 2049 2745 sparsim

462 2762 628 2833 positi
660 2763 1011 2823 reticularem
1053 2769 1293 2825 tunicam
1333 2770 1698 2826 constituunt.
1739 2767 1839 2826 Hic
1868 2778 2049 2825 autem

466 2854 663 2911 humor
680 2856 888 2914 vitreus
913 2868 1286 2930 nuncupatur,
1316 2861 1464 2933 quod
1498 2876 1610 2932 pra
1644 2862 1729 2917 sui
1754 2860 1901 2918 lluxu
1936 2869 2050 2917 tum

466 2945 685 3015 colore,
716 2956 834 3004 tum
874 2949 1272 3007 constitutione
1311 2952 1514 3006 vitrum
1562 2950 1780 3022 eiiigiet.
1824 2953 1907 3007 Ah
1948 2952 2052 3010 hoc

465 3038 630 3099 alius,
653 3039 747 3109 qui
769 3041 1071 3114 crystallini
1097 3056 1295 3098 nomen
1320 3042 1550 3110 obtinet,
1576 3044 1778 3099 humor
1801 3051 1906 3108 est,
1927 3044 2053 3101 inde

463 3130 741 3198 videlicet,
764 3133 909 3203 quod
934 3133 1127 3205 glaciei
1147 3148 1268 3205 qua:
1284 3149 1316 3190 a
1332 3133 1538 3192 Graecis
1558 3133 1892 3207 κρύσταλλος
1917 3135 2048 3190 dici-

464 3233 573 3289 tur,
616 3223 813 3280 similis
837 3225 928 3282 sit.
968 3226 1180 3295 Aquam
1216 3241 1455 3296 namque
1499 3225 1701 3297 frigore
1731 3237 2044 3283 concretam
2080 3266 2127 3327 C

462 3315 690 3385 glaciem
720 3326 869 3373 recte
890 3317 1117 3373 dixeris.
1151 3316 1302 3374 Talis
1332 3318 1603 3390 siquidem
1634 3318 1834 3374 humor
1854 3319 2044 3391 glaciei

463 3408 603 3478 ipsi,
639 3407 843 3466 coloris
882 3409 1404 3481 constitutionisque
1434 3410 1794 3468 similitudine
1816 3427 2047 3483 respon-

459 3500 571 3555 det.
612 3499 713 3556 Hic
741 3512 927 3557 autem
975 3502 1174 3557 humor
1229 3502 1549 3559 dimidiatus
1578 3518 1703 3559 cum
1731 3503 1908 3558 vitreo
1941 3503 2046 3558 hu-

461 3608 650 3662 more,
702 3609 771 3650 ac
820 3593 1067 3651 vicissim
1124 3594 1420 3651 transﬁxus
1476 3594 1778 3652 confertur.
1824 3594 2047 3651 Tertius

460 3695 645 3741 autem
674 3685 875 3742 humor
898 3686 1043 3744 oculi
1071 3686 1244 3742 ovalis
1272 3687 1496 3752 dicitur,
1523 3687 1675 3757 quod
1700 3688 1891 3744 subtili
1924 3703 2048 3759 qum

463 3780 517 3833 in
552 3792 659 3835 ovo
687 3787 772 3836 est
808 3787 864 3835 et
894 3780 1144 3837 candida:
1174 3779 1318 3851 parti
1344 3779 1543 3836 similis
1568 3788 1674 3835 est.
1705 3781 1774 3836 Et
1822 3781 2045 3853 quidem

462 3872 663 3928 humor
703 3873 911 3927 vitreus
972 3872 1175 3945 duplici
1226 3872 1352 3930 usui
1386 3873 1496 3944 62
1548 3874 2045 3930 accommodatur:

461 3978 591 4019 nam
634 3965 958 4036 crystallino
1001 3973 1117 4021 tum
1146 3980 1383 4037 superne
1424 3966 1755 4036 obducitur},
1802 3975 1916 4023 tum
1944 3967 2048 4038 ipsi

462 4056 789 4114 alimentum
817 4057 1084 4131 suggerit.
1148 4058 1220 4113 At
1254 4057 1433 4116 ovalis
1480 4066 1847 4132 praeterquam
1899 4059 2047 4130 quod

462 4148 838 4222 crystallinum
866 4151 938 4207 oh
959 4150 1214 4209 assiduas
1242 4150 1489 4208 actiones
1519 4150 1906 4208 siccescentem
1932 4166 2049 4207 ma-

462 4237 684 4305 defecit,
709 4240 1182 4312 propugnaculum
1200 4240 1368 4297 etiam
1398 4239 1520 4312 ejus
1544 4249 1649 4310 est,
1674 4256 1743 4299 ne
1766 4241 1979 4298 scilicet
1994 4249 2050 4298 et

464 4332 519 4386 in
542 4331 876 4388 ambientem
902 4347 1031 4389 aera
1060 4342 1284 4405 repente
1317 4333 1587 4401 incidens,
1625 4333 1694 4389 ab
1713 4333 1835 4404 ipso
1862 4334 2047 4404 aliqua

463 4438 530 4478 ex
554 4432 709 4494 parte
724 4422 1048 4493 laederetur;
1070 4423 1220 4493 talis,
1237 4427 1483 4497 inquam,
1506 4424 1683 4482 ovalis
1704 4425 1904 4482 humor
1917 4424 2050 4481 sub—

466 4516 576 4573 tilis
592 4525 651 4573 et
680 4532 881 4574 aereus
900 4517 1154 4583 habetur,
1171 4518 1252 4575 sic
1273 4527 1333 4573 ut
1358 4517 1562 4574 visibili
1587 4516 1806 4587 spiritui
1832 4531 1928 4586 per
1942 4530 2049 4586 pu-

2155 2074 2264 2109 νων
2309 2055 2409 2124 τῆς
2461 2072 2521 2108 τε
2553 2055 2864 2125 ἐκφύσεως,
2914 2049 3136 2107 καὶτοῦ
3187 2047 3451 2121 ἀριθμοῦ,
3507 2045 3604 2100 καὶ
3636 2042 3741 2113 τῆς

2154 2146 2347 2218 χρείας
2410 2145 2612 2212 αὐτῶν,
2666 2145 2763 2199 καὶ
2819 2144 2918 2214 τῆς
2973 2142 3275 2213 ὀνομασίας
3339 2138 3631 2209 αὐτάρκως
3660 2133 3743 2187 ef-

2154 2254 2337 2312 ρηται.

2227 2395 2493 2465 Εἴπωμεν
2526 2392 2585 2446 δέ
2625 2393 2668 2426 ¹⁵
2699 2390 2832 2462 περὶ
2868 2388 2978 2442 τῶν
3014 2388 3072 2442 ἐν
3101 2386 3288 2448 αὐτοῖς
3324 2386 3497 2439 ὄντων
3534 2381 3738 2452 ὑγρῶψ

2153 2490 2261 2543 εἰσὶ
2308 2488 2365 2541 δὲ
2403 2487 2472 2541 τὰ
2531 2485 2624 2539 τοῦ
2662 2482 2948 2554 ὀφθαλμοῦ
2995 2480 3142 2550 ὑγρὰ
3188 2478 3282 2533 τὸν
3315 2477 3549 2549 ἀριθμὸν
3587 2474 3740 2546 τρία.

2154 2582 2267 2635 Καὶ
2297 2579 2522 2651 πρῶτον
2558 2578 2663 2649 μέν
2700 2578 2819 2631 ἐστι
2866 2574 2928 2628 τὸ
2960 2572 3191 2636 ὑελῶδες
3210 2589 3224 2603 ι
3251 2571 3281 2625 6
3309 2569 3406 2627 καὶ
3443 2569 3486 2599 ¹⁶
3510 2567 3652 2621 κατὰ
3679 2566 3744 2619 τδ

2157 2676 2323 2747 μέσον
2347 2673 2595 2743 ἔγκειται
2616 2670 2710 2725 τοῦ
2735 2666 2967 2723 ὀπτικοῦ
3000 2667 3173 2738 πόρου
3198 2683 3211 2697 ·
3244 2664 3368 2720 ὅθεν
3388 2663 3448 2719 αἱ
3475 2662 3741 2731 διεσπαρ-

2157 2770 2319 2842 μέναι
2352 2761 2467 2831 ἶνες
2494 2762 2713 2821 ποιοῦσι
2738 2761 2832 2817 τὸν
2858 2756 3390 2833 ὰμφιϐληστροειδῆ’
3426 2752 3652 2810 καλοῦσι
3682 2751 3742 2806 δέ

2153 2859 2418 2924 ὑελῶδες
2450 2856 2611 2911 τοῦτο
2659 2854 2725 2909 τὸ
2768 2853 2958 2926 ὑγρὸν,
2990 2853 3213 2923 ὅτιπερ
3264 2850 3307 2881 ⁸⁷
3353 2843 3743 2919 παραπλήσιόν

2153 2956 2304 3010 ἐστιν
2339 2951 2503 3025 ὑόλφ,
2538 2948 2684 3004 κατά
2705 2965 2766 3002 τε
2793 2946 2856 3001 τὺ
2883 2944 3085 3019 χρῶμα
3118 2942 3213 2999 καὶ
3239 2940 3382 2996 κατὰ
3402 2938 3502 3005 τὴν
3535 2934 3739 2990 σύστα-

2157 3069 2261 3107 σιν.
2298 3050 2435 3106 Μετ’
2460 3047 2641 3100 ἐκεῖνο
2663 3042 2723 3097 δέ
2757 3044 2875 3096 ἐστι
2904 3040 2966 3094 τὸ
2984 3037 3284 3107 λεγόμενον
3311 3031 3741 3104 κρυσταλλοει-

2153 3144 2257 3210 δές
2290 3142 2335 3176 ⁸⁸
2368 3140 2569 3212 ὑγρόν·
2603 3137 2698 3192 καὶ
2730 3134 2846 3205 ἔχει
2889 3129 3059 3185 αὐτοῦ
3102 3127 3204 3197 τὴν
3241 3122 3544 3195 ὀνομασίαν
3587 3117 3741 3189 παρά

2155 3235 2218 3290 τὸ
2247 3233 2485 3289 ἐοικέναι
2515 3228 2845 3303 κρυστάλλῳ
2876 3226 2944 3259 ¹⁹’
2970 3214 3314 3296 κρύσταλλος
3346 3217 3393 3249 ³⁸
3416 3215 3477 3270 δέ
3498 3215 3614 3303 ἐστι
3638 3227 3741 3303 πεῖ

2158 3326 2337 3399 πηγὸς
2363 3322 2509 3393 ὕδωρ
2532 3299 2731 3375 ο-ἐοικε
2760 3317 2816 3372 δὲ
2847 3315 3025 3386 τούτῳ
3055 3310 3201 3366 κατά
3234 3325 3294 3362 τε
3325 3306 3386 3360 τὸ
3414 3302 3617 3399 χρῶμα

2155 3392 2300 3473 κατὰ
2328 3416 2428 3485 τὴν
2464 3392 2762 3467 σύστασινο
2806 3406 3110 3479 συμϐάλλει
3142 3403 3200 3458 δὲ
3238 3401 3300 3455 τὸ
3323 3400 3502 3471 ἥμισυ
3537 3395 3607 3459 ’⁸,
3647 3392 3743 3447 καί

2153 3503 2269 3563 οἷον
2298 3506 2657 3579 ἐμπέπαρται
2702 3503 2766 3557 τὸ
2807 3499 3041 3564 ὐελῶδες
3073 3497 3241 3567 ὑγρὸν
3280 3492 3423 3565 μετὰ
3461 3489 3559 3545 τοῦ
3607 3503 3734 3579 κρυς

2158 3578 2538 3662 σταλλοειδοῦς
2593 3597 2663 3650 ⁸⁸.
2699 3596 2858 3649 Ἐστι
2888 3592 2946 3647 δέ
2998 3591 3094 3646 καὶ
3125 3587 3311 3660 τρίτον
3340 3583 3509 3656 ὑγρὸν
3556 3583 3619 3635 ἐν
3663 3578 3743 3649 τῷ

2154 3690 2453 3763 ὀφθαλμιῖν
2488 3689 2586 3745 καὶ
2630 3688 2882 3742 καλεῖται
2916 3682 3178 3748 ὠοειδὲς,
3224 3678 3379 3749 παρὰ
3409 3675 3473 3730 τὸ
3504 3672 3746 3763 ἐοικέναι

2154 3760 2234 3858 τῷ
2269 3760 2456 3857 λεπτῷ
2484 3783 2581 3838 και
2610 3781 2791 3853 λευκῷ
2828 3782 2897 3814 ιν
2925 3777 3021 3833 τοῦ
3044 3774 3178 3830 ὼοῦ.
3204 3772 3381 3845 Χρεία
3411 3769 3471 3824 at
3496 3768 3619 3821 ἐστι
3646 3760 3744 3818 τοῦ

2156 3877 2425 3941 ὑελὼδους
2466 3876 2656 3946 διττή’
2711 3873 2807 3928 καὶ
2836 3872 2946 3943 γὰρ
2977 3869 3074 3924 καὶ
3111 3866 3465 3936 ὑπέστρωται
3488 3858 3568 3929 τῷ
3610 3872 3747 3943 “PV
3836 3920 3847 3933 ι

2158 3966 2491 4024 σταλλοειδεῖ
2522 3967 2591 4034 ³³,
2636 3964 2734 4021 καὶ
2761 3962 2955 4035 τρέφει
2991 3957 3146 4013 αὐτό.
3174 3954 3249 4009 Τὸ
3277 3952 3336 4007 δέ
3381 3947 3603 4010 ὠοειδές
3628 3947 3746 3999 ἐπι-

2154 4061 2341 4132 τέγγει
2373 4077 2435 4114 τε
2479 4059 2541 4113 τδ
2584 4051 3037 4127 κρυσταλΜειδές
3089 4053 3157 4113 ’⁵,
3199 4042 3440 4115 συνεχῶς
3487 4037 3594 4094 ὑπὸ
3632 4036 3743 4132 τῶν

2153 4128 2451 4227 ἐνεργειῶν
2486 4152 2916 4224 ξηραινόμενον’
2956 4143 3099 4200 ἀλλὰ
3125 4141 3236 4213 μὴν
3270 4138 3369 4194 και
3397 4132 3663 4227 «pacato;
3694 4128 3741 4227 ις

2154 4219 2322 4305 αὖτοῦ
2358 4219 2609 4317 γίνεται,
2668 4219 2812 4298 ὥστε
2867 4239 2945 4311 μὴ
2993 4235 3219 4308 ἀμέσως
3268 4229 3405 4287 αὐτὸ
3450 4227 3530 4298 τῷ
3579 4219 3743 4295 πέριξ

2153 4339 2360 4414 ὁμιλῶν
2405 4339 2533 4412 ἀέρι
2570 4334 2908 4408 βλάπτεσθαι
2945 4330 3038 4385 ὑπ’
3068 4326 3257 4385 αὐτοῦ.
3294 4324 3453 4380 Ἔστι
3496 4319 3553 4374 δέ
3577 4317 3741 4414 τοῦτο

2153 4408 2217 4491 τό
2268 4408 2493 4496 ὼοειδὲς
2516 4428 2718 4485 λεπτὸν
2766 4426 2863 4482 καὶ
2893 4423 3158 4496 ἀερῶδες,
3208 4419 3286 4482 ὡς
3317 4416 3392 4490 μὴ
3423 4408 3740 4485 ἐμποδίζειν

2154 4525 2233 4595 τῷ
2263 4521 2479 4594 ὀπτικῷ
2509 4521 2785 4592 πνεύματι
2812 4514 3100 4589 φερομένῳ
3130 4510 3284 4584 παρὰ
3310 4508 3413 4579 τὴν
3443 4505 3637 4577 κόρην.
3667 4498 3741 4595 τὸ

466 4608 653 4677 Pium“
680 4609 997 4679 Ρτοοθάθηιί
1030 4610 1180 4665 "uno
1217 4609 1610 4679 ίωρθάίωθηιο
1638 4607 1730 4661 δίι-
1766 4605 2050 4677 Crystalli-
2075 4623 2130 4684 1)
2150 4593 2215 4673 δέ
2242 4613 2694 4690 κρυσταλλοειδές
2725 4612 2772 4645 ’⁸
2814 4612 2933 4665 ἐστι
2965 4606 3293 4681 μεσαίτατον
3325 4593 3735 4690 περιλαμϐανό-

466 4715 598 4755 num
625 4715 759 4756 vero
787 4701 1074 4757 humorem
1100 4742 1115 4767 ,
1148 4700 1388 4755 medium
1418 4700 1528 4753 duo
1554 4698 1750 4767 reliqui
1791 4698 2050 4755 humores

466 4807 529 4846 ac
546 4805 671 4847 cum
694 4791 780 4848 his
805 4793 873 4849 de
895 4793 1096 4864 quibus
1113 4790 1352 4847 diximus
1374 4788 1634 4843 tunicula:
1649 4787 1982 4859 suscipiunt,
1996 4796 2052 4844 et

470 4887 589 4956 ipse
615 4894 702 4942 est
726 4887 818 4958 qui
846 4885 1079 4943 visibilis
1104 4882 1362 4956 potentiae
1380 4889 1585 4951 partes,
1620 4889 1676 4935 et
1698 4896 1822 4952 quae
1857 4881 2050 4953 primi-

467 4987 556 5035 tus
587 4988 882 5050 operantur
901 4977 1096 5034 ohvius
1120 4975 1371 5041 suscipit.

537 5070 832 5128 Enimvero
870 5069 1105 5125 visibilis
1144 5068 1242 5138 qui
1292 5066 1347 5121 in
1391 5064 1566 5122 oculis
1605 5076 1689 5123 est
1732 5066 1978 5139 spiritus,
2014 5083 2046 5124 a

468 5164 697 5220 cerebro
732 5163 800 5219 ad
840 5161 1220 5235 crystallinum
1266 5157 1460 5222 fertur.
1501 5166 1553 5214 et
1586 5158 1857 5231 duplicem
1886 5157 2047 5214 omcii

469 5252 808 5308 iunctionem
863 5252 1082 5324 explet,
1129 5250 1354 5306 alteram
1391 5248 1646 5320 quidem,
1702 5250 1782 5304 uti
1828 5249 2048 5306 oculum

469 5346 690 5413 plenum
736 5342 963 5410 reddat,
1016 5343 1177 5414 eique
1217 5342 1420 5414 justam
1474 5342 1903 5413 magnitudinem
1947 5344 2052 5398 im-

471 5437 779 5506 pertiatur,
837 5445 892 5492 et
951 5434 1242 5508 plurimam
1300 5433 1614 5491 distantiam
1680 5435 1878 5493 eﬂiciat
1939 5450 2051 5507 quo

543 5609 593 5681 εξ
630 5610 730 5681 μὲν
771 5611 866 5666 οὖν
899 5608 940 5663 Β
969 5608 1028 5664 Ρ.
1107 5613 1151 5645 ⁸⁵
1181 5613 1239 5668 δὲ
1281 5615 1464 5673 λοιπὸν
1506 5617 1600 5671 καὶ
1632 5617 1672 5670 Β
1702 5618 1766 5674 Po

471 5678 516 5735 Β
702 5683 769 5753 ξ’,
796 5681 1087 5753 κρυστάλῳ
1138 5684 1184 5741 Α
1221 5684 1261 5738 Β
1299 5686 1361 5742 C.

475 5750 1374 5827 σταλοειδοῦςΑι-ωιληροειᾷοὖς
1408 5756 1469 5811 Β.
1550 5750 1617 5789 ’δ’
1649 5756 1727 5827 τῷ
1760 5750 1912 5820 ἐντὸς
1960 5756 2055 5827 καὶ
2096 5755 2273 5827 λευκῷ
2294 5754 2357 5809 Ρ.

1438 5689 1484 5720 ³⁸
1528 5687 1830 5759 κρύστριλος
1865 5686 2050 5759 Codd.
2218 5686 2264 5759 ’ξ
2292 5684 2625 5759 transegerat
2663 5686 2693 5739 6

2156 4686 2342 4781 μενον,
2369 4707 2477 4762 ὑπὸ
2501 4705 2612 4759 τῶν
2637 4703 2733 4759 δύο
2756 4702 2941 4772 ὑγρῶν
2959 4699 3057 4755 καὶ
3075 4697 3185 4752 τῶν
3205 4692 3411 4750 λοιπῶν
3430 4686 3739 4781 εἰρημένων

2151 4774 2435 4873 χιτώνων·
2491 4798 2590 4854 καὶ
2616 4796 2751 4852 αὐτό
2797 4798 2916 4850 ἐστι
2943 4794 3007 4847 τὸ
3057 4785 3601 4857 ἀντιλαμσανόμενον
3644 4774 3737 4831 καὶ

2152 4893 2265 4949 τῶν
2292 4889 2666 4964 πρωτουργῶν
2697 4887 2908 4961 μορίων
2938 4887 2984 4919 ’⁷
3010 4884 3109 4957 τῆς
3139 4879 3373 4951 ὀπτικῆς
3399 4873 3708 4943 δυνάμεως.

2225 5070 2302 5125 T6
2324 5070 2385 5124 δέ
2413 5065 2640 5123 ὀπτικὸν
2668 5064 2892 5137 πνεῦμα
2919 5063 2983 5118 τὸ
3014 5063 3075 5116 ἐν
3118 5062 3233 5124 τοῖς
3259 5053 3588 5129 ὀφθαλμοῖς,
3633 5047 3742 5104 ἀπὸ
3814 5125 3825 5134 ί

2157 5162 2466 5233 ἐγκεφάλου
2501 5161 2547 5195 ⁸⁸
2571 5158 2800 5233 φέρεται
2831 5158 2893 5213 ἐν
2920 5156 3131 5221 αὐτοῖς,
3168 5152 3269 5207 καὶ
3312 5147 3515 5218 διττὴν,
3535 5144 3740 5233 ἀποτε-

2157 5232 2243 5309 λεῖ
2265 5254 2365 5325 τὴν
2400 5252 2593 5326 χρείαν
2614 5269 2629 5285 ·
2670 5250 2803 5323 μίαν
2838 5249 2959 5322 μὲν,
2992 5248 3082 5303 ἵνα
3113 5244 3316 5317 πληροῖ
3344 5240 3434 5296 τὸν
3461 5232 3745 5326 ὀφθαλμῷ

2158 5348 2255 5401 καὶ
2290 5322 2456 5415 ὀλγκον
2516 5322 2937 5417 ἀπεργάζηταιο
2990 5339 3090 5395 καὶ
3146 5336 3416 5403 πλείστην
3466 5329 3596 5395 ποιῇ

2157 5414 2441 5491 διάστασιν
2460 5452 2473 5467 ο
2511 5434 2588 5497 ὡς
2616 5414 2684 5489 ἃν
2716 5414 2805 5505 μὴί
2821 5432 2888 5487 δι’
2926 5430 3110 5501 ὀλίγον
3137 5429 3184 5462 ’⁸
3211 5425 3292 5498 τῷ
3330 5421 3499 5495 πέριξ
3528 5419 3653 5490 ἀέρι
3679 5414 3744 5470 τὸ

1844 5617 1885 5648 ¹⁶
1928 5615 2163 5669 καὶοιη.
2195 5616 2235 5667 Β
2269 5614 2328 5669 Ρ.
2408 5617 2447 5647 ⁸⁷
2494 5616 2579 5670 ὅτι
2629 5633 2692 5670 κε
2733 5614 2915 5684 υμένῳ
2971 5609 3012 5663 Β
3042 5612 3083 5667 C
3110 5608 3169 5662 P.
3248 5606 3291 5639 ’⁸
3329 5595 3746 5677 κρυσταλοειδὲς

1879 5686 2050 5739 Codd.
2081 5682 2143 5738 Ρ.
2218 5686 2264 5718 ³⁸
2292 5684 2625 5739 συμϐάλεται
2663 5635 2729 5739 δέ
2767 5686 2960 5738 τούτου
2999 5682 3062 5735 τὸ
3110 5681 3284 5739 ἥμισυ
3321 5676 3360 5728 Β
3398 5674 3459 5727 Ρ.
3528 5672 3576 5703 ³⁸
3607 5683 3745 5739 κρὲ²⁶

2767 5672 2960 5738 τούτου
2999 5682 3062 5735 τὸ
3110 5681 3284 5750 ἥμισυ
3321 5672 3459 5728 ΒῬο
3528 5672 3576 5750 ’,⁸
3607 5683 3745 5750 “El”

2464 5737 2949 5826 impacatam:
2982 5737 3198 5826 Δ(ἒθόιιῗ³
3235 5747 3281 5779 ’⁵
3299 5737 3744 5826 ⁸κρυσταλοεξζῖξς

472 5821 644 5898 μοδελ.
719 5806 815 5898 οἶδ
841 5806 1007 5898 πέρσε
1035 5806 1513 5898 exanguia.
1588 5827 1633 5860 ια
1662 5806 2080 5898 έβυτιτιςῑοειδὲς
2113 5806 2316 5881 caua:
2438 5824 2495 5879 τδ
2525 5806 2886 5897 manus;
2910 5806 3115 5894 ίμδριον
3160 5819 3221 5874 B.
3299 5817 3345 5850 η
3369 5806 3465 5869 ἄπ’
3500 5806 3754 5896 ἐγκεφάο,

472 5888 564 5945 λου
595 5890 657 5949 Β.
732 5895 777 5928 ¹⁹
819 5888 939 5964 μηδ’
966 5892 1147 5961 ὀλίγον
1174 5895 1241 5949 Α.
