4138 6462
304 516 314 530 κ
409 493 552 550 H69

1663 476 1753 532 DE
1793 471 2084 530 NATUBA
2127 467 2442 526 HOMINIS.

3547 448 3686 505 H70

409 603 632 670 ὠοειδὶς
663 603 836 676 ὕγρὺν
859 603 1024 674 ὁμιλῇ
1070 603 1113 635 ³⁸
1133 618 1147 634 ο
1182 599 1446 672 δευτέραν
1478 598 1557 665 δὲ,
1603 598 1692 651 ἴνα
1722 596 2002 662 ἐξακοντι-

2108 589 2279 646 ovalis
2343 587 2543 640 humor
2597 596 2706 635 nou
2753 578 3013 649 paulatim
3071 588 3134 628 ac
3184 587 3279 642 per
3325 580 3508 640 partes
3564 585 3688 624 cum

409 697 642 770 ζομένου
674 692 720 729 ⁸¹
746 697 810 752 ἑκ
831 697 932 766 τῆς
973 695 1143 768 κόρης
1185 708 1546 763 γινωσκωμεν
1595 689 1871 762 μακρόθεν
1902 685 2000 746 τὰς

407 790 518 843 τῶν
550 787 832 863 αἰσθητῶν
887 787 1160 858 σωμάτων
1213 786 1356 850 ἰδέας
1383 802 1441 838 τε
1494 787 1590 836 καὶ
1645 780 1866 852 χρείαςο
1904 779 1998 832 καὶ

407 881 496 934 ῐνα
527 883 555 934 6
580 879 862 951 ὀφθαλμὸς
914 877 1101 950 άλλοιῇ
1153 877 1350 942 ταῦτα,
1381 875 1476 930 καὶ
1519 870 1998 944 διαπορθμεύηται

406 969 562 1042 παρὰ
589 970 651 1023 τὸ
682 968 1136 1042 κρυσταλλοειδὲς
1172 969 1215 1001 ³³
1247 968 1280 1038 ή
1317 967 1524 1020 τούτων
1572 964 1768 1034 χροιά·
1817 963 1915 1016 καὶ
1955 961 1998 994 ³³

405 1061 686 1132 ὲπικρίνει
714 1062 772 1114 δε
802 1061 978 1115 ταῦτα
1008 1060 1084 1124 ὡς
1132 1058 1388 1129 βασιλεὺς
1413 1060 1442 1112 6
1481 1057 1808 1126 ἐγκέφαλος.
1849 1054 2000 1125 Πλὴν

406 1151 694 1208 καὶτοῦτο
747 1153 832 1206 δεῖ
872 1151 1096 1217 εἰδέναι,
1143 1151 1227 1204 ὅτι
1273 1151 1324 1204 oi
1374 1149 1580 1221 μικρὰν
1633 1149 1851 1218 ἔχοντες
1898 1146 1999 1218 τὴν

409 1245 580 1316 κόρην
621 1247 719 1298 τοῦ
764 1243 1053 1315 ὀφθαλμοῦ
1109 1245 1177 1298 ἐκ
1223 1243 1473 1314 γενετῆς,
1524 1234 1670 1296 οὗτοι
1697 1239 1746 1272 ⁸⁸
1793 1239 1998 1310 μᾶλλον

407 1338 775 1408 τυγχάνουσιν
798 1335 1206 1406 ὀξυωπέστεροι
1224 1334 1330 1390 τῶν
1350 1335 1450 1399 τὰς
1475 1331 1720 1405 μεγάλας
1741 1331 1996 1402 ἐχόντων’

407 1427 599 1496 ἐπειδὴ
621 1428 682 1480 τὸ
711 1425 931 1496 πνεῦμα
953 1425 1016 1479 τὸ
1045 1425 1269 1478 ὀπτικδν
1288 1424 1348 1491 ἐξ
1371 1423 1542 1491 αὐτῆς
1577 1420 1717 1492 μετὰ
1745 1419 1926 1492 ῥύμης
1953 1420 2000 1452 ³⁸

407 1517 930 1588 ἐξακοντιζόμενον,
1003 1518 1098 1570 καί¹
1176 1515 1428 1588 μηδαμοῦ
1498 1515 1803 1587 χεόμενον,
1862 1511 1999 1578 ὅπερ

409 1611 703 1679 συμϐαίνει
735 1612 830 1664 ἐπὶ
866 1611 969 1680 τῆς
1022 1610 1268 1681 μεγάλης
1324 1610 1517 1678 κόρης,
1569 1605 1819 1677 ἀκριϐῶς
1848 1605 2000 1658 ἀντι-

407 1699 750 1770 λαμϐάνεται
781 1700 893 1753 τῶν
912 1698 1209 1771 αἰσθητῶν,
1228 1699 1324 1753 καὶ
1349 1697 1457 1751 τῶν
1481 1697 1672 1768 πόρρω
1701 1694 1996 1766 κειμένων.

2102 681 2377 738 ambiente
2408 692 2533 731 aere
2591 672 2843 734 uniatur',
2885 677 3049 739 atque
3093 665 3423 728 conveniat,
3460 663 3696 717 alteram-

2101 785 2264 837 vcro,
2317 784 2427 840 quo
2476 781 2602 822 cum
2657 760 2889 816 visibilis
2939 759 3167 828 spiritus
3213 766 3367 810 extra
3413 771 3442 808 (ι
3489 753 3694 824 pupilla

2101 863 2440 934 ejaculatur,
2478 855 2780 913 visibilium
2834 866 3017 906 rerum
3072 847 3411 903 substantias
3461 843 3698 900 colores-

2101 972 2210 1026 que
2240 955 2456 1010 eminus
2480 951 2646 1009 etiam
2691 942 3154 1015 deprehenderet;
3211 947 3474 1009 praeterea
3505 937 3694 1001 etiam,

2103 1049 2183 1102 uti
2235 1046 2431 1102 oculus
2483 1045 2601 1113 ipse
2664 1055 2728 1096 ea
2791 1037 2859 1092 ad
2914 1033 3296 1104 crystallinum
3353 1029 3447 1085 ubi
3505 1028 3694 1084 talium

2105 1156 2237 1196 usus
2271 1147 2360 1195 est
2397 1137 2626 1192 alterata
2659 1131 2884 1196 reddat,
2928 1137 3092 1199 atque
3138 1124 3381 1196 trajiciat
3444 1142 3460 1179 :
3500 1137 3693 1178 verum

2103 1247 2168 1288 ea
2221 1232 2512 1288 cerebrum
2558 1225 2704 1298 regis
2750 1222 2872 1279 vice
2909 1219 3192 1277 discernit.
3239 1217 3469 1281 Tamen,
3499 1223 3554 1270 et
3592 1214 3699 1269 hoe

2103 1325 2246 1382 scire
2272 1339 2412 1394 opus
2437 1329 2557 1388 est;
2590 1319 2686 1390 qui
2721 1315 2978 1388 exiguam
3007 1329 3038 1367 a
3067 1311 3246 1384 primo
3275 1319 3398 1364 ortu
3434 1307 3696 1379 pupillam

2103 1417 2431 1479 sortiuntur,
2464 1413 2519 1467 bi
2557 1411 2804 1467 acutiora
2833 1409 2977 1475 visu,
3017 1421 3182 1477 quam
3229 1403 3323 1475 qui
3375 1401 3697 1474 grandiores

2103 1509 2303 1563 habent
2374 1505 2585 1578 praediti
2655 1512 2821 1569 sunt;
2902 1499 3216 1571 quoniam,
3271 1511 3398 1553 cum
3462 1492 3697 1550 visibilis

2103 1599 2331 1668 Spiritus
2356 1613 2453 1667 per
2471 1595 2712 1668 regulam
2752 1601 2911 1649 extra
2942 1590 3248 1662 ejaculetur
3267 1629 3283 1656 ,
3324 1602 3428 1642 nec
3459 1583 3694 1655 sparsim

2102 1689 2268 1764 (quod
2293 1689 2487 1759 majori
2516 1688 2735 1762 pupillae
2757 1685 2979 1742 evenire
3001 1682 3160 1750 solet)
3187 1680 3317 1737 hinc
3345 1678 3471 1734 inde
3500 1675 3694 1741 fertur,

2103 1788 2320 1837 sensata
2353 1781 2472 1851 ipsa
2505 1780 2763 1850 longiore
2790 1778 2921 1834 item
2951 1774 3212 1832 distantia
3238 1772 3413 1844 posita
3475 1783 3699 1824 accura-

2103 1875 2214 1930 tius
2266 1875 2703 1944 comprehendit.

481 1965 716 2035 ’Ἱδωμεν
745 1964 803 2019 δὲ
840 1964 962 2030 πῶς
993 1964 1207 2034 γίνεται
1237 1964 1298 2019 τὸ
1330 1964 1501 2035 μέλαν
1551 1962 1772 2034 χρῶμα,
1808 1963 1903 2016 καὶ
1937 1961 1998 2015 τὸ

2166 1965 2435 2022 Prteterea
2499 1982 2739 2037 quonam
2803 1973 2967 2036 pacto
3035 1961 3190 2034 niger
3269 1960 3568 2029 albusque,
3635 1971 3700 2011 ac

407 2057 647 2126 γλαυκὸν
677 2057 748 2122 ³⁸,
780 2058 875 2110 καὶ
900 2058 969 2111 τά
1001 2057 1165 2110 λοιπὰ
1197 2057 1398 2111 πάντα.
1432 2058 1508 2110 T6
1546 2055 1728 2109 τοίνυν
1760 2054 2000 2124 γλαυκὸν

407 2150 610 2221 χρῶμα
634 2149 850 2217 γίνεται
881 2148 1027 2203 κατὰ
1054 2149 1152 2220 μὲν
1177 2151 1334 2219 γένος
1363 2148 1455 2202 διὰ
1485 2147 1580 2202 δύο
1600 2147 1789 2202 αἰτίων
1811 2187 1826 2213 ,
1858 2145 2002 2200 κατὰ

407 2243 464 2296 δὲ
493 2237 638 2305 εῐδος
665 2239 755 2295 διὰ
799 2240 1091 2311 τέσσαρας.
1138 2240 1302 2295 Κατὰ
1347 2241 1505 2309 γένος
1539 2241 1638 2311 μὲν
1671 2239 1784 2301 οὖν,
1816 2239 1903 2292 διὰ
1940 2237 2002 2291 τὸ

411 2333 891 2406 κρυσταλλοειδὲς,
927 2333 1024 2386 καὶ
1057 2333 1120 2386 τὸ
1154 2332 1376 2396 ὠοειδὲς
1433 2331 1600 2402 ὑγρόν
1627 2346 1641 2362 ο
1696 2331 1819 2384 κατ’
1861 2327 2004 2394 εἶδος

408 2426 488 2492 δὲ,
524 2428 669 2480 κατὰ
700 2425 800 2498 μὲν
831 2425 930 2497 τὴν
964 2425 1124 2495 ὼὼδη
1160 2427 1202 2458 ³⁷
1237 2426 1515 2497 ὑγρότητα
1547 2424 1798 2496 μοναχῶς
1818 2441 1831 2454 ο
1864 2424 2005 2478 κατὰ

407 2520 466 2573 δὲ
504 2520 565 2572 τὸ
598 2518 1057 2590 κρυσταλλοειδὲς
1085 2518 1320 2590 τριχῶς·
1347 2518 1408 2572 τὸ
1443 2517 1554 2589 γὰρ
1583 2517 1767 2580 ὼῶδες
1801 2517 1834 2588 ἢ
1867 2516 2003 2570 πολύ

412 2611 583 2676 ἐστιν,
626 2609 660 2680 ἢ
689 2609 869 2679 ὀλίγον
890 2628 903 2642 ·
949 2610 1045 2664 καὶ
1075 2610 1107 2681 ἢ
1142 2609 1408 2680 καθαρὸν,
1444 2610 1478 2680 ἦ
1505 2609 1878 2679 τεθολωμένον
1905 2625 1918 2640 ⁸
1955 2609 2006 2662 ει

415 2699 517 2769 μὲν
543 2696 636 2754 οὖν
671 2701 808 2754 πολύ
855 2702 970 2754 ἐστι
1011 2699 1074 2753 τὸ
1105 2697 1286 2762 ὠῶδες
1318 2699 1508 2770 ὑγρὸν,
1542 2701 1688 2752 ποιεῖ
1709 2699 1802 2753 τὸν
1835 2700 2006 2768 γλαυα

412 2793 509 2846 κὸν
567 2793 870 2864 ὀφθαλμὸν,
919 2793 1015 2848 καὶ
1061 2791 1222 2862 ὀλίγη
1283 2792 1495 2861 γίνεται
1550 2795 1584 2864 ή
1644 2793 1774 2864 παρ’
1836 2792 2004 2849 αὑτοῦ

414 2884 708 2956 ἔκλαμψις,
741 2885 880 2938 διότι
928 2885 1224 2956 βαθύνεται
1253 2885 1316 2940 τὸ
1345 2886 1799 2957 κρυσταλλοειδὲς
1839 2887 2007 2958 ὑγρὸν

415 2976 510 3030 καὶ
534 2979 568 3048 ὴ
600 2978 761 3050 κόρη.
795 2978 969 3032 Τοῦτο
997 2979 1055 3033 δὲ
1095 2980 1194 3033 καὶ
1227 2980 1324 3034 ἐπὶ
1353 2980 1553 3053 λίμνης
1573 2981 1794 3037 ’ὑδάτων
1823 2982 1938 3056 ἴδῃς
1961 2983 2006 3017 ³⁸

411 3070 742 3141 γινόμενονο
791 3070 862 3129 τὰ
889 3070 1000 3143 γὰρ
1032 3071 1091 3126 ἐν
1140 3071 1296 3142 βάθει
1347 3072 1522 3142 αὐτῆς
1542 3075 1675 3144 ὁρᾷν
1725 3075 1785 3128 οὐ
1848 3075 2010 3130 δυνά-

414 3161 556 3231 μεθα
583 3178 599 3194 ο
628 3163 691 3216 οὐ
734 3163 842 3236 μὴν
867 3164 978 3218 οὐδ’
1041 3165 1092 3217 εἰ
1135 3163 1510 3237 τεθολωμένον
1558 3165 1668 3238 εἴη,
1703 3167 2009 3240 ὲπιτήδειόν

410 3253 530 3356 ἐστι
552 3254 813 3356 δέξασθαι
848 3256 1054 3330 χρῶμα
1091 3256 1153 3310 τὸ
1189 3258 1422 3313 οίονοῐν.
1464 3257 1638 3312 Τοῦτο
1665 3259 1776 3330 γὰρ
1802 3261 1900 3314 καὶ
1939 3261 2009 3314 τὰ
2037 3297 2080 3356 C

410 3344 612 3416 θολερὰ
649 3348 762 3401 τῶν
793 3348 1007 3405 ὑδάτων
1039 3349 1256 3404 ποιοῦσι
1287 3350 1382 3405 καὶ
1425 3350 1627 3420 ἰλυώδη
1663 3353 1733 3414 ⁸³,
1769 3352 1844 3423 μὴ
1875 3369 2007 3420 συγο

411 3439 699 3509 χωροῦντα
729 3440 830 3502 τὰς
863 3441 1094 3503 ἀκτῖνας
1125 3440 1221 3493 τοῦ
1262 3441 1442 3512 φωτὸς
1475 3442 1544 3495 δι’
1587 3442 1767 3496 αὐτῶν
1798 3443 2007 3515 διέρχε-

412 3528 537 3581 σθαι
584 3529 844 3600 καθαρῶς
881 3545 896 3563 ο
969 3529 1112 3585 ὥστε
1163 3532 1289 3585 ὅσον
1348 3532 1443 3585 ἐπὶ
1499 3532 1561 3586 τὸ
1621 3533 1839 3598 ὠοειδὲς
1977 3538 2006 3590 6

409 3619 715 3692 ὀφθαλμὸς,
744 3621 1008 3676 τοσοῦτον
1051 3623 1148 3677 καὶ
1190 3623 1434 3692 γλαυκός
1463 3624 1614 3678 ἐστι*
1649 3624 1733 3678 δεῖ
1779 3621 1872 3679 οὖν
1911 3629 2004 3680 καὶ

409 3710 722 3780 ὀλιγότητος
764 3712 943 3785 τούτῳ
991 3714 1038 3748 ⁸⁸
1080 3714 1178 3770 καὶ
1229 3714 1631 3788 καθαρότητος.
1686 3718 1788 3772 Διὰ
1833 3719 1890 3773 δὲ
1944 3720 2005 3772 τὸ

410 3803 862 3873 κρυσταλλοειδὲς
895 3806 1110 3874 γίνεται
1139 3807 1382 3873 γλαυκὸς
1409 3809 1437 3861 ό
1458 3808 1758 3880 ὀφθαλμὸς,
1792 3812 1875 3865 ὅτι
1899 3812 2005 3881 φύ-

411 3910 497 3948 σει
531 3895 787 3967 λαμπρόν
821 3899 959 3963 ἐστι,
996 3900 1092 3953 καὶ
1123 3899 1478 3970 καταλάμπει
1513 3900 1635 3955 ὅλον
1680 3903 1773 3955 τὸν
1801 3903 2006 3972 ὀφθαλ-

415 3987 515 4057 μόν
535 4002 548 4015 ·
577 3987 609 4058 ἢ
633 3988 891 4061 λαμπρὸν
922 3989 1023 4060 μὲν
1053 3990 1155 4045 οὐκ
1185 3989 1335 4046 ἔστιν
1354 3991 1528 4044 ὲνίοτε
1557 3991 1618 4045 τὸ
1641 3993 1828 4064 ὑγρὸν,
1861 3996 2006 4065 μέγα.

409 4079 501 4132 δέ’
555 4081 652 4134 καὶ
694 4082 784 4136 διὰ
816 4082 878 4135 τὸ
923 4082 1160 4153 μέγεθος
1195 4083 1295 4154 τὴν
1337 4085 1511 4156 αὐτὴν
1563 4085 1722 4140 πάλιν
1767 4091 2006 4143 ποιεῖται

411 4171 708 4243 ἔκλαμψιν,
741 4174 836 4228 καὶ
869 4174 1111 4243 γλαυκὸς
1143 4175 1360 4244 γίνεται
1383 4178 1410 4230 6
1438 4176 1743 4249 ὀφθαλμός.
1777 4181 1849 4233 Ἢ
1877 4179 2004 4234 οὔτε

415 4265 562 4334 μέγα
606 4266 726 4320 ἐστὶ
769 4268 830 4321 τὸ
887 4268 1080 4340 ὑγρὸν,
1133 4267 1259 4322 οὔτε
1315 4268 1552 4341 μικρόν·
1611 4269 1888 4341 ἐνδέχεται
1948 4273 2006 4326 δὲ

415 4361 668 4431 προπετῆ
699 4360 796 4432 τὴν
829 4362 983 4416 θέσιν
1020 4357 1162 4417 εἶναι
1208 4360 1319 4416 τῶν
1358 4361 1657 4434 ὀφθαλμῶν
1694 4363 1762 4428 ⁸⁸,
1792 4365 1888 4419 καὶ
1918 4365 2006 4421 διὰ

412 4450 571 4504 τοῦτο
612 4453 928 4508 δείκνυσθαι
965 4455 1056 4508 τὸν
1098 4455 1382 4525 ὀφθαλμὸν
1434 4454 1674 4524 γλαυκὸν
1726 4457 1824 4510 καὶ
1873 4474 2007 4526 προ-

415 4545 576 4616 πετῆ.
611 4544 674 4604 El
709 4547 810 4618 μὲν
851 4542 946 4606 οὖν
977 4547 1197 4602 ἅπαντα
1245 4547 1424 4608 ταῦτα
1471 4549 1623 4620 παρῆ
1657 4549 1727 4615 δ’,
1769 4549 2006 4617 γλαυκὸς

2103 2073 2294 2114 omnes
2333 2058 2422 2112 alii
2459 2057 2671 2112 colores
2696 2057 2838 2112 oculi
2871 2057 3026 2118 fiant,
3074 2053 3429 2109 considerare
3460 2059 3696 2120 Oportet.

2102 2151 2274 2207 Albus
2335 2150 2520 2221 itaque
2569 2149 2714 2206 oculi
2790 2148 2967 2211 color,
3026 2161 3225 2218 genere
3291 2143 3510 2214 quidem
3567 2141 3702 2196 dua-

2103 2243 2206 2298 bus
2259 2243 2326 2298 de
2377 2241 2581 2306 causis,
2625 2242 2807 2312 specie
2861 2255 2992 2296 vero
3034 2247 3272 2308 quatuor
3316 2237 3392 2290 tit.
3433 2233 3569 2288 Nam
3611 2248 3702 2303 ge-

2105 2349 2236 2388 nere
2285 2333 2636 2405 crystallinus
2679 2332 2964 2400 ovalisque
3016 2330 3167 2384 color
3209 2344 3375 2383 causa
3405 2335 3527 2391 est;
3578 2339 3701 2394 qua:

2105 2435 2290 2480 autem
2321 2424 2390 2479 ad
2407 2425 2645 2495 speciem
2662 2424 2918 2489 attinent,
2934 2437 3042 2476 una
3065 2421 3330 2476 duntavat
3348 2433 3515 2473 causa
3528 2417 3702 2472 ovalis

2107 2518 2328 2584 humor,
2352 2516 2700 2587 crystallinus
2727 2531 2854 2570 vero
2882 2515 3073 2585 triplex
3102 2521 3204 2568 est.
3236 2510 3300 2565 Et
3324 2511 3565 2579 quidem,
3592 2524 3700 2579 qua

2107 2611 2175 2666 ad
2211 2611 2424 2666 ovalem
2445 2609 2733 2664 humorem
2749 2609 2961 2674 attinet,
2988 2607 3032 2664 si
3060 2607 3175 2677 ipse
3195 2605 3468 2676 plurimus
3481 2604 3563 2658 vel
3581 2603 3698 2657 exi-

2109 2721 2270 2776 guus,
2306 2705 2421 2761 sive
2455 2721 2629 2776 purus
2659 2703 2744 2758 vel
2779 2703 3034 2758 turbidus
3069 2701 3253 2756 fuerit.
3271 2698 3328 2754 Si
3351 2698 3702 2770 igiturovalis

2109 2796 2312 2850 humor
2355 2795 2627 2864 plurimus
2670 2794 2856 2857 fuerit,
2891 2793 3114 2849 cmsium
3147 2791 3368 2847 oculum
3404 2790 3567 2844 efticil
3607 2788 3701 2858 qui

2106 2888 2215 2958 63
2253 2887 2472 2942 modico
2510 2886 2802 2942 admodum
2834 2885 3126 2958 splendore
3151 2881 3520 2952 przefulgeteo
3556 2880 3702 2951 quod

2111 2980 2314 3034 humor
2338 2980 2711 3050 crystallinas,
2733 2980 3048 3050 pupillaque
3077 2978 3192 3048 ipsa
3215 2992 3313 3031 ceu
3345 2976 3398 3030 in
3433 2974 3705 3044 profundo

2110 3071 2285 3140 posita
2307 3079 2643 3139 cernuntur;
2672 3072 2830 3142 cujus
2859 3071 2935 3126 rei
2960 3070 3274 3141 exemplum
3308 3069 3360 3122 in
3381 3080 3707 3137 quocunque

2111 3172 2306 3235 stagno
2354 3163 2513 3220 facile
2563 3165 2799 3235 patebit;
2826 3180 2974 3230 nam,
3007 3179 3130 3234 quae
3177 3164 3231 3218 in
3261 3163 3380 3232 ejus
3412 3163 3522 3219 imo
3553 3167 3702 3226 sunt,

2112 3256 2431 3326 neutiquam
2477 3273 2507 3312 a
2545 3258 2702 3313 nobis
2750 3257 2901 3312 cerni
2960 3264 3191 3326 queunt.
3243 3255 3383 3308 Tum
3439 3255 3484 3310 si
3545 3254 3701 3308 illunt

2116 3343 2397 3399 turbidum
2452 3360 2576 3401 esse
2605 3345 2919 3416 contigerit,
2955 3345 3157 3400 coloris
3197 3345 3434 3414 speciem
3463 3344 3704 3413 aliquam

2113 3435 2394 3504 suscipere
2453 3437 2604 3491 nullo
2662 3447 2821 3506 pacto
2885 3445 3083 3507 potest.
3145 3436 3303 3502 Quod
3360 3436 3413 3489 in
3473 3434 3706 3490 turbidis

2112 3525 2510 3596 lutulentisque
2571 3527 2730 3598 aquis
2772 3530 2994 3584 evenire
3051 3529 3329 3585 cernimus
3373 3527 3508 3584 :ha
3555 3527 3704 3583 enim

2113 3618 2235 3688 puri
2298 3619 2524 3675 luminis
2558 3621 2726 3676 radiis
2760 3622 3206 3692 impenetrabiles
3262 3622 3420 3676 fiunt.
3473 3619 3700 3692 Itaque,

2114 3711 2364 3767 emsietas
2400 3713 2568 3779 Oculi,
2613 3730 2720 3784 qua
2768 3713 2836 3768 ad
2867 3715 3080 3770 ovalem
3141 3715 3430 3769 humorem
3466 3714 3697 3782 attinet,

2113 3814 2226 3859 tum
2255 3807 2585 3876 paucitatem
2620 3808 2902 3876 humoris,
2933 3818 3046 3865 tum
3076 3811 3448 3866 sinceritatem
3486 3809 3702 3865 deside-

2113 3907 2218 3952 rat.
2263 3898 2368 3953 Sed
2409 3908 2464 3954 et
2517 3915 2547 3954 a
2599 3901 2923 3971 crystallino
2968 3902 3203 3957 humore
3247 3899 3445 3955 cresius
3508 3899 3703 3954 oculus

2113 3991 2207 4054 fit,
2265 3991 2358 4061 qui
2401 3991 2585 4048 clarus
2623 4002 2823 4049 natura
2863 3995 3270 4063 splendensque
3300 4003 3402 4059 est,
3441 4007 3506 4047 ac
3529 4000 3703 4047 totum

2112 4087 2395 4146 illustrans
2419 4091 2664 4146 oculum.
2701 4091 2758 4146 Si
2795 4091 2974 4160 ipsum
3008 4089 3384 4159 crystallinuni
3413 4087 3701 4142 humorem

2112 4199 2222 4238 non
2264 4184 2634 4256 splendidum,
2682 4193 2736 4239 et
2771 4185 3005 4239 multum
3061 4196 3185 4238 esse
3237 4180 3567 4251 quandoque
3605 4193 3703 4233 ac-

2112 4275 2326 4343 ciderit,
2375 4292 2444 4332 ex
2495 4277 2597 4332 hac
2649 4275 2900 4332 humoris
2956 4274 3135 4345 copia,
3205 4271 3457 4328 eumdem
3523 4277 3701 4324 totum

2113 4368 2369 4439 splendor
2409 4368 2604 4435 efficit,
2641 4377 2698 4425 et
2746 4367 2895 4424 caesii
2947 4366 3092 4422 oculi
3140 4364 3462 4421 constitutio
3511 4363 3588 4416 fit.
3636 4361 3704 4418 Et

2113 4460 2162 4516 si
2203 4460 2322 4530 ipse
2361 4460 2563 4515 humor
2601 4475 2700 4514 nec
2729 4457 3130 4529 magnitudine,
3161 4471 3261 4510 nec
3287 4453 3558 4525 paucitate
3585 4466 3718 4507 mo-.

2113 4551 2246 4610 dum
2282 4552 2534 4620 excedit;
2575 4561 2628 4607 et
2678 4551 2826 4607 oculi
2879 4549 3046 4606 situm
3099 4548 3356 4604 decenter
3386 4543 3704 4616 prominen-

415 4636 625 4703 γίνεται
664 4639 692 4692 6
735 4639 1050 4712 ὀφθαλμός’
1084 4643 1135 4700 εἰ
1173 4642 1233 4696 δὲ
1273 4642 1498 4704 ἐναντία
1530 4641 1763 4710 τούτων,
1790 4643 2006 4712 γίνεται

2115 4653 2223 4702 tem
2267 4659 2388 4700 esse
2439 4641 2744 4717 contingit;
2796 4651 2961 4712 atque
3012 4641 3115 4695 hac
3156 4639 3222 4694 de
3275 4654 3444 4694 causa
3504 4635 3704 4692 caesius

419 4727 610 4798 μέλας.
641 4730 703 4784 ΕΞ
731 4731 788 4786 δέ
815 4751 937 4790 τινα
965 4733 1065 4804 μὲν
1103 4736 1256 4808 παρῆ
1285 4735 1354 4802 ⁸³,
1385 4735 1510 4790 τινὰ
1542 4736 1598 4794 δὲ
1632 4737 1728 4808 μὴ.
1757 4739 1812 4794 αἱ
1837 4738 2003 4808 μέσαι

413 4819 621 4878 τούτων
653 4823 828 4880 πᾶσαι
857 4825 1100 4893 γίνονται
1129 4827 1390 4900 διαφοραὶ
1418 4829 1527 4884 τῶν
1548 4829 1869 4900 ὀφθαλμῶν.
1898 4832 2004 4886 Πο-

414 4911 793 4982 λυφωτότατος
825 4914 884 4974 δέ
919 4916 1035 4970 ἔστι
1067 4915 1163 4974 τοῦ
1192 4917 1426 4990 μέλανος
1455 4919 1740 4992 ὀφθαλμοῦ
1771 4923 1799 4975 6
1833 4923 2003 4990 γλαυ-

415 5001 546 5070 κὸς,
581 5004 664 5058 ὅτι
687 5005 744 5058 αἱ
779 5003 1107 5078 λεπτότεραι
1131 5008 1224 5064 καὶ
1246 5007 1570 5079 λευκότεραι
1603 5001 2002 5066 καῖδιειδὲστε-

417 5113 510 5165 ραι
541 5095 650 5149 τῶν
677 5097 899 5162 οὐσιῶν,
945 5099 1165 5170 πρῶται
1194 5101 1293 5171 τῆς
1323 5101 1652 5171 είσρεούσης
1681 5103 1877 5174 αἴγλης
1906 5103 2001 5160 τοῦ

415 5183 567 5252 ἡλίου
603 5185 1100 5256 ἀποπληρούμεναι
1141 5187 1204 5241 τὸ
1248 5189 1393 5243 κατὰ
1426 5191 1536 5244 πᾶν
1582 5191 1793 5246 ἑαυτῶν
1825 5194 2001 5266 ὑπερ-

415 5275 676 5344 εχόμενον
730 5276 868 5344 φῶς,
899 5278 996 5332 καὶ
1047 5279 1130 5342 είς
1179 5281 1280 5344 τὰς
1313 5282 1430 5352 μετ’
1479 5281 1650 5346 αὐτὰς
1681 5283 1925 5354 ἡλιωδῶς
1957 5287 2004 5319 ⁸⁸

416 5365 605 5431 οὐσίας
628 5368 1044 5436 ὲποχετεύουσιν
1082 5369 1150 5424 ⁸⁵.

2111 4735 2567 4806 prominulusque
2597 4735 2842 4790 cernitur
2875 4753 2888 4788 :
2920 4735 2966 4790 si
2999 4741 3180 4788 autem
3209 4740 3406 4788 etincta
3437 4729 3551 4784 bzec
3579 4741 3704 4798 quae

2109 4828 2352 4884 diximus
2383 4831 2638 4893 aderunt,
2686 4827 2885 4884 caasius
2939 4827 3133 4884 oculus
3171 4833 3528 4896 procreatur;
3575 4835 3701 4877 cum

2111 4935 2243 4977 vero
2294 4919 2380 4976 Itis
2421 4920 2638 4978 diversa
2685 4919 2966 4984 eveniunt,
3013 4919 3166 4990 niger
3196 4916 3454 4973 efﬁcitur.
3491 4914 3548 4968 Si
3594 4927 3700 4965 au-

2111 5018 2221 5068 tem
2279 5027 2344 5068 ex
2398 5011 2484 5067 bis
2531 5012 2780 5083 quaedam
2845 5011 3056 5074 adesse,
3101 5009 3350 5082 quaedam
3405 5022 3534 5060 vero
3589 5019 3700 5058 non

2112 5102 2306 5160 adesse
2333 5104 2641 5174 contigerit,
2678 5105 2874 5160 horum
2918 5118 3112 5158 omnes
3156 5098 3476 5156 differentize
3505 5095 3697 5152 oculo-

2112 5211 2234 5252 rum
2275 5196 2609 5252 cfticiuntur.
2647 5195 2806 5263 Quod
2850 5194 3046 5254 cassius
3091 5193 3285 5250 oculus
3330 5190 3584 5246 uberiore
3615 5187 3698 5241 lu-

2113 5286 2259 5342 mine
2286 5302 2451 5358 quam
2484 5287 2635 5357 niger
2667 5286 2927 5358 praeditus
2953 5287 3045 5354 sit,
3092 5285 3194 5340 hoc
3238 5297 3418 5339 caus-.e
3443 5279 3694 5340 habetur,

2112 5379 2242 5449 quia
2286 5380 2476 5448 primae
2525 5377 2848 5435 substantia:
2876 5394 2997 5448 quae
3045 5377 3220 5447 magis
3254 5375 3442 5442 exiles,
3479 5388 3543 5428 ac
3579 5369 3686 5424 ful-

418 5460 692 5528 gentiores
737 5463 1134 5531 nitidioresque
1174 5475 1350 5530 sunt,
1409 5467 1608 5522 solaris
1665 5469 1890 5525 luminis
1953 5471 2162 5526 influxu
2217 5474 2458 5542 repletae,
2503 5473 2687 5528 lumen
2756 5473 2938 5543 ipsum
2963 5485 3078 5541 quo
3106 5470 3238 5542 ipse
3267 5469 3507 5539 undique
3526 5465 3700 5537 plena:

417 5555 546 5605 sunt
594 5550 806 5608 eteteris
883 5555 1209 5612 substantiis
1271 5559 1339 5613 ad
1389 5560 1522 5615 solis
1584 5561 2003 5618 similitudinem
2043 5564 2456 5634 impertiuntur.

487 5727 742 5817 ’ἰδμιλεῖ
786 5727 871 5817 Βο.
933 5730 1490 5817 ’³.ἐξακονῖεέ’ἑμεν9ν
1549 5735 1712 5817 Βιῗο.
1756 5737 1800 5770 ³’
1836 5739 2251 5817 κρυεταλρξιβὲς
2294 5741 2462 5817 Codd
2537 5741 2580 5772 ³³
2613 5742 2715 5817 καὶ.
2765 5755 2877 5817 ριιιο
2934 5739 2994 5817 ιὲ-
3028 5738 3266 5817 Ρο.,ιιιρπι
3325 5739 3695 5817 imprae

416 5800 463 5903 2
495 5800 796 5903 ρῦξοινὶγὰρ
842 5802 952 5903 A.‘o
984 5800 1540 5889 ³⁵,μεταρρύθμοῦσιν
1571 5806 1719 5876 (sic)
1754 5800 1899 5860 ποιεῖ
1943 5809 2004 5864 Ρ.

519 5891 547 5903 ιι
588 5890 664 5903 ιι...
699 5891 728 5903 ε-
981 5889 1174 5903 ’Λοισλιι
1205 5875 1244 5903 ι)
1272 5873 1310 5903 D
1407 5874 1452 5903 ιι
1485 5875 1630 5903 Ι......
1655 5878 1744 5903 -λ..
1778 5877 2006 5903 1.-n_\..s

2108 5812 2129 5903 ξ
2146 5800 2355 5903 fiebat?
2390 5811 2673 5903 l’,1et.sie
2704 5811 2869 5903 infra.
2895 5812 2996 5903 “at:
3024 5800 3169 5903 6.631,
3194 5811 3252 5864 ιι.
3287 5881 3305 5903 ι
3331 5811 3376 5842 ³ο
3404 5800 3533 5903 ςδὸις
3556 5800 3606 5862 ’Β
3638 5811 3697 5903 ς.

497 5871 730 5955 ίὶυλυεὶίδη
761 5870 853 5955 Ἀλ
905 5870 1366 5955 ξοιτρρτουζῧθΡέ
1407 5870 1630 5955 “Exeo;
1654 5870 1745 5931 τδν
1775 5877 2052 5955 ὀφθαλμὸν
2075 5882 2116 5932 Β
2143 5881 2202 5937 P.
2281 5886 2325 5916 "
2349 5870 2531 5953 ποιρἐ
2559 5885 2622 5950 Α,
2657 5880 2862 5955 παρείη
2895 5880 2935 5937 C
2957 5881 3016 5936 Ρ.
3098 5870 3350 5955 ⁵³’παρὲῃ
3392 5882 3456 5950 Δ,
3497 5870 3700 5951 τὶαρειη

416 5940 459 5996 C
488 5941 547 5999 Ρ.
623 5942 668 5977 ⁸⁵
689 5940 768 6002 sic
813 5943 983 6003 Codd.
1007 5944 1301 6018 ὴλιοειδοῦς
1330 5944 1390 6002 Ρ.
1467 5940 1986 6020 δ”μετοχιτιῦουσιν
2012 5949 2072 6005 Β.
