4138 6466
444 434 574 492 H7!

443 647 616 703 esset,
661 652 784 709 quae
854 636 990 707 ipsis
1035 636 1413 692 substantialia
1466 637 1686 703 insunt,
1721 651 1907 706 quaeve
1954 653 2021 692 ex

443 730 818 787 accidentibus
871 730 1244 799 provenientia
1298 729 1450 792 sint,
1502 736 1615 782 tum
1650 729 2021 784 tunicularum

442 829 643 886 ortus,
713 819 1024 889 quibusque
1103 818 1233 886 ipsa:
1308 817 1624 872 nominibus
1700 834 2022 889 nuncupen-

445 924 557 978 tur,
595 927 808 968 necnon
864 912 956 980 qui
1009 921 1201 964 eorum
1261 925 1522 964 numerus
1569 911 1659 978 sit,
1697 921 1750 966 et
1781 927 2020 982 quonam

441 1013 602 1075 pacto
646 1001 950 1057 reticularis
984 1001 1165 1055 tunica
1190 1041 1205 1066 ,
1245 1008 1300 1054 et
1341 987 1903 1071 superior-malisque
1933 1017 2024 1056 ve-

442 1097 529 1150 nis
555 1092 788 1159 refertae,
830 1107 1033 1148 cornea
1077 1107 1208 1147 vero
1239 1093 1481 1163 ipsarum
1517 1108 1712 1164 expers
1751 1095 2018 1162 habetur;

442 1182 508 1237 ad
561 1182 674 1235 haec
714 1181 844 1234 item
892 1194 1080 1234 earum
1116 1194 1252 1234 usus
1294 1180 1616 1249 perspicuos
1665 1181 2018 1237 reddidimus;

444 1272 569 1337 Sed,
600 1287 700 1326 nec
727 1280 862 1341 quot
896 1272 1154 1326 humores
1190 1270 1514 1334 habeantur,
1567 1279 1808 1342 quotque
1830 1287 2020 1326 eorum

440 1363 653 1420 colores
677 1362 1032 1432 actionesque
1069 1370 1220 1426 sunt,
1241 1371 1293 1417 et
1315 1377 1564 1433 quaenam
1598 1362 1777 1428 vitrei,
1800 1363 2022 1434 crystal-

439 1455 534 1509 lini
592 1454 872 1525 ovalisque
915 1454 1192 1509 habentur
1236 1454 1402 1510 missa
1440 1452 1691 1509 fecimus.
1729 1452 2021 1521 Praeterea,

439 1546 506 1600 de
550 1545 753 1600 visibili
809 1545 1004 1615 spiritu
1056 1545 1204 1613 quod
1261 1560 1290 1599 a
1350 1545 1576 1600 cerebro
1645 1543 1756 1616 64
1805 1559 2025 1615 progre-

439 1637 590 1691 ditur
615 1677 631 1704 ,
668 1636 926 1706 quodque
958 1637 1192 1706 duplicis
1252 1637 1423 1691 utitur
1471 1635 1639 1691 ofﬁcii
1697 1636 1980 1691 functione
2004 1676 2023 1702 ,

443 1744 612 1785 causa
663 1745 694 1784 a
727 1729 886 1785 nobis
934 1731 1070 1785 satis
1122 1729 1387 1799 explicata
1447 1737 1550 1784 est.
1597 1726 1753 1792 Nam,
1808 1728 2024 1783 tametsi

441 1820 670 1889 spiritus
695 1819 763 1874 ab
786 1821 1042 1875 omnibus
1063 1821 1307 1890 corporis
1337 1820 1581 1889 partibus
1619 1828 1828 1874 natura:
1864 1828 2022 1883 nutu,

1755 435 2034 492 MELETII
2080 437 2390 495 MONACIII

510 547 648 602 Cum
710 543 876 616 igitur
941 545 1102 601 nobis
1170 545 1238 600 de
1305 545 1480 600 oculis
1553 546 1786 600 scrutari
1840 546 2019 601 visum
2051 561 2096 616 Α

3556 433 3702 490 1m

2207 547 2363 600 Ἐπεὶ
2419 543 2514 601 οὖν
2560 548 2625 601 τὰ
2685 546 2814 618 περὶ
2864 545 2974 599 τῶν
3021 543 3316 615 ὀφθαλμῶν
3371 543 3706 614 ἐρευνῶντας

2124 637 2422 708 ὲξεθέμεθα
2455 639 2524 692 τὰ
2560 638 2835 700 οὑσιωδῶς
2885 637 3070 700 αὐτοῖς
3125 636 3460 706 ὑπάρχοντα,
3506 636 3600 689 xui
3632 635 3701 689 τά

2123 728 2266 781 κατὰ
2315 728 2668 799 συμϐεϐηκὸς
2707 729 3149 801 προσγινόμενα·
3195 728 3290 782 xui
3319 728 3418 790 τὰς
3469 727 3578 779 τῶν
3617 745 3702 796 χι-

2121 819 2308 874 τώνων
2338 821 2616 890 ἐκφύσεις,
2663 821 2758 875 xui
2783 821 2883 884 τὰς
2923 820 3222 890 ὀνομασίας
3263 819 3463 884 αὐτῶν,
3491 820 3582 872 xui
3610 820 3702 870 τὸν

2121 912 2392 982 ἀριθμόν·
2429 914 2525 967 xui
2577 913 2695 976 πῶς
2739 915 2767 967 6
2821 913 2920 983 μὲν
2969 911 3525 984 ἁμφιὸληστροειδὴς,
3555 911 3704 964 καὶὸ

2122 1001 2508 1072 ἐπιπεφυκὼς,
2547 1004 2644 1058 xui
2679 1005 2707 1056 6
2757 1003 3042 1072 ραγοειδὴς
3077 1003 3260 1072 ἔχουσι
3302 1001 3506 1069 φλέὸας
3532 1016 3545 1030 ·
3577 1003 3605 1052 6
3645 998 3705 1050 δὲ

2123 1095 2473 1166 κερατοειδὴς
2509 1094 2741 1163 ἅφλεόός
2796 1095 2950 1146 ἐστι·
3001 1096 3096 1148 xui
3144 1094 3243 1156 τὰς
3290 1091 3481 1163 χρείας
3523 1088 3704 1144 αὐτῶν

2121 1186 2568 1258 ἐσαφηνίσαμεν·
2604 1187 2700 1240 xui
2747 1185 2856 1239 τῶν
2886 1185 3069 1258 ὑγρῶν
3124 1185 3222 1257 τὴν
3269 1184 3568 1252 ποσότητα,
3607 1180 3704 1233 xui

2120 1277 2220 1340 τὰς
2251 1278 2464 1350 χροίας,
2493 1279 2589 1334 xui
2637 1277 2952 1348 ἐνεργείας·
2988 1279 3082 1332 xui
3129 1275 3232 1332 ποῦ
3289 1277 3389 1347 μὲν
3427 1277 3604 1327 κεῖται
3640 1273 3703 1324 τὸ

2123 1370 2410 1436 ὑελοειδὲς,
2456 1370 2560 1424 ποῦ
2607 1369 2665 1423 δὲ
2691 1371 2754 1424 τὸ
2798 1370 3248 1442 κρυσταλλοειδὲς
3277 1369 3344 1434 ⁸⁸,
3386 1366 3492 1422 ποῦ
3536 1365 3594 1418 δὲ
3639 1364 3704 1418 τὸ

2121 1462 2340 1526 ὡοειδές
2365 1479 2378 1493 ·
2413 1464 2511 1516 xui
2549 1465 2682 1534 περὶ
2707 1462 2802 1517 τοῦ
2837 1462 3068 1518 ὀπτικοῦ
3113 1463 3424 1532 πνεύματος
3463 1457 3703 1521 ἐδιδάξα-

2126 1571 2246 1624 μεν,
2276 1555 2358 1608 ὅτι
2390 1557 2454 1608 ἐκ
2473 1554 2566 1609 τοῦ
2593 1556 2896 1625 ἐγκεφάλου
2925 1557 3194 1626 opimi-cur
3227 1553 3324 1608 xui
3364 1551 3460 1623 τὴν
3495 1549 3697 1613 αἰτίαν,

2121 1649 2204 1701 ὅτι
2235 1648 2420 1718 διττὴν
2442 1649 2644 1720 ταύτην
2675 1651 2912 1704 ποιεῖται
2933 1667 2946 1680 ο
2979 1649 3026 1702 εί
3055 1650 3164 1720 γὰρ
3204 1649 3299 1702 xui
3333 1647 3392 1698 ὲν
3425 1645 3563 1698 πᾶσι
3587 1644 3703 1704 τοῖς

2125 1739 2337 1809 μορίοις
2357 1738 2451 1792 τοῦ
2481 1737 2736 1810 σώματος
2758 1739 2847 1796 ἀεὶ
2870 1738 3090 1808 πνεῦμα
3113 1736 3428 1808 περιέχεται
3458 1730 3702 1803 φυσικῶς

2124 1830 2181 1880 ὲν
2209 1829 2396 1892 αὐτοῖς
2416 1828 2506 1882 διὰ
2537 1828 2639 1901 τὴν
2667 1829 2859 1901 χρείαν
2894 1829 3237 1897 γεννώμενον
3262 1827 3329 1892 ⁵⁷,
3357 1823 3471 1880 ἀλλ’
3501 1825 3560 1876 ὲν
3589 1822 3708 1884 τοῖς

440 1921 606 1982 atque
638 1913 902 1983 obsequio
932 1927 1040 1982 quo
1071 1927 1256 1967 earum
1289 1913 1481 1967 usibus
1521 1911 1781 1966 inserviat
1821 1926 2022 1982 usque-

2123 1919 2431 1990 ὀφθαλμοῖς
2456 1921 2485 1973 6
2507 1921 2815 1990 ἐγκέφαλος
2842 1921 2975 1974 αὐτὸ
2997 1920 3227 1991 χορηγεῖ
3245 1919 3336 1973 διὰ
3361 1915 3460 1981 τὰς
3481 1913 3703 1986 εἰρημέ-

441 2020 660 2074 quaque
701 2005 1068 2070 contineatur,
1105 2004 1274 2058 nihilo
1321 2013 1498 2058 tamen
1533 2003 1735 2068 secius,
1770 2017 1893 2057 eum
1929 2004 2021 2072 qui

445 2097 498 2149 in
527 2096 701 2150 oculis
727 2106 812 2150 est
875 2094 945 2149 oh
972 2110 1112 2165 quas
1150 2093 1480 2150 adduximus
1512 2110 1707 2151 causas
1736 2096 2020 2150 cerebrum

442 2187 840 2243 subministrat.
875 2186 978 2242 Sed
1006 2187 1261 2258 quoniam
1324 2197 1520 2243 cuncta
1558 2187 1675 2243 haec
1706 2201 1826 2258 qua:
1848 2187 2024 2242 disse-

442 2279 656 2332 ruimus
688 2279 765 2332 uti
799 2279 968 2333 totius
999 2278 1346 2333 instrumenti
1395 2278 1702 2334 ministerio
1745 2276 2022 2334 sufficiant

440 2379 624 2425 creata
647 2379 796 2434 sunt,
818 2371 923 2426 alia
942 2370 1336 2426 madefaciendi
1360 2371 1502 2426 oculi
1524 2371 1720 2443 gratia,
1747 2371 2017 2442 quaedam,

439 2461 764 2533 suggerendi
821 2463 1093 2530 alimenti,
1151 2462 1412 2517 nonnulla
1457 2462 1769 2519 securitatis
1821 2477 2019 2525 causa,

439 2554 546 2609 alia
585 2563 645 2608 ut
674 2553 936 2625 pupillam
973 2555 1144 2624 ipsam
1176 2554 1487 2610 custodiant
1512 2561 1692 2609 creata
1713 2568 2020 2609 censemus.

440 2647 602 2702 Decet
634 2647 823 2718 utique
857 2662 958 2703 nos
1010 2647 1386 2703 admirabilem
1417 2646 1512 2702 Dei
1564 2646 1887 2717 sapientiam
1916 2647 2024 2700 mi-

439 2749 622 2795 rantes
649 2740 943 2810 prudenter
963 2755 1085 2795 cum
1112 2740 1380 2809 Propheta
1404 2741 1611 2810 precari
1636 2755 1649 2790 :
1678 2738 1898 2794 Custodi
1921 2755 2021 2803 me,

2124 2029 2220 2076 νας
2258 2012 2441 2075 αἰτίας
2462 2029 2476 2044 ο
2512 2013 2607 2066 xui
2629 2013 2711 2067 ὅτι
2743 2013 2812 2068 τὰ
2839 2013 3111 2085 εἰρημένα.
3136 2012 3316 2067 πάντα
3353 2008 3441 2062 διὰ
3477 2007 3576 2078 τὴν
3607 2004 3704 2059 τοῦ

2123 2103 2249 2157 ὅλου
2279 2103 2515 2174 ὀργάνου
2539 2104 2846 2176 ὑπηρεσίαν
2879 2105 2925 2136 ⁸⁸
2958 2103 3242 2174 γινόμενα,
3275 2103 3345 2155 τὰ
3375 2099 3473 2170 μὲν
3494 2098 3705 2166 τέγγει,

2123 2192 2194 2246 τὰ
2225 2193 2284 2246 δὲ
2313 2194 2528 2265 τρέφει,
2563 2195 2633 2250 τά
2663 2195 2721 2248 δὲ
2757 2195 3027 2266 περιέχει,
3054 2193 3126 2247 τὰ
3153 2194 3210 2247 δὲ
3231 2189 3611 2260 ἀσφαλίζεται,
3635 2187 3704 2240 τὰ

2121 2283 2180 2336 δὲ
2212 2284 2310 2354 τὴν
2341 2285 2511 2356 κόρην
2543 2285 2587 2318 δ’
2615 2286 2902 2356 φυλάττει·
2943 2285 3125 2353 σοφῶς
3155 2285 3250 2338 xui
3281 2281 3568 2352 ἐντέχνως,
3609 2280 3705 2333 καὶ

2123 2373 2454 2444 θαυμαστῶς
2509 2375 2609 2447 τὴν
2642 2375 2955 2448 ὑπέρσοφον
2990 2376 3184 2446 σοφίαν
3229 2373 3327 2428 τοῦ
3373 2370 3510 2426 Θεοῦ
3553 2369 3704 2434 ἄξιον

2119 2466 2464 2538 ἐκπλαγῆναι
2489 2508 2504 2532 ,
2535 2468 2630 2522 xui
2663 2469 2902 2533 συνετῶς
2940 2469 3077 2539 μετὰ
3106 2468 3202 2522 τοῦ
3226 2464 3518 2538 Προφητοῢ
3540 2462 3705 2517 ἐπεύ-

2131 2555 2325 2622 ξασθαι
2352 2574 2364 2588 ·
2391 2560 2674 2624 Φύλαξόν
2693 2579 2791 2630 με,
2820 2563 3018 2631 Κύριε,
3041 2562 3122 2628 ὡς
3153 2561 3344 2629 κόρην
3364 2556 3704 2628 ὀφθαλμοῦ.

2121 2646 2291 2720 Οἶμαι
2317 2649 2428 2723 γὰρ
2457 2653 2554 2706 xui
2581 2653 2676 2706 τὸν
2708 2654 3006 2724 Προφήτην
3055 2653 3156 2725 τὴν
3207 2650 3482 2723 τοσαύτην
3533 2648 3702 2704 αὑτοῦ

2099 2741 2427 2810 ’ἀσφαλείαν
2455 2745 2868 2814 κατανοήσαντα
2891 2743 3053 2796 τοῦτο
3079 2746 3273 2797 εἰπεῖν.

439 2837 662 2890 Domine
700 2876 715 2901 ,
767 2845 823 2889 ut
876 2836 1136 2905 pupillam
1195 2834 1332 2889 oculi
1361 2847 1409 2889 ει.
1467 2834 1601 2901 Quis
1657 2850 1764 2890 non
1832 2835 1992 2890 facile
2028 2850 2348 2906 persuasum
2397 2837 2596 2893 habeat
2630 2839 2809 2908 ipsum
2839 2838 3389 2910 .Proplietam,cum
3454 2836 3703 2893 animad-

441 2932 696 2986 vertisset
726 2930 944 2986 oculum
973 2937 1124 2984 tanta
1154 2931 1356 3000 talique
1382 2945 1505 2984 esse
1536 2929 1698 2983 tutela
1748 2929 2016 2997 fulcitum,
2058 2931 2160 2985 hoc
2190 2945 2409 2986 carmen
2438 2933 2726 2988 cecinisse.

509 3027 622 3096 Age
641 3025 753 3095 jam
775 3025 840 3080 de
857 3025 1141 3080 oculorum
1165 3024 1567 3089 definitione,et
1586 3039 1825 3095 quonam
1860 3032 2021 3094 pacto

2204 3025 2434 3096 Ἰδωμεν
2455 3022 2548 3081 οὖν
2578 3028 2672 3082 xui
2696 3028 2790 3083 τὸν
2820 3030 2948 3102 ὅρον
2982 3031 3092 3085 τῶν
3126 3028 3444 3100 ὀφθαλμῶν,
3477 3027 3575 3083 xui
3604 3025 3702 3090 τὰς

442 3128 872 3190 nuncupantur,
921 3133 985 3172 ac
1029 3116 1173 3172 unde
1211 3116 1436 3171 nomina
1481 3131 1670 3170 eorum
1705 3116 2023 3186 proveniant

2128 3114 2425 3184 ὀνομασίας
2449 3117 2656 3184 αὐτῶν,
2701 3118 2792 3173 xui
2822 3118 2923 3183 τὰς
2966 3117 3327 3191 παραγωγάς.
3379 3112 3707 3184 Ὀφθαλμοὶ,

441 3215 800 3269 disseramus.
826 3209 1006 3276 Tales,
1044 3209 1295 3280 inquam,
1320 3207 1508 3263 oculos
1547 3223 1669 3264 esse
1699 3209 2016 3276 opinamur,

441 3305 533 3375 qui
565 3313 801 3374 quatuor
836 3301 1094 3357 tuniculis
1126 3315 1190 3355 ac
1226 3300 1401 3355 tribus
1431 3299 1662 3354 diversis
1691 3298 2018 3354 humoribus

439 3395 866 3457 constituuntur,
897 3392 1101 3462 quique
1125 3406 1322 3447 nervos
1381 3391 1437 3444 in
1483 3405 1542 3445 se
1592 3389 1909 3454 continent,
1965 3397 2021 3446 et

439 3487 536 3558 qui
574 3485 816 3556 objectos
855 3483 956 3538 sibi
991 3483 1224 3546 colores,
1270 3495 1562 3550 rerumque
1594 3479 2017 3551 magnitudines,

443 3589 662 3633 necnon
723 3575 924 3646 figuras
965 3571 1371 3644 deprehendere
1435 3577 1658 3641 queant.
1689 3567 1809 3623 Non
1859 3569 2020 3625 modo

441 3667 589 3724 oculi
617 3666 718 3738 ipsi
753 3667 858 3721 hoc
913 3673 1146 3727 tantum,
1192 3679 1222 3717 a
1258 3662 1462 3718 Graecis
1497 3663 1719 3716 nomine
1755 3659 2024 3732 ὀφθαλμοὶ

441 3757 806 3828 appellantur,
847 3755 940 3810 sed
974 3755 1096 3810 aliis
1119 3755 1248 3808 item
1274 3750 1589 3806 nominibus
1615 3765 1712 3805 eos
1735 3751 1811 3804 illi
1843 3750 2023 3805 dicere

441 3856 869 3905 consueverunt.
896 3845 1131 3912 Quidam
1163 3859 1260 3898 eos
1284 3843 1418 3913 φάη,
1454 3849 1517 3896 ut
1547 3840 1690 3911 apud
1724 3840 2020 3896 Homerum

440 3949 544 4003 est,
604 3946 946 4008 nuncupant.
1011 3935 1116 3989 Alii
1174 3934 1400 4004 ὄμματα
1467 3932 1676 3986 dicunt.
1726 3931 1829 3985 Alii
1873 3931 2020 3984 ὄσσε.

439 4026 548 4081 Alii
573 4019 742 4090 ῶπες.
775 4027 838 4080 Ει
873 4025 944 4081 ob
967 4023 1018 4079 id
1046 4038 1142 4079 eos
1177 4023 1249 4077 illi
1298 4021 1607 4092 ὀφθαλμούς
1643 4022 1826 4077 dixere
1849 4062 1863 4084 ,
1914 4021 2022 4075 ἀπὸ

2125 3205 2314 3276 φησὶν,
2349 3207 2488 3262 εἰσὶν
2531 3209 2580 3260 oi
2631 3207 2969 3272 συνεστῶτες
3012 3210 3078 3263 ἐκ
3121 3207 3406 3277 τεσσάρων
3434 3201 3700 3276 χιτώνων,

2125 3300 2222 3350 xui
2251 3298 2435 3368 ὑγρῶν
2460 3298 2835 3370 διαφερόντων
2865 3299 3067 3370 τριῶν·
3099 3296 3424 3369 νευρώδειςσ
3454 3292 3703 3362 αἰσθητι-

2125 3389 2214 3442 xoi
2240 3389 2349 3444 τῶν
2376 3390 2760 3461 ὑποκειμένων
2809 3391 3147 3462 χρωμάτων,
3177 3389 3275 3443 xui
3305 3384 3577 3457 μεγεθῶν,
3609 3382 3706 3436 xui

2126 3481 2426 3552 σχημάτων
2460 3484 2528 3536 ⁸ο.
2559 3483 2633 3537 Οὐ
2669 3482 2838 3554 μόνον
2863 3483 2919 3536 δὲ
2953 3481 3248 3552 ὀφθαλμοὶ
3271 3480 3544 3548 λέγονται,
3569 3474 3699 3530 ἀλλά

2125 3572 2222 3622 xui
2281 3571 2403 3640 φάη
2455 3572 2597 3625 κατὰ
2664 3572 2757 3627 τὸν
2831 3572 3063 3644 ποιητὴν
3088 3611 3103 3636 ,
3164 3571 3262 3625 xui
3299 3569 3554 3640 ὄμματα,
3610 3563 3702 3618 xui

2123 3660 2281 3716 ὄσσε
2311 3664 2380 3729 σί,
2433 3665 2530 3718 xui
2570 3658 2749 3731 ὥπες.
2784 3666 2896 3719 Καὶ
2928 3661 3224 3734 ὀφθαλμοί
3281 3661 3400 3731 μὲν,
3440 3657 3551 3712 ἀπὸ
3607 3654 3704 3708 τοῦ

2119 3754 2354 3823 ὀφθῆναι
2385 3755 2654 3826 παρέχειν
2679 3757 2899 3812 ἅπαντα
2924 3757 2986 3822 ἐξ
3009 3750 3083 3811 ὧν
3110 3755 3396 3810 ἐνάλλεται
3421 3754 3455 3824 ἠ
3485 3750 3606 3821 ὄψις
3623 3765 3639 3780 ⁸
3668 3747 3703 3817 ἦ

2119 3845 2290 3901 ὠπῶν
2319 3847 2592 3918 θάλαμοι·
2626 3849 2750 3919 φάη
2779 3850 2859 3918 δὲ,
2881 3851 2963 3905 ὅτι
2993 3849 3051 3916 ἐξ
3081 3847 3262 3903 αὐτῶν
3293 3845 3408 3916 φῶς
3437 3843 3701 3918 προέρχε⁴

2121 3955 2252 3991 ται’
2297 3939 2328 4010 ἢ
2372 3941 2456 3993 ὅτι
2488 3941 2667 4011 φωτός
2692 3943 2800 3995 είσι
2848 3941 3088 4014 κριτικοὶ
3141 3939 3236 3994 xui
3279 3936 3553 3992 δεκτικοί·
3611 3933 3704 3987 xui

2123 4031 2370 4104 Ὅμηρος
2390 4049 2406 4064 ·

439 4121 536 4176 τοῦ
577 4121 809 4193 ὀφθῆναι
855 4117 1120 4190 παρέχειν
1158 4116 1396 4182 ἅπαντα,
1451 4115 1596 4186 quod
1634 4116 1817 4170 omnia
1866 4117 2007 4174 visui

2123 4125 2248 4180 :rria
2305 4127 2686 4197 reddant;aut
2752 4131 2899 4201 quod
2919 4129 3206 4186 oculorum
3243 4125 3467 4182 thalami
3495 4139 3562 4179 ex
3583 4122 3700 4192 qui-

440 4221 540 4276 bus
562 4219 711 4274 visus
739 4217 938 4273 emicat
967 4223 1116 4280 sunt,
1178 4213 1248 4269 ob
1279 4213 1441 4284 idque
1474 4212 1543 4268 ab
1608 4213 1733 4268 aliis
1767 4213 1878 4284 φάη
1928 4215 2057 4272 dicti
2097 4229 2244 4288 sunt,
2273 4224 2420 4293 quod
2488 4240 2554 4280 ex
2588 4225 2721 4296 ipsis
2754 4226 2938 4280 lumen
2963 4225 3111 4295 quod
3137 4224 3214 4278 illi
3245 4222 3360 4293 φῶς
3386 4225 3699 4290 nuncupant

440 4314 849 4386 progrediatur;
913 4312 948 4384 ἢ
984 4313 1067 4366 ὅτι
1103 4310 1276 4380 φωτός
1317 4311 1424 4364 εἰσι
1483 4309 1740 4382 κριτικυί,
1791 4312 1937 4381 quod
2001 4329 2023 4367 ι

2123 4316 2253 4372 ηιὶοει
2321 4319 2668 4376 discernendi
2737 4319 2961 4376 luminis
2983 4319 3092 4374 vim
3117 4317 3364 4374 obtinent
3409 4323 3470 4370 ut
3502 4312 3698 4368 Home-

441 4427 536 4466 l‘llS
567 4429 579 4465 ε

442 4521 551 4594 65
583 4522 683 4576 Hic
707 4522 892 4592 capiti,
922 4535 984 4573 ac.
1017 4517 1249 4588 pulchris
1280 4516 1444 4570 oculis
1469 4515 1632 4569 simul
1668 4516 1851 4568 oscula
1876 4516 2018 4584 ﬁxit.

2128 4519 2292 4574 Κῦσε
2313 4520 2382 4576 δέ
2399 4540 2508 4592 μιν
2537 4521 2820 4592 κεφαλὴν
2853 4521 2954 4575 καί
2994 4521 3168 4590 ἄμφω
3194 4519 3350 4588 φάεα
3379 4517 3538 4572 καλά
3568 4516 3669 4585 fa)-

445 4636 676 4702 Quidam
710 4634 780 4688 ob
827 4633 880 4687 id
903 4632 1054 4702 ipsos
1085 4631 1308 4700 ὄμματα
1339 4629 1610 4691 dixerunt,
1641 4622 1752 4680 οἷον
1785 4629 2022 4698 ὃρματα,

443 4729 540 4781 xui
577 4727 845 4796 αϊρματα,
887 4724 1033 4793 quod
1079 4740 1146 4778 ex
1186 4724 1320 4792 ipsis
1379 4721 1608 4776 visibilis
1636 4721 1860 4790 spiritus
1899 4739 2021 4776 cum

444 4821 650 4890 impetu
686 4817 881 4884 fertur,
917 4825 972 4872 et
1020 4817 1162 4871 idem
1202 4815 1295 4885 qui
1331 4814 1384 4865 in
1420 4813 1592 4868 oculis
1630 4820 1713 4866 est
1753 4828 1847 4882 per
1881 4815 2025 4883 ipsos

443 4911 558 4966 exit
628 4919 792 4981 atque
861 4907 1186 4978 eiaculatur.
1251 4903 1465 4958 Aiolieo
1514 4911 1694 4957 autem
1768 4903 2026 4959 idiomate

445 5001 609 5068 ὀπτά,
643 5016 766 5071 qua:
811 4999 956 5055 circa
1018 4997 1205 5052 oculos
1250 5002 1380 5050 sunt
1430 4995 1697 5065 appellare
1727 5012 2024 5052 consuere~

442 5098 590 5148 runt.
627 5088 732 5146 Sed
759 5099 813 5144 et
839 5088 1106 5142 Homerus
1135 5086 1324 5141 oculos
1362 5085 1486 5137 ὄσσε
1517 5086 1835 5158 plerumque
1861 5087 2019 5155 dixit,

443 5181 589 5252 quod
630 5181 698 5235 ad
731 5179 834 5235 sibi
864 5178 1108 5246 subjecta
1139 5187 1284 5231 recte
1307 5177 1629 5246 dirigantur.
1672 5178 1753 5232 Illi
1782 5195 2020 5250 namque

445 5273 623 5326 εὓσειν
684 5270 781 5323 xui
811 5267 1121 5322 εὐθυϐολεῖν
1171 5267 1434 5333 dictitant,
1474 5270 1614 5325 unde
1653 5270 1953 5328 Homerus:

517 5436 545 5466 ι
576 5422 722 5478 l‘sal.
753 5437 866 5486 ut,
903 5420 959 5475 8.

516 5607 561 5638 ⁸⁸
588 5604 688 5658 ποῦ
716 5603 853 5658 δὲτὸ
885 5622 976 5676 κρ.
997 5621 1104 5659 oui.
1129 5605 1169 5657 A
1204 5605 1245 5657 Β
1270 5603 1331 5660 C.
1409 5605 1452 5636 "
1480 5605 1772 5674 γενόμενον
1801 5605 1860 5656 Β.
1941 5605 1984 5636 ⁵⁸
2009 5621 2023 5656 a

520 5676 615 5730 xui
666 5677 846 5740 ὄγκων
871 5744 877 5745 γ
903 5676 1029 5730 add.
1058 5675 1119 5745 (ἶ.
1195 5677 1235 5707 ⁵¹
1289 5675 1447 5730 ὅσσαι
1503 5675 1562 5728 Β.
1625 5678 1683 5745 *δ’
1707 5677 1813 5745 ίὸρᾷ
1857 5675 1920 5728 Α.
1999 5674 2018 5705 ⁵

2123 5604 2182 5657 te
2252 5617 2422 5672 usque
2477 5603 2544 5657 ad
2592 5603 2762 5674 ὑπηρ.
2794 5616 2904 5656 οιη.
2945 5602 3006 5653 Β.
3081 5601 3127 5631 ⁸⁸
3172 5616 3235 5652 κο

2123 5675 2289 5742 ἐματα
2335 5674 2395 5728 Β.
2474 5672 2765 5727 ’δόππατα
2818 5675 2878 5728 Β.
2957 5674 3001 5705 ⁵⁵
3027 5672 3186 5725 ὅσσαι

441 5680 489 5712 ³*
520 5676 615 5730 xui
666 5677 846 5740 ὄγκων
903 5675 1119 5730 add.C.
1195 5677 1235 5707 ⁵¹
1289 5675 1447 5730 ὅσσαι
1503 5675 1562 5728 Β.

2130 4631 2392 4701 Ὄμματα
2426 4633 2503 4698 δὲ,
2549 4635 2632 4688 ὅτι
2684 4635 2754 4687 δι’
2799 4634 2983 4688 αὐτῶν
3010 4633 3073 4686 τὸ
3100 4631 3356 4704 ὁρατικὸν
3385 4631 3624 4701 ὁρμᾶται
3657 4628 3700 4660 "

2123 4723 2376 4792 πνεῦμα·
2436 4718 2548 4778 οἷον
2596 4726 2812 4795 αἵματα
2860 4725 2906 4759 ⁸³
2940 4724 3039 4777 xui
3084 4723 3341 4794 ὄμματα·
3402 4719 3592 4790 ἐπειδὴ
3638 4716 3700 4771 δι’

2123 4814 2302 4868 αὐτῶν
2330 4815 2554 4883 ἀφίεται
2594 4819 2691 4870 xui
2719 4817 3068 4882 ἀκοντίζεται
3089 4815 3151 4868 τὸ
3176 4817 3235 4869 ὲν
3263 4816 3376 4877 τοῖς
3404 4812 3703 4882 ὀφθαλμοῖς

2125 4903 2363 4974 πνεῦμα.
2396 4906 2458 4959 Oi
2487 4906 2543 4958 δὲ
2576 4907 2788 4971 Αἰολεῖς
2829 4907 3036 4960 (onata
3068 4906 3116 4938 ⁸⁸
3143 4903 3366 4972 λέγουσι
3393 4901 3546 4973 παρὰ
3579 4901 3703 4962 τοὺς

2127 4991 2284 5059 ὦπας
2304 5013 2318 5027 ⁸
2353 4997 2605 5068 λέγονται
2640 4999 2737 5053 xui
2760 4999 2913 5070 παρὰ
2940 4998 3018 5069 τῷ
3041 4999 3239 5069 ποιητῇ
3264 4997 3419 5049 ὄσσε
3447 4995 3514 5058 ⁵⁵,
3553 4991 3704 5062 παρά

2126 5087 2226 5159 τὴν
2260 5090 2367 5142 ὑπὸ
2417 5091 2486 5144 τὰ
2522 5091 2752 5163 κείμενα
2785 5091 2899 5146 ἕσιν
2945 5091 3011 5156 ⁵⁸,
3045 5091 3140 5144 xui
3193 5089 3293 5161 τὴν
3353 5088 3438 5140 ἐπ’
3485 5083 3614 5139 εὐθὺ
3660 5085 3703 5115 ⁸⁷

2130 5179 2291 5252 βολήν
2313 5198 2326 5212 ·
2359 5182 2454 5236 xui
2483 5183 2630 5254 ’Ὀμη
2643 5200 2732 5254 ρος
2757 5197 2771 5211 ⁸

3277 5596 3421 5666 υφὴν
3465 5599 3507 5651 Α
3559 5600 3598 5651 Β
3641 5599 3681 5652 (ἶ

2957 5617 3006 5653 ts.
3081 5617 3127 5631 ν’
3172 5617 3235 5652 κο
3277 5617 3421 5666 υφην
3465 5617 3507 5651 Α
3559 5617 3598 5651 is
3641 5617 3680 5652 ι.

2957 5674 3001 5705 ⁵⁵
3027 5672 3186 5725 ὅσσαι
3243 5617 3286 5724 Β
3329 5669 3387 5726 Ρ.
3466 5669 3512 5700 ⁵⁸
3555 5687 3608 5725 ιι.
3652 5681 3706 5724 τ.

441 5747 539 5802 hci
574 5746 644 5798 τὰ
686 5732 1026 5816 ὑποκείμενα
1070 5744 1187 5798 ἕσιν
1225 5745 1457 5818 (αῐσσην
1490 5745 1588 5816 Ρ),
1621 5743 1662 5798 Β
1700 5732 1760 5800 P'.
1790 5732 1800 5747 ’
1837 5747 1880 5779 ⁵⁷
1917 5744 2122 5800 ἐπευθὺ
2145 5732 2214 5801 Β.

514 5857 592 5929 (α)
619 5852 719 5913 0d.
759 5860 824 5927 Π,
864 5857 946 5911 15.
