4138 6478
542 474 686 536 H75

1852 462 2136 523 MELE'I'II
2176 461 2494 520 MONACHI

3676 460 3816 522 “76

539 587 941 658 sudoribusque
994 581 1381 655 ingruentibus
1435 589 1794 652 protegerent.
1831 581 1886 635 in
1914 581 2000 636 his
2028 596 2123 634 au-

2229 580 2313 632 ὃτι
2343 579 2401 631 αἱ
2433 578 2531 648 μὲν
2555 576 2658 663 τῆς
2687 575 2934 646 κεφαλῆς
2961 575 3149 648 τρίχες
3177 574 3408 642 αὔξουσι
3430 592 3489 628 τε
3525 572 3624 629 καὶ
3671 576 3815 630 ἀπο·

542 693 650 739 tem
713 679 957 735 defectus
1000 677 1223 748 quidam
1282 674 1375 744 qui
1434 674 1489 728 in
1551 674 1763 744 capillis
1805 674 2122 742 neutiquam

2229 668 2532 738 κείρονται.
2564 658 2741 723 Αὖται
2786 665 2846 719 δὲ
2875 666 2932 719 αἱ
2977 663 3297 734 βλεφαρίδες
3343 663 3432 717 διὰ
3478 664 3541 718 τὸ
3593 664 3672 736 μὴ
3701 681 3816 721 atto-

545 779 632 830 est
664 770 951 841 inspicitur
985 787 998 821 :
1034 782 1157 821 nam
1179 766 1358 835 capilli
1397 766 1449 819 io
1486 765 1602 822 dies
1633 766 1783 823 aucti
1832 764 2125 823 tondentur

542 868 974 928 resecanturth
1006 875 1022 925 ;
1076 858 1270 911 horum
1323 870 1453 909 vero
1483 869 1547 910 ac
1579 855 1830 908 ciliorum
1878 870 1946 908 ne
1974 854 2126 908 visus

548 967 712 1008 usum
756 952 1053 1019 oculosque
1103 950 1252 1018 ipsos
1303 946 1623 1016 impediant,
1675 948 1820 1017 quod
1878 953 2126 1002 extremo

547 1045 812 1101 confectis
841 1043 993 1099 senio
1026 1042 1280 1098 accidere
1308 1042 1468 1107 solet,
1505 1057 1695 1097 verum
1726 1039 1916 1111 Upifex
1947 1040 2128 1095 inerev

545 1146 787 1192 mentum
832 1132 1141 1203 denegavit.

612 1226 707 1281 Est
761 1232 1026 1278 autemet
1074 1223 1127 1277 in
1189 1222 1325 1292 ipsis
1382 1223 1579 1290 oculis,
1643 1222 1804 1278 sicuti
1857 1222 2125 1289 colorum,

545 1315 617 1371 ita
659 1324 713 1371 et
770 1313 1204 1382 magnitudinum
1267 1314 1563 1383 plurimum
1612 1314 1965 1371 discriminis.
2019 1313 2126 1370 Sed

544 1422 667 1462 cum
724 1406 790 1462 de
825 1406 1102 1463 coloribus
1151 1406 1287 1461 satis
1315 1422 1345 1460 a
1372 1406 1528 1464 nobis
1582 1406 1787 1463 dictum
1823 1407 1922 1471 sit,
1957 1415 2127 1464 restat

546 1498 623 1553 uti
667 1497 735 1553 de
789 1496 1258 1569 magnitudinibus
1298 1498 1651 1554 disseramus.
1700 1498 1841 1553 Sunt
1883 1498 1975 1567 qui
2011 1513 2130 1551 ma-

541 1592 828 1665 gnitudine
884 1590 1311 1646 mediocritatem
1375 1589 1665 1655 excedunt,
1726 1588 1945 1659 quidam
1998 1603 2129 1643 vero

546 1690 710 1749 sunt,
766 1696 931 1755 quam
997 1679 1250 1753 expediat
1303 1680 1601 1738 breviores.
1659 1678 1767 1736 Eos
1825 1695 1976 1744 vero,
2031 1680 2124 1749 qui

543 1771 785 1827 medium
832 1768 1110 1841 quoddam
1154 1769 1295 1824 inter
1341 1776 1583 1824 extrema
1619 1777 1833 1835 tenent,
1889 1769 2127 1838 Optimos

544 1866 938 1929 usquequaque
998 1867 1281 1929 putamus.
1321 1856 1558 1927 Rursus,
1584 1857 1880 1914 nonnullos
1903 1874 1968 1913 ex
1993 1859 2127 1928 ipsis

2226 758 2442 830 λύεινῆ
2489 756 2924 831 παρεμποδίζειν
2948 756 2994 793 ⁸⁵
3042 758 3169 821 τοὺς
3200 756 3537 826 ὀφθαλμοὺς,
3596 758 3673 821 ὼς
3717 758 3816 811 ἐπὶ

2225 851 2335 905 τῶν
2357 851 2744 921 ὲοχατογήρων
2773 849 3130 920 ἐκωλύθησαν
3158 849 3495 913 αὐξάνεσθαι
3532 848 3685 920 παρὰ
3712 849 3812 903 τοῦ

2227 943 2558 1016 τεχνουργοῢ
2580 944 2679 1018 τῆς
2709 943 2931 998 πάντων
2955 940 3322 1017 δημιουργίας
3345 944 3415 999 ⁸⁵.

2299 1204 2476 1276 Πολλὴ
2518 1205 2575 1258 δὲ
2601 1204 2705 1258 κάν
2734 1205 2848 1267 τοῖς
2880 1202 3183 1275 ὀφθαλμοῖς
3208 1203 3352 1257 κατά
3388 1203 3450 1257 τὸ
3483 1204 3684 1275 χρῶμα
3714 1208 3811 1258 καὶ

2226 1298 2288 1351 te
2325 1297 2555 1367 μέγεθος
2619 1296 2861 1366 πέφυκεν
2907 1296 3189 1365 ἑτερότης.
3250 1295 3362 1349 Καὶ
3412 1296 3539 1366 περὶ
3568 1296 3669 1365 μὲν
3707 1296 3810 1348 τοῦ

2227 1386 2519 1457 χρώματος
2541 1386 2722 1440 αὐτῶν
2755 1387 2975 1457 εἴρηται
2996 1401 3010 1413 ·
3045 1386 3176 1455 περὶ
3204 1384 3261 1437 δὲ
3295 1384 3394 1438 τοῦ
3420 1385 3685 1454 μεγέθους
3708 1386 3810 1438 νῦν

2227 1475 2374 1530 ἐστιν
2403 1478 2577 1531 εἰπεῖν
2595 1475 2662 1531 ⁸⁸.
2688 1477 2750 1529 Ol
2779 1476 2877 1547 μὲν
2907 1475 3017 1546 γὰρ
3042 1474 3263 1546 μείζους
3282 1477 3448 1539 εἰσὶν,
3474 1477 3526 1529 oi
3554 1475 3611 1529 δὲ
3646 1475 3811 1531 ἐλάτ-

2225 1586 2372 1635 τους,
2391 1569 2441 1622 οί
2468 1569 2525 1621 δὲ
2540 1567 2875 1639 σύμμετρον
2905 1567 3008 1638 τὴν
3028 1567 3309 1638 ἑκατέρων
3331 1567 3605 1640 ἀμετρίαν
3634 1570 3810 1621 tatu-sv

2228 1660 2481 1730 φυγότες,
2507 1658 2600 1722 οὓς
2617 1660 2711 1712 καὶ
2733 1658 3051 1729 βελτίστους
3081 1653 3222 1712 εἶναι
3256 1659 3413 1727 φασι.
3442 1659 3613 1714 Πάλιν
3627 1661 3679 1713 oi.
3703 1659 3811 1731 μὶν

2227 1750 2554 1821 πεπίληνται
2571 1746 2706 1823 πρὸς
2721 1750 2790 1804 τά
2816 1750 2963 1813 έντδς
2977 1749 3047 1812 ⁸⁷,
3078 1751 3174 1803 καὶ
3199 1750 3425 1820 μείζονα
3448 1750 3546 1820 τὴν
3569 1750 3811 1819 περιφέ-

2232 1859 2384 1914 ρειαν
2404 1844 2504 1914 τῆς
2524 1842 2704 1895 αὐτῶν
2724 1841 3039 1913 κοιλότητος
3055 1840 3479 1912 διαγράφουσινο
3513 1840 3564 1894 οε
3588 1841 3647 1895 δὲ
3669 1842 3810 1912 πρὸς

543 1958 737 2004 natura
772 1948 841 2003 ad
866 1947 1125 2003 interiora
1158 1947 1401 2019 impegit,
1423 1956 1479 2003 et
1500 1946 1558 2002 bi
1600 1946 1862 2017 majorem
1890 1947 2123 2002 circum-

2226 1935 2296 1989 τά
2326 1934 2482 1999 ὲκτδς
2531 1933 2964 2001 ἑξώγκωνταιθδ,
2993 1935 3089 1987 καὶ
3136 1934 3459 2000 ἐξάλλεσθαι
3518 1934 3807 1989 θέλουσινο

545 2039 834 2095 ferentium
878 2055 1042 2110 quam
1063 2054 1253 2095 eorum
1285 2054 1419 2094 cava
1468 2048 1598 2095 sunt
1648 2038 1952 2109 designant.
1992 2037 2127 2105 Qui-

544 2129 669 2184 dam
708 2144 859 2195 vero,
893 2129 1049 2200 quasi
1084 2144 1114 2186 e
1147 2145 1247 2185 sua
1276 2128 1402 2185 sede
1434 2128 1780 2199 prosilientes
1831 2128 2126 2198 prominuli

543 2219 811 2275 visuntur.
838 2221 911 2275 At
954 2219 1244 2290 alios,.qui
1289 2218 1357 2274 ad
1383 2230 1640 2274 neutrum
1705 2217 1901 2273 horum
1956 2217 2126 2272 decli-

542 2322 695 2381 nant,
743 2311 983 2367 medium
1006 2312 1281 2384 quoddam
1304 2311 1506 2369 habere
1531 2326 1783 2367 cerneres
1805 2310 1945 2382 :67
1989 2311 2126 2366 tales

537 2401 711 2470 enim,
741 2417 932 2458 eorum
965 2404 1019 2458 in
1063 2404 1265 2474 quibus
1293 2404 1568 2467 visuntur,
1608 2402 1902 2473 praclaros
1942 2416 2123 2456 mores

534 2495 819 2551 denotant.
869 2494 1005 2551 Nam
1070 2496 1322 2551 homines
1355 2496 1449 2567 qui
1507 2496 1696 2551 oculos
1750 2494 1819 2549 ad
1863 2493 2121 2549 interiora

537 2595 804 2643 retractos
852 2588 1181 2653 sortiuntur,
1226 2588 1526 2644 acutiorem
1558 2589 1734 2645 visum
1777 2587 1977 2643 habere
2004 2601 2123 2642 om-

537 2676 692 2731 nium
738 2679 923 2750 opinio
974 2687 1077 2735 est.
1120 2681 1190 2735 At
1233 2681 1449 2750 magnis
1502 2679 1677 2735 oculis
1737 2677 2015 2747 praeditos,
2066 2685 2124 2731 et

537 2769 632 2837 qui
656 2768 866 2825 intento
892 2770 1084 2826 obtutu
1135 2771 1298 2826 deﬁxi
1339 2773 1566 2837 harent,
1615 2770 1900 2825 instabiles
1939 2785 2005 2825 ac
2057 2769 2125 2824 ad

539 2857 675 2912 iram
698 2874 998 2930 propensos
1012 2861 1216 2915 dixere.
1230 2859 1298 2915 At
1320 2861 1689 2930 magnoculos,
1706 2858 2128 2930 λιροφθαλμοὺς,

2231 2025 2380 2081 ἄλλοι
2395 2026 2452 2080 δὲ
2467 2026 2603 2096 πρὸς
2623 2027 2907 2098 οὐδέτερον
2929 2026 3139 2080 τούτων
3163 2026 3527 2091 ἐκκλίνουσιν,
3547 2026 3685 2081 ἀλλά
3706 2028 3811 2101 τὴν

2235 2120 2410 2192 μέσην
2448 2121 2630 2191 ἔχουσι
2661 2119 2866 2191 χώραν.
2893 2120 2958 2173 Οἳ
2990 2122 3087 2174 καὶ
3121 2120 3404 2190 βέλτιστον
3447 2117 3582 2192 ἦθος
3610 2120 3813 2192 διαση-

2235 2211 2487 2281 μαίνουσι
2511 2213 2556 2245 ⁸⁸
2580 2213 2690 2266 τῶν
2721 2208 2918 2283 οἷσπερ
2950 2215 2999 2247 ὀ
3031 2215 3161 2267 είσί.
3194 2216 3334 2277 Τοὺς
3386 2216 3574 2285 μέντοι
3601 2216 3813 2270 διακει-

2234 2306 2431 2376 μένους
2456 2304 2659 2375 μᾶλλον
2686 2305 2823 2376 πρὸς
2846 2305 2915 2359 τά
2937 2305 2982 2337 ’ί
3010 2305 3163 2369 ἐντὸς
3186 2305 3635 2371 ὀξυωπεστάτους
3665 2303 3812 2362 εἷναί

2229 2414 2416 2467 φασιν,
2450 2397 2640 2469 ὥσπερ
2686 2400 2816 2463 τοὺς
2875 2401 3012 2470 πρὸς
3064 2399 3136 2453 τὰ
3179 2399 3338 2462 ἐκτὸς
3364 2399 3659 2464 ἀϐεϐαίους
3710 2400 3813 2456 καὶ

2229 2486 2516 2557 θυμικούς.
2540 2488 2680 2553 Τοὺς
2711 2489 2769 2543 δὲ
2810 2490 3301 2561 μεγαλοερθάλμους
3325 2533 3342 2556 ,
3369 2492 3465 2544 καὶ
3498 2493 3688 2556 ἀτενὲς
3715 2493 3809 2546 ὲν-

2226 2578 2493 2649 ορῶντας,
2537 2579 2946 2651 λιροφθὰλμους
2970 2582 3016 2615 ⁵³
3044 2582 3188 2645 τινὲς
3217 2581 3532 2653 ὠνόμασαν,
3566 2583 3716 2655 παρά
3746 2584 3809 2638 τὸ

2228 2670 2350 2724 λίαν
2379 2672 2488 2724 τινὶ
2524 2673 2886 2742 προσκεῖσθαι
2914 2688 2928 2705 ⁸
2952 2674 2985 2744 ἢ
3039 2673 3193 2744 παρὰ
3219 2674 3281 2726 τὸ
3318 2674 3441 2727 λίαν
3468 2677 3604 2747 ὀρᾷν
3631 2692 3645 2707 ·
3673 2677 3805 2729 ἐπεὶ

2232 2762 2445 2826 ἀτενεῖς
2468 2764 2608 2817 εἰσιν
2640 2767 2697 2818 at
2740 2765 2950 2819 τούτων
2976 2764 3149 2835 (νέμεις,
3181 2767 3257 2830 ὡς
3294 2767 3529 2832 ἀναιδῶς
3579 2768 3807 2839 ἐπαιρό-

2238 2870 2418 2925 μεναι.

540 2954 821 3009 nonnullis
871 2955 1143 3024 appellare
1182 2955 1408 3025 placuit,
1441 2954 1588 3024 quod
1634 2955 1688 3008 in
1726 2953 2003 3009 cernendo
2051 2952 2121 3008 ad
2158 2966 2248 3007 res
2281 2952 2428 3023 ipsas
2461 2952 2583 3022 plus
2620 2952 2788 3007 nimio
2837 2952 3186 3021 adhibentur,
3235 2955 3372 3021 sive,
3433 2957 3580 3027 quod
3611 2956 3804 3013 obtutu

542 3048 597 3103 in
650 3064 760 3104 uno
794 3049 957 3104 deﬁxi
1001 3050 1372 3120 impudentius
1411 3050 1617 3105 haerere
1661 3053 1893 3106 soleant.

612 3143 866 3214 Museuli,
903 3147 1047 3202 unde
1093 3147 1268 3204 oculis
1295 3158 1475 3203 motus
1507 3147 1977 3225 subinistratur,
2011 3162 2105 3201 sex

2285 3146 2349 3199 Οί
2387 3145 2445 3200 δὲ
2469 3146 2599 3208 τοὺς
2623 3145 2941 3218 ὀφθαλμοὺς
2971 3146 3258 3214 κινοῦντες
3301 3147 3441 3220 μῢες
3469 3150 3531 3216 ἐξ
3574 3152 3682 3206 είσι
3710 3153 3811 3211 τὸν

538 3253 770 3294 numero
820 3239 1112 3302 habentur,
1164 3255 1398 3310 quorum
1445 3240 1556 3295 duo
1609 3220 1765 3305 sunt,
1815 3254 1846 3294 a
1895 3239 2116 3309 quibus,

2225 3238 2454 3310 ἀριθμόν
2472 3257 2486 3271 ο
2514 3239 2608 3293 δύο
2631 3239 2729 3310 μὲν
2756 3241 2807 3294 οι
2838 3242 3299 3313 περιστρέφοντες
3326 3244 3447 3298 ὅλον
3471 3245 3563 3299 τὸν
3591 3247 3804 3316 ὀφθαλ-

537 3344 665 3384 cum
705 3345 734 3384 a
759 3344 959 3401 magno
984 3330 1286 3400 procedunt
1337 3331 1557 3401 angulo,
1586 3331 1760 3386 donec
1791 3331 1857 3385 ad
1893 3345 2120 3401 parvum

537 3419 811 3485 desinant,
844 3421 1010 3475 totius
1039 3422 1187 3477 oeuli
1219 3436 1421 3492 corpus
1446 3422 1853 3493 circumagitur.
1876 3422 2124 3489 Quatuor

541 3526 672 3566 vero
721 3511 919 3581 reliqui
957 3523 1109 3569 recto
1144 3514 1265 3584 ejus
1294 3515 1468 3569 motui
1516 3512 1871 3581 famulantur,
1904 3531 1970 3570 ex
1999 3516 2123 3585 qui-

539 3602 645 3656 bus
667 3601 777 3658 duo
806 3612 953 3666 sunt,
999 3618 1234 3675 quorum
1276 3605 1414 3661 alter
1439 3619 1660 3659 sursum
1693 3604 1953 3671 extendit,
1987 3605 2124 3659 alter

538 3709 673 3749 vero
725 3695 944 3751 oculum
983 3694 1125 3751 infra
1164 3697 1425 3763 retrahit;
1461 3697 1553 3753 alii
1595 3712 1726 3754 vero
1761 3697 2009 3761 totidem,
2055 3697 2123 3753 ad

539 3786 785 3842 dextram
820 3788 1121 3858 lunamque
1146 3789 1325 3858 ipsum
1350 3796 1588 3843 movent.
1618 3788 1701 3843 Ad
1736 3791 1857 3854 hos,
1880 3798 1934 3844 et
1964 3790 2126 3859 septi-

538 3892 668 3932 mus
701 3886 805 3943 est,
848 3892 1010 3948 quem
1053 3877 1343 3935 roborandi
1376 3878 1520 3932 oeuli
1554 3880 1726 3949 gratia
1768 3891 1963 3934 natura
1997 3894 2125 3949 pro-

541 3968 688 4035 tulit,
745 3983 857 4038 quo
908 3969 984 4023 illi
1047 3969 1169 4025 usui
1231 3969 1519 4036 suﬁleeret,
1581 3986 1705 4025 eum
1757 3969 1914 4025 nobis
1961 3971 2124 4026 breve

539 4058 759 4130 aliquod
772 4075 974 4131 corpus
986 4060 1104 4118 visu
1125 4063 1438 4118 accuratius
1451 4063 1851 4133 deprehendere
1866 4078 2006 4134 opus
2017 4072 2120 4119 cst.

611 4150 778 4207 Visus
803 4165 886 4209 est
929 4154 1072 4210 actio
1103 4171 1226 4226 quae
1255 4155 1537 4211 oculorum
1579 4155 1763 4212 ofﬁcio
1796 4155 1887 4222 ﬁt,
1922 4157 2123 4226 quibus

539 4245 769 4315 spiritus
804 4248 1023 4304 subtilis
1076 4249 1369 4305 admodum
1411 4249 1819 4315 commiseetur,
1851 4265 2123 4321 quorum-

538 4352 646 4406 que
684 4338 903 4407 pupillis
960 4340 1181 4406 insidet,
1224 4356 1320 4411 per
1367 4356 1527 4411 quem
1572 4358 1659 4398 res
1689 4340 1907 4397 eminus
1954 4341 2119 4396 etiam

536 4430 735 4498 positae
765 4430 1246 4501 deprehenduntur
1285 4432 1429 4504 :nisi
1463 4432 1609 4488 enim
1647 4434 1701 4486 in
1729 4432 1901 4486 oculis
1936 4431 2120 4484 lumen

537 4520 845 4587 exsisteret,
871 4522 1054 4577 lumen
1080 4523 1227 4593 quod
1251 4532 1405 4578 extra
1433 4533 1516 4579 est
1534 4524 1685 4579 cerni
1708 4538 1740 4577 a
1763 4521 1922 4576 nobis
1948 4520 2122 4575 haud-

537 4624 810 4679 quaquam
869 4622 1071 4681 posset.
1105 4614 1293 4682 lpsum
1325 4616 1471 4668 enim
1502 4614 1647 4669 visui
1684 4613 1766 4667 uti
1802 4612 1979 4668 solare
2011 4612 2115 4668 hoc

538 4702 723 4757 lumen
781 4706 1210 4775 comprehendat
1246 4706 1560 4762 facultatem
1602 4706 1865 4775 largitur,
1897 4713 1951 4760 ct
2001 4706 2116 4776 pri-

538 4808 690 4848 mum
725 4808 756 4848 a
805 4795 926 4851 visu
966 4795 1088 4866 ipso
1127 4796 1391 4861 cernitur,
1433 4796 1684 4863 aerisque
1722 4795 1903 4850 lumen
1953 4796 2116 4852 rebus

539 4883 852 4940 visibilibus
880 4884 1279 4942 circumfusum
1342 4887 1532 4942 oculos
1598 4887 1663 4942 ad
1721 4896 1936 4942 sensata
1999 4888 2115 4957 ipsa

537 4972 990 5041 deprehendenda
1028 4975 1279 5030 suscitat.
1328 4974 1468 5030 Illud
1516 4986 1693 5032 autem
1722 4977 1866 5047 quod
1896 4976 2009 5040 dat,
2055 4985 2116 5031 ut

538 5060 848 5134 Theologus
876 5066 1131 5135 asseruit,
1164 5065 1383 5137 accipit.

605 5145 769 5203 Plura
826 5151 1095 5220 siquidem
1181 5153 1490 5225 philosophi
1559 5156 1627 5214 de
1689 5158 1843 5214 visus
1900 5159 2116 5213 actione

538 5247 850 5295 scrutantes
899 5241 953 5294 in
1007 5243 1247 5303 medium
1278 5247 1596 5307 attulerunt.
1629 5248 1733 5317 Qui
1771 5260 1951 5306 autem
1990 5251 2119 5321 Epi-

2150 4570 2198 4631 υ

2226 3330 2357 3401 μὺν,
2414 3331 2524 3385 ἀπὸ
2549 3331 2646 3385 τοῦ
2694 3333 2933 3403 μεγάλου
2976 3333 3178 3388 κανθοῦ
3218 3336 3534 3406 ἀρχόμενοι,
3579 3340 3677 3393 καὶ
3724 3340 3805 3403 είς

2221 3419 2313 3474 τὸν
2367 3421 2565 3493 μικρδν
2606 3422 2993 3488 τελευτῶντες.
3035 3424 3100 3477 Oi
3137 3423 3194 3478 at
3238 3425 3507 3494 τέσσαρες
3558 3427 3795 3481 κινοῦσιν

2221 3513 2384 3567 αὐτὸν
2419 3517 2541 3568 κατ’
2573 3514 2791 3569 εὐθεῖαν
2810 3531 2827 3548 ⁶
2855 3517 2884 3569 ὀ
2917 3516 3017 3585 μὲν
3052 3510 3133 3580 εἷς
3160 3518 3482 3583 ἀνατείνων,
3512 3519 3541 3572 ὀ
3564 3520 3621 3573 δὲ
3646 3520 3789 3582 ἄλλος

2222 3605 2523 3658 κατασπῶν
2547 3623 2562 3638 θ
2614 3606 2776 3670 ἄλλος
2819 3606 3067 3672 ἐπιδέξια
3110 3608 3305 3672 κινῶν,
3358 3610 3453 3663 καὶ
3507 3610 3666 3673 ἄλλος
3711 3609 3794 3663 ἐπ’

2223 3695 2512 3768 ἀριστερά.
2549 3698 2709 3751 Ἐστι
2757 3697 2815 3751 δέ
2844 3714 2930 3762 τις
2979 3699 3076 3752 καὶ
3122 3698 3312 3771 ἔτερος
3361 3699 3615 3770 ἕϐδομος,
3657 3701 3801 3764 ὅστις

2222 3785 2387 3838 αὑτὸν
2427 3785 2677 3857 στηρίξει
2726 3787 2821 3841 τὸν
2873 3788 3177 3859 ὀφθαλμὸν,
3224 3790 3397 3843 sueti)"
3448 3791 3515 3844 ἂν
3560 3790 3806 3861 ἀκριϐῶς

2225 3873 2446 3944 βλέπειν
2482 3892 2535 3928 τι
2585 3876 2746 3946 σῶμα
2795 3879 2995 3947 μικρὸν
3021 3880 3069 3912 ⁸⁸
3113 3879 3403 3951 δεηθῶμεν
3459 3882 3542 3945 είς
3584 3882 3799 3950 ὅρασιν.

2296 3965 2463 4037 Ὄρος
2484 3966 2539 4018 δὲ
2572 3967 2817 4039 ὁράσεως
2844 3962 3023 4032 οὗτος.
3055 3969 3291 4040 Ὀρασίς
3322 3972 3472 4025 ἐστιν
3505 3973 3538 4043 ἡ
3580 3972 3670 4025 διὰ
3692 3972 3807 4026 τῶν

2221 4054 2519 4125 ὀφθαλμῶν
2564 4056 2827 4127 γινομένη
2853 4057 3109 4129 ἐνέργεια
3126 4059 3196 4117 ⁸⁵.
3225 4058 3334 4112 Τοῦ
3360 4058 3471 4130 γὰρ
3493 4076 3806 4132 συγκεκρα-

2225 4148 2390 4219 μένου
2418 4147 2476 4200 ὲν
2505 4148 2691 4211 αὐτοῖς
2725 4147 3038 4219 πνεύματος
3061 4150 3262 4204 λεπτοῦ
3289 4151 3530 4222 μάλιστα
3558 4151 3711 4215 ὄντος
3732 4154 3803 4218 ⁸⁸,

2223 4240 2318 4292 καὶ
2350 4241 2471 4302 ταῖς
2498 4240 2691 4309 κόραις
2716 4240 2925 4303 τούτων
2944 4242 3348 4314 ἐνυπάρχοντος
3371 4243 3440 4309 ³⁸,
3464 4243 3532 4297 δι’
3553 4243 3723 4297 αὐτοῦ
3756 4244 3805 4277 ’⁷

2221 4331 2280 4384 αί
2326 4333 2584 4403 ὀρατικαὶ
2640 4332 2960 4405 ἀντιλήψεις
3023 4337 3120 4397 καὶ
3194 4334 3483 4407 πόρρωθεν
3535 4336 3803 4404 γίνονται.

2223 4424 2288 4476 El
2316 4422 2393 4495 μὴ
2421 4425 2531 4495 γὰρ
2560 4426 2618 4479 ἐν
2648 4425 2948 4496 ὀφθαλμοῖς
2977 4424 3094 4494 φῶς
3122 4428 3292 4491 ἐστιν,
3325 4427 3428 4481 οὐκ
3466 4427 3533 4482 ἂν
3573 4426 3799 4498 ὀραθείη

2221 4513 2285 4567 τὸ
2353 4513 2557 4582 ἔξωθεν
2603 4517 2753 4585 φῶς’
2822 4516 2945 4586 ὄψει
2996 4516 3105 4588 γάρ
3157 4519 3388 4588 παρέχει
3438 4520 3574 4590 όρᾷν
3638 4519 3804 4573 τοῦτο

2223 4606 2285 4660 τὸ
2314 4605 2545 4678 ἡλιακὸν
2602 4607 2740 4676 φῶς.
2799 4610 2911 4663 Καὶ
2967 4611 3187 4681 πρῶτον
3240 4611 3439 4682 ὁρᾶται
3499 4611 3653 4682 παρά
3699 4612 3803 4681 τῆς

2223 4695 2401 4765 ὅψεως
2428 4712 2442 4727 '
2470 4697 2562 4750 ml.
2611 4700 2726 4760 τοῖς
2757 4699 2978 4770 ὁρατοῖς
3008 4701 3304 4772 περιρρέον
3343 4702 3405 4754 τὸ
3437 4702 3625 4773 ἀέριον
3660 4701 3802 4771 φῶς,

2222 4789 2541 4859 παρρησίαν
2572 4792 2684 4853 τοῖς
2716 4790 2935 4863 ὀμμασι
2984 4793 3274 4865 χαρίζεται
3330 4796 3411 4857 είς
3445 4795 3546 4864 τὴν
3572 4794 3683 4849 τῶν
3713 4797 3800 4848 αίο

2222 4879 2436 4951 σθητῶν
2484 4881 2848 4954 κατανόησινν
2890 4903 2909 4935 ι
2944 4885 3236 4956 Λαμϐἀνει
3283 4888 3393 4959 γὰρ
3441 4888 3470 4941 δ
3515 4888 3699 4942 δίδωσι
3727 4927 3743 4951 ,
3777 4907 3799 4942 ι

2220 4973 2365 5026 κατά
2391 4973 2488 5044 τὴν
2511 4973 2607 5027 τοῦ
2638 4974 2910 5044 Θεολόγου
2942 4978 3151 5049 φωνήν.

2292 5152 2471 5207 Πολλὰ
2493 5153 2549 5206 δὲ
2576 5155 2629 5206 oi
2655 5153 2937 5223 φιλόσοφοι
2961 5157 3093 5226 περὶ
3136 5157 3237 5227 τῆς
3276 5157 3561 5229 ἐνεργείας
3588 5159 3803 5232 ταύτης

2221 5245 2574 5317 διενέχθησαν
2601 5263 2615 5276 ·
2647 5249 2698 5299 oi
2731 5249 2830 5316 μὲν
2880 5247 3270 5321 Ἐπικούρειοι,
3304 5249 3502 5303 εἴδωλα
3528 5250 3637 5303 τῶν
3669 5268 3803 5320 φαι-

537 5330 657 5384 curi
710 5332 1036 5388 sententiam
1083 5346 1213 5392 sunt
1268 5341 1461 5406 secuti,
1496 5342 1641 5397 idola
1687 5343 1860 5398 oculis
1917 5343 2119 5398 nostris

2225 5337 2460 5406 νομένων
2500 5338 2870 5408 προσπίπτειν
2898 5341 3009 5401 τοῖς
3040 5338 3344 5408 ὀφθαλμοῖς
3396 5340 3643 5408 λέγουσι,
3697 5343 3800 5399 καὶ

539 5432 729 5474 earum
805 5435 924 5489 qua:
978 5437 1241 5494 apparent
1301 5444 1483 5485 rerum
1540 5431 1655 5502 68
1712 5431 1899 5500 objici,
1953 5431 2115 5501 idque

2221 5431 2318 5500 τὴν
2364 5430 2553 5494 ὅρασιν
2613 5433 2808 5485 ποιεῖν.
2882 5430 3263 5503 Ἀριστοτέλης
3305 5432 3364 5487 δὲ
3412 5432 3514 5489 οὐκ
3566 5432 3801 5488 εἴδωλον

537 5530 658 5633 "2:
680 5536 1150 5633 ’ξςλξῆ-νηξρξσξινῇ
1180 5560 1312 5625 τξαρ.
1356 5546 1457 5633 Β.Α
1492 5547 1537 5579 ⁸⁵
1568 5546 1750 5633 παρὰ.
1770 5548 1873 5633 τοῦ.
1897 5548 2447 5633 ἀριοτοὶέχνουρεοῆ
2476 5546 2537 5602 Ρ.
2612 5547 2659 5580 ⁸⁸
2687 5549 2993 5633 siluit}?
3033 5567 3095 5633 γε
3157 5549 3263 5633 μὴν
3316 5553 3426 5604 τῶν
3476 5550 3796 5633 όερθαλμων.

697 5602 944 5695 perstitit
970 5602 1274 5695 ὀφθαλμῶν
1294 5602 1885 5695 πεπόληνταιᾲπρὸςρτᾲ
1907 5602 2056 5695 ille;
2085 5619 2125 5669 Β
2286 5618 2693 5695 "tantum:
2846 5602 2905 5651 7”
2929 5602 2979 5695 oi
3001 5602 3097 5695 καί

692 5674 1367 5772 ξγθρώπξ)ν’διασ.,τρὺς
1405 5674 1588 5772 [diem
1848 5674 2280 5772 ὲνρῒςλςπερΒ.⁸
2345 5674 2547 5772 "Erebi;
2576 5689 2640 5742 A.
2717 5688 2762 5721 "'
2798 5674 3193 5772 λινοφθάλμουξ
3368 5674 3418 5725 7'3
3444 5674 3799 5772 ςμικρδν’

1061 5753 1168 5805 τῶν
1194 5754 1317 5821 όφθ.
1349 5753 1426 5808 ἐν’.
1459 5756 1520 5808 Β.

541 5809 778 5881 μάλιστα
810 5809 869 5872 ὃν
900 5820 940 5875 C
972 5819 1030 5874 Ρ.
1108 5823 1153 5854 νθ
1183 5809 1487 5896 ἐντυπὰρχον
1508 5827 1572 5885 Α.
1607 5809 2015 5897 ὑπάρχον

1630 5758 1676 5789 ³⁵
1700 5756 2021 5832 Δμόιλισίξόιχσιι
2059 5756 2226 5832 ὄντος
2251 5760 2317 5832 Α,
2349 5757 2443 5832 καὶ
2466 5756 2529 5832 τὸ
2557 5756 3004 5832 συγκεκραμένον
3037 5756 3096 5817 ἔν
3125 5763 3311 5827 αὐτοῖς
3336 5756 3557 5832 πνεῦμα

2090 5831 2134 5862 ³η
2161 5830 2229 5883 δι’
2259 5828 2438 5882 αὐτῶν
2465 5827 2526 5894 Α,
2555 5822 2708 5881 δι”οὗ
2740 5822 2779 5885 (Σ
2808 5822 2873 5885 Ιί.

3656 5764 3801 5819 πτὸν
