4138 6494
372 483 517 544 ΗΠ

1628 483 1718 540 DE
1757 482 2054 541 NATURA
2088 477 2400 538 llOMlNIS.

3534 485 3675 547 H73

371 600 713 674 σωματικὸν,
742 597 882 655 ἀλλὰ
903 598 1172 671 ποιότητα
1192 598 1267 653 δι’
1298 597 1648 663 ἀλλοιώσεως
1674 598 1772 654 τοῦ
1804 595 1952 669 πέριξ

2070 595 2226 650 visus
2268 592 2726 651 constitutionem
2786 607 2910 652 esse
2962 600 3297 652 statuerunt.
3349 594 3677 657 Aristoteles

367 694 554 767 ἀέρος,
608 692 719 747 ἀπὸ
743 692 856 747 τῶν
885 692 1103 765 ὁρατῶν
1139 691 1273 765 άχρι
1317 694 1419 764 τῆς
1442 690 1622 761 ὅψεως
1656 690 1967 762 παραγίνε-

368 785 520 842 σθαι.
578 787 807 842 Πλάτων
832 786 894 841 δέ
924 783 1237 857 συμφώνως
1262 783 1341 857 τῷ
1369 783 1600 856 Γαληνῷ
1652 784 1748 837 τὸν
1797 780 1966 854 πέριξ

362 876 507 949 ἀέρα
531 877 684 947 λέγει
705 878 752 912 ⁸⁸
809 877 1044 949 ὄργανον
1078 876 1331 947 γίνεσθαι
1371 875 1451 948 τῷ
1480 874 1748 946 ὀφθαλμῷ
1777 889 1792 906 ο
1830 873 1961 927 καθ’

371 971 433 1026 ὃν
458 971 678 1043 ὁρῶμεν
731 972 925 1045 χρόνον
966 970 1234 1038 τοιοῦτον,
1279 964 1393 1025 οἷόν
1424 986 1534 1041 περ
1564 967 1859 1039 ἐγκεφάλῳ
1902 967 1965 1022 τὸ

365 1063 563 1137 νεῦρον
580 1067 647 1121 ⁸⁸.

437 1324 513 1379 Ἦ
530 1340 591 1379 τε
622 1322 735 1397 γὰρ
766 1323 911 1395 αύγὴ
936 1324 1033 1379 τοῦ
1065 1324 1220 1395 ἡλίου
1250 1321 1506 1395 ψαύουσα
1526 1323 1622 1379 τοῦ
1645 1323 1759 1380 άνω
1791 1324 1966 1396 πέρα-

361 1434 459 1483 τος
494 1416 593 1471 τοῦ
621 1417 806 1489 ἀέρος,
840 1417 1154 1472 διαδίδωσιν
1200 1419 1283 1482 είς
1314 1417 1436 1472 ὅλον
1465 1418 1567 1488 τὴν
1600 1417 1839 1489 δύναμιν
1860 1416 1959 1471 τοῦ

369 1510 552 1582 φωτός
575 1526 591 1541 ·
622 1510 723 1581 ἦτε
750 1508 843 1565 διά
879 1510 990 1563 τῶν
1012 1510 1260 1564 ὀπτικῶν
1300 1509 1515 1582 νεύρων
1537 1510 1685 1581 αύγὴ
1713 1511 1957 1582 φερομέ-

362 1621 453 1677 νη,
485 1602 585 1675 τὴν
617 1603 718 1675 μὲν
750 1603 943 1657 οὐσίαν
991 1603 1108 1675 ἔχει
1146 1601 1552 1675 πνευματικὴν,
1602 1602 1960 1673 ἐμπίπτουσα

361 1696 419 1750 δὲ
453 1696 533 1768 τῷ
564 1695 901 1769 περιέχοντι,
936 1698 1036 1751 καὶ
1081 1699 1149 1767 τῇ
1180 1694 1376 1769 πρώτῃ
1424 1694 1704 1769 προσϐολῇ
1738 1694 1837 1766 τὴν
1864 1695 1960 1749 ἀλ-

2069 701 2202 744 vero
2254 703 2367 744 non
2422 686 2568 744 idola
2627 686 2747 758 ipsa
2806 700 3091 756 corporea,
3139 689 3233 744 sed
3274 688 3505 746 resoluti
3526 694 3676 748 aeris

2069 779 2167 850 qui
2221 794 2326 836 nos
2370 778 2546 835 ambit
2597 779 2942 851 qualitatem,
3003 795 3127 851 quae
3172 796 3204 836 a
3266 781 3433 838 rebus
3477 782 3672 839 visibi-

2069 871 2215 927 libus
2269 871 2339 926 ad
2401 871 2581 926 visum
2642 886 2819 942 usque
2870 872 3105 939 accedit,
3149 873 3329 928 visum
3387 889 3511 930 esse
3557 875 3676 945 opi-

2067 974 2234 1018 natus
2279 970 2383 1018 est.
2439 961 2635 1031 Plato,
2693 960 2852 1031 cujus
2911 964 3241 1018 sententiam
3292 961 3534 1021 Galenus
3586 980 3675 1021 sea

2068 1064 2231 1110 cutus
2243 1055 2502 1121 est,hunc
2518 1055 2611 1125 qui
2642 1070 2745 1111 nos
2776 1069 2957 1111 aerem
2983 1056 3177 1122 ambit,
3200 1070 3266 1110 eo
3291 1065 3536 1127 tempore
3556 1073 3670 1128 quo

2067 1146 2369 1211 cernimus,
2419 1145 2847 1201 instrumentum
2880 1145 3166 1199 oculorum
3199 1145 3668 1216 quemadmodum

2065 1245 2122 1291 et
2157 1235 2364 1291 cerebri
2403 1251 2632 1291 nervum
2679 1249 2802 1290 esse
2840 1234 3196 1290 existimavit.

2136 1327 2281 1385 Solis
2315 1343 2553 1400 namque
2604 1327 2882 1399 Splendor,
2938 1327 3138 1399 inquit,
3201 1326 3470 1396 superiori
3522 1326 3667 1383 aeris

2063 1422 2304 1477 termino
2380 1421 2676 1488 adhibitus,
2750 1420 2977 1476 luminis
3060 1420 3170 1474 vim
3237 1421 3290 1473 in
3344 1418 3665 1473 universum

2063 1515 2368 1581 distribuit,
2426 1516 2774 1587 partiturque
2820 1533 2832 1571 :
2888 1515 2980 1586 qui
3034 1513 3311 1584 spirituali
3354 1512 3666 1569 substantia

2061 1606 2352 1678 prazditus,
2387 1621 2485 1677 per
2529 1621 2728 1663 nervos
2787 1605 2881 1677 qui
2932 1604 3075 1660 visui
3134 1604 3445 1659 inserviunt
3498 1618 3667 1675 pene-

2064 1708 2191 1756 trat.
2245 1698 2385 1756 Cum
2438 1712 2575 1755 vero
2630 1698 2686 1753 in
2754 1698 3087 1753 ambientem
3146 1710 3273 1751 aera
3346 1694 3558 1761 incidit,
3610 1702 3667 1750 et

361 1789 582 1843 λοίωσιν
642 1788 1015 1862 ἐργαζομένη,
1093 1789 1402 1844 διαδίδωσιν
1479 1788 1611 1861 άχρι
1696 1789 1952 1843 πλείστου

2060 1791 2243 1862 primo
2296 1790 2504 1859 impetu
2559 1789 2615 1843 in
2650 1789 2744 1844 illo
2794 1788 2882 1844 cui
2942 1787 3234 1843 adhibetur
3285 1785 3666 1841 alterationem

363 1880 671 1949 συνέχουσα
702 1878 927 1949 ἑαυτὴν,
961 1878 1125 1951 ἄχρις
1176 1879 1245 1934 ἂν
1279 1881 1363 1945 είς
1404 1880 1705 1936 ἀντίτυπον
1732 1882 1952 1953 ἐμπέσῃ

2058 1890 2246 1957 efﬁcit,
2275 1890 2613 1946 tantumdem
2654 1890 2918 1961 temporis
2947 1904 3069 1945 sese
3113 1888 3408 1944 continens
3462 1885 3667 1942 diﬂ‘un-

363 1971 550 2043 σῶμα.
600 1971 737 2044 Ὁρᾷ
764 1972 823 2026 δὲ
849 1975 883 2044 ἡ
933 1972 1060 2044 ὄψις
1101 1975 1227 2028 κατ’
1268 1974 1491 2040 εὐθείας
1529 1976 1823 2048 γραμμὰς,
1857 1978 1952 2031 καὶ

2061 1983 2234 2048 ditur,
2274 1983 2457 2053 quoad
2502 1982 2558 2037 in
2597 1997 2801 2052 corpus
2858 1996 2887 2036 a
2926 1996 3036 2050 quo
3080 1978 3482 2049 repercutiatur
3526 1976 3668 2034 inci-

358 2064 469 2120 τῶν
508 2065 789 2134 διαφανῶν
821 2066 983 2137 μέχρι
1042 2066 1246 2138 βάθους
1296 2067 1626 2123 διικνεῖσθαι
1661 2070 1910 2140 πέφυκεν
1939 2090 1955 2104 ο

357 2156 524 2230 ἀέρος
556 2157 655 2229 μὲν
685 2159 921 2231 πρώτως
952 2161 1049 2214 καὶ
1081 2160 1347 2231 μάλιστα,
1380 2162 1501 2216 ὅλον
1537 2163 1649 2234 γὰρ
1678 2163 1956 2235 διεξέρχε-

356 2270 449 2307 ται
474 2269 489 2285 ο
530 2252 788 2325 δεύτερον
821 2252 879 2307 δέ
918 2254 1114 2318 ’ὕδατος
1160 2254 1510 2326 ἠρεμοῦντος
1532 2257 1631 2311 καὶ
1657 2256 1907 2331 καθαροῦ
1932 2273 1949 2289 ο

357 2338 525 2417 ἦττον
554 2345 613 2399 δὲ
636 2344 708 2399 δι’
752 2344 911 2399 ὑέλου
940 2347 1038 2399 καὶ
1068 2345 1179 2399 τῶν
1209 2344 1390 2400 ἀλλων
1430 2345 1542 2401 τῶν
1597 2347 1956 2418 πεφωτισμέ-

356 2448 505 2491 νωνο
538 2437 651 2492 ῐδια
695 2437 807 2509 γὰρ
866 2437 1044 2492 ταῦτα
1081 2438 1184 2509 τῆς
1230 2437 1429 2509 ὅψεως.
1487 2438 1718 2512 Ὁμοίως
1771 2440 1958 2495 καὶτὸ

354 2528 557 2602 χρῶμα
586 2530 723 2584 ἴδιον
755 2530 856 2601 τῆς
886 2531 1199 2601 αἰσθήσεως
1220 2545 1233 2559 ⁸
1273 2527 1389 2584 οἷον
1425 2530 1490 2584 τδ
1524 2532 1689 2601 φαιὸν
1746 2531 1779 2602 ἢ
1823 2533 1955 2603 ἐρυ-

355 2620 518 2693 θρόν⁶
552 2622 871 2676 αἰσθάνεται
902 2623 1014 2693 γὰρ
1065 2621 1213 2676 κατά
1249 2621 1352 2693 μὲν
1389 2623 1615 2695 πρῶτον
1647 2623 1812 2690 λόγον
1844 2624 1955 2679 τῶν

354 2715 690 2786 χρωμάτων,
730 2713 1190 2783 συνδιαγινὼσκει
1217 2714 1275 2769 δὲ
1316 2715 1506 2780 αὐτοῖς
1539 2716 1635 2770 καὶ
1657 2716 1720 2770 τὸ
1743 2734 1956 2789 κεχρω-

356 2808 591 2878 σμένον²
626 2807 811 2878 σῶμα.
847 2807 946 2862 καὶ
972 2809 1037 2861 τὸ
1067 2806 1304 2878 μέγεθος
1334 2808 1432 2862 καὶ
1461 2808 1524 2861 τὸ
1548 2810 1736 2881 σχῆμα
1757 2810 1951 2874 αὐτοῦ,

354 2899 452 2952 καὶ
472 2897 574 2971 τὴν
607 2898 797 2972 χώραν
822 2898 953 2953 ἔνθα
982 2900 1121 2966 ἐστὶ,
1162 2900 1263 2954 καὶ
1299 2899 1362 2955 τὸ
1399 2901 1706 2975 διάστημα,
1739 2905 1952 2958 καὶτὸν

355 2992 611 3065 ἀριθμὸν,
645 2993 868 3065 κίνησιν
891 2996 937 3057 ⁸,
969 2992 1069 3047 καὶ
1099 2992 1296 3048 στάσιν
1323 3010 1336 3024 ·
1383 2996 1481 3049 κα)⁵
1511 2995 1574 3049 τὸ
1598 2998 1778 3068 τραχὺ
1811 3000 1833 3030 ³
1857 2998 1954 3051 καὶ

353 3083 518 3152 λεῖον,
548 3084 647 3139 καὶ
676 3086 736 3139 τὺ
764 3084 969 3156 ὁμαλὸν
1008 3085 1105 3142 καὶ
1148 3084 1211 3139 τδ
1248 3084 1545 3159 ἀνώμαλον
1563 3087 1606 3152 ⁸,
1653 3088 1748 3142 καί⁵
1777 3088 1840 3143 τὸ
1859 3089 1954 3156 ὀξὺ

353 3178 447 3233 καὶ
480 3179 502 3212 ⁸
542 3177 764 3251 ἀμϐλύ·
806 3179 906 3233 καὶ
951 3178 1055 3252 τὴν
1112 3179 1329 3244 στάσιν,
1376 3181 1489 3234 εἴτε
1534 3180 1813 3247 ὑδατῶδες
1839 3183 1882 3247 ⁸,
1918 3183 1952 3254 ἢ

2060 2077 2220 2132 derit.
2285 2075 2450 2133 Visus
2498 2085 2682 2131 autem
2732 2091 2827 2148 per
2875 2082 3057 2131 rectas
3114 2073 3290 2128 lineas
3337 2071 3534 2139 cernit,
3568 2069 3665 2129 sed

2063 2177 2120 2225 et
2170 2183 2234 2223 ea
2287 2183 2410 2238 quae
2454 2168 2795 2223 translucent
2845 2181 3079 2238 corpora
3131 2163 3200 2219 ad
3258 2163 3429 2218 imum
3484 2175 3708 2233 usque‘

2062 2260 2385 2333 pcnetrandi
2415 2258 2676 2315 facultate
2709 2259 2973 2331 praeditus
3009 2266 3127 2324 est;
3158 2265 3214 2311 et
3237 2256 3475 2326 primum
3513 2269 3662 2325 prae-

2060 2354 2333 2425 cipueque
2358 2368 2458 2424 per
2511 2362 2686 2408 totum
2742 2368 2871 2407 aera
2908 2352 3061 2406 nullo
3089 2350 3488 2420 impedimento
3525 2347 3661 2405 ferri

2060 2456 2256 2518 suapte
2285 2454 2481 2503 natura
2535 2446 2768 2503 idoneus
2818 2445 3067 2500 habetur.
3143 2442 3318 2498 Paulo
3369 2442 3555 2498 minus
3605 2442 3662 2497 in

2062 2553 2203 2611 aqua
2248 2554 2392 2609 pura
2426 2538 2834 2609 tranquillaque
2871 2538 3013 2592 idem
3042 2535 3231 2592 efficit.
3261 2534 3368 2591 Sed
3402 2550 3512 2590 non
3537 2542 3662 2589 tan-

2064 2633 2310 2688 tumdem
2340 2631 2395 2686 in
2422 2632 2589 2699 vitro,
2612 2640 2664 2686 et
2692 2631 2817 2687 aliis
2840 2646 2963 2703 quae
2993 2628 3296 2686 sublustria
3319 2636 3450 2683 sunt
3466 2640 3662 2698 corpo-

2058 2725 2212 2780 ribus
2241 2724 2403 2780 valet.
2440 2723 2568 2780 Haec
2620 2732 2774 2787 sunt,
2797 2737 2920 2793 qua:
2941 2721 3204 2793 peculiari
3228 2720 3354 2792 jure
3372 2719 3527 2776 visus
3553 2719 3662 2775 sibi

2058 2829 2323 2889 perpetuo
2386 2817 2651 2874 vindicat.
2711 2814 2915 2871 Eodem
2980 2824 3163 2885 pacto,
3222 2822 3277 2869 et
3309 2813 3551 2878 colores,
3600 2821 3663 2868 ut

2063 2909 2243 2964 fulvus
2293 2909 2614 2980 rubensque
2672 2921 2871 2965 sensus
2932 2905 3156 2977 propria
3208 2911 3377 2972 sunt,
3443 2903 3663 2959 colores

2058 3001 2205 3057 enim
2232 3001 2494 3071 primaria
2512 3000 2597 3056 sui
2625 3000 2835 3055 ratione
2857 2999 3008 3053 visus
3030 2994 3412 3077 deprehendit,
3438 2994 3658 3062 deinde,

2058 3103 2114 3150 et
2165 3095 2352 3150 colore
2381 3093 2647 3149 infectum
2687 3108 2893 3163 corpus
2913 3133 2928 3159 ,
2960 3090 3196 3162 ejusque
3224 3088 3661 3161 magnitudinem

2060 3184 2423 3257 figuramque,
2461 3199 2527 3239 ac
2557 3183 2738 3238 locum
2773 3198 2883 3253 quo
2913 3181 3420 3254 comprehenditur.
3464 3177 3664 3235 simul-

353 3270 563 3341 γεῶδές
581 3274 711 3327 ’ἐστι
732 3286 744 3303 ·
783 3271 875 3327 διά
916 3273 1090 3346 μόνης
1115 3272 1229 3344 γὰρ
1255 3272 1359 3344 τῆς
1387 3273 1565 3345 ὄψεως
1594 3272 1706 3327 τῶν
1728 3275 1952 3346 χρωμά-

2060 3293 2169 3348 que
2199 3278 2470 3346 quantum
2494 3276 2677 3331 distet.
2720 3274 3014 3338 Praeterea,
3045 3288 3337 3328 numerum
3367 3282 3422 3327 et
3448 3282 3659 3326 motum

349 3381 464 3420 των
490 3364 1037 3436 ἀντιλαμϐανόμεθα.
1072 3365 1160 3419 Ta
1202 3365 1259 3418 δὲ
1282 3364 1448 3419 λοιπὰ
1476 3365 1634 3419 κοινά
1672 3364 1778 3434 τῆς
1807 3365 1952 3435 ἁφῆς

2061 3383 2127 3424 ac
2150 3368 2425 3439 quietem,
2484 3382 2722 3437 cumque
2771 3366 2857 3422 his
2881 3366 3030 3437 quod
3070 3381 3327 3436 asperum
3358 3380 3424 3419 ac
3465 3364 3584 3421 leve
3605 3369 3663 3418 et

351 3456 449 3511 καὶ
478 3457 581 3528 τῆς
610 3455 812 3525 ὅψεως.
849 3455 1042 3525 ῶσπερ
1080 3455 1176 3508 καὶ
1209 3456 1304 3507 ἐπὶ
1328 3453 1427 3507 τοῦ
1463 3456 1639 3526 πυρός
1662 3470 1677 3485 ⁸
1713 3455 1811 3507 καὶ
1843 3456 1955 3525 γὰρ

351 3548 414 3603 τδ
440 3547 553 3619 πῦρ
599 3546 843 3617 ὁρῶντες
882 3546 1047 3617 ἴσμεν
1080 3546 1163 3599 ὅτι
1208 3545 1417 3617 θερμόν
1459 3546 1613 3599 ἐστιν
1641 3562 1656 3575 ⁶
1704 3546 1823 3600 ἀλλ’
1856 3547 1953 3601 ἐὰν

350 3637 449 3690 ἐπὶ
477 3635 578 3707 τὴν
604 3634 831 3708 πρώτην
853 3636 979 3706 δψιν
1000 3635 1291 3707 ἀναγάγῃς
1311 3637 1332 3666 ’⁷
1363 3635 1455 3689 τὸν
1477 3635 1660 3705 λόγον,
1694 3638 1953 3710 εὑρήσεις

352 3729 451 3798 ῶς,
488 3729 613 3785 τότε
658 3728 748 3782 ὅτε
787 3729 822 3800 ἡ
855 3728 981 3800 δψις
1013 3726 1286 3783 ἐθεάσατο
1332 3727 1552 3803 τθιπῦρ,
1590 3728 1801 3800 μόνον’
1849 3730 1948 3785 τοῦ

352 3821 650 3895 χρώματος
706 3821 805 3876 καὶ
856 3822 1141 3893 σχήματος
1191 3820 1319 3892 ἔσχε
1348 3819 1451 3893 την
1488 3819 1695 3891 γνῶσιν
1724 3839 1738 3854 ·
1776 3839 1952 3896 προσ-

352 3914 622 3986 ελθούσης
646 3913 706 3968 δὲ
738 3917 839 3986 τῆς
866 3914 1035 3987 ἁφῆς,
1071 3913 1463 3987 ἐγνωρίσαμεν
1499 3914 1583 3969 ὅτι
1618 3913 1825 3986 θερμὶν
1855 3917 1952 3971 καὶ

353 4007 658 4062 καυστικδν
690 4008 939 4079 ὑπάρχει
970 4007 1033 4061 τὸ
1070 4006 1207 4079 πῦρ.
1246 4006 1388 4061 Ποτέ
1458 4007 1560 4079 μὲν
1597 4010 1631 4081 ἡ
1665 4008 1789 4080 δψις
1848 4010 1951 4081 τῆς

351 4098 762 4173 ἐπιμαρτυρίας
788 4099 987 4172 χρῄζει
1014 4100 1127 4156 τῶν
1153 4100 1334 4155 ἄλλων
1372 4099 1685 4173 αἰσθήσεων
1716 4103 1857 4174 πρὸς
1891 4103 1950 4157 τὸ

352 4193 429 4267 μὴ
461 4193 796 4264 σφάλλεσθαι
822 4208 837 4223 ·
877 4194 1012 4247 ποτὲ
1044 4193 1102 4248 δέ
1131 4192 1253 4247 καθ’
1295 4192 1499 4265 ἑαυτὴν
1526 4194 1776 4266 ἐναργῶς
1804 4212 1950 4267 παρ-

353 4284 534 4357 ίστησι
592 4285 654 4339 τὸ
692 4285 1021 4357 φαινόμενον
1053 4300 1067 4315 ·
1103 4286 1234 4340 ὅταν
1283 4283 1380 4338 οῦν
1429 4284 1522 4338 τὸν
1571 4285 1783 4356 πύργον
1806 4286 1827 4319 ⁹
1858 4286 1949 4341 τὸν

348 4381 697 4451 τετράγωνον
738 4379 1076 4450 στρογγύλον
1123 4379 1415 4452 πόρρωθεν
1446 4380 1569 4451 ὁρᾷ,
1598 4381 1694 4433 καὶ
1722 4378 1793 4433 τά
1832 4380 1951 4451 μεί-

350 4473 481 4537 ζονα
511 4473 622 4527 τῶν
677 4472 898 4544 ζώωνῆ
957 4472 1305 4544 κτισμάτων,
1350 4471 1547 4545 μικρὰ,
1617 4471 1943 4541 σφάλλεται.

360 4564 597 4636 Ὁμοίως
629 4564 726 4618 καὶ
752 4565 884 4619 ὅταν
906 4565 958 4597 ¹⁰
987 4564 1057 4619 δι’
1089 4563 1283 4629 ὓδατος
1306 4562 1635 4635 κινουμένου
1658 4564 1764 4636 ὁρᾷ
1790 4580 1806 4595 ·
1845 4564 1948 4635 τὴν

2058 3460 2310 3531 planum,
2346 3459 2728 3530 inaequaleque
2748 3467 2868 3527 est;
2906 3469 3022 3515 tum
3076 3459 3241 3513 etiam
3274 3467 3456 3521 acuta,
3493 3455 3661 3512 obtu-

2058 3566 2250 3624 saque,
2286 3560 2341 3607 et
2369 3567 2493 3622 quae
2545 3551 2771 3605 immota
2801 3551 3118 3607 consistunt
3154 3568 3169 3604 :
3226 3560 3280 3606 ct
3306 3559 3491 3604 utrum
3523 3548 3658 3619 quid

2058 3644 2126 3698 ad
2158 3658 2394 3715 aqueum
2451 3652 2506 3699 et
2545 3650 2784 3698 terreum
2821 3642 3081 3707 declinet,
3133 3641 3457 3713 dignoscere
3500 3638 3661 3695 facile

2054 3746 2260 3809 potest.
2289 3734 2361 3790 Ut
2420 3736 2567 3790 enim
2599 3752 2629 3789 a
2682 3734 2842 3789 nobis
2894 3735 3113 3789 colores
3150 3731 3656 3804 deprehendantur,

2055 3830 2206 3887 visus
2272 3837 2487 3885 tantum
2519 3844 2685 3884 causa
2717 3827 2981 3894 exsistit;
3016 3834 3077 3881 ut
3110 3840 3238 3880 vero
3284 3836 3504 3889 caetera,
3540 3832 3655 3879 tum

2055 3930 2257 3990 tactus,
2288 3930 2402 3977 tum
2427 3921 2580 3976 visus
2621 3928 2726 3983 est,
2758 3920 2905 3990 quod
2959 3917 3101 3991 ignis
3159 3916 3412 3988 exemplo
3438 3914 3657 3987 probari

2053 4022 2214 4080 facile
2224 4023 2567 4095 potest.Cum
2585 4022 2733 4079 enim
2754 4023 2933 4095 ignem
2952 4022 3191 4093 primum
3212 4020 3373 4077 nobis
3391 4020 3662 4090 inspicere

2051 4117 2343 4189 contingit,
2368 4119 2513 4188 quod
2530 4117 2742 4173 calidus
2765 4116 2836 4172 sit
2856 4116 3134 4173 novimus.
3152 4114 3661 4183 Verumenimvero,

2054 4211 2100 4267 si
2124 4210 2178 4266 id
2196 4210 2341 4281 quod
2374 4211 2610 4282 primum
2629 4208 2937 4279 inspexeris
2966 4208 3311 4269 consideres.
3355 4215 3483 4261 tunc
3509 4205 3658 4263 enim

2054 4301 2401 4359 manifestum
2423 4303 2528 4357 erit
2572 4302 2639 4359 de
2675 4301 2876 4358 coloris
2908 4297 3480 4369 tantummodoignis,
3515 4297 3655 4368 ligu-

2050 4407 2236 4462 rmque
2257 4382 2472 4448 ratione
2489 4391 2650 4445 nobis
2668 4390 2825 4461 plane
2852 4389 3202 4445 constitisse.
3227 4386 3285 4442 Si
3320 4402 3448 4443 vero
3482 4397 3538 4443 et
3571 4396 3659 4442 ta-

2051 4490 2201 4536 ctum
2234 4481 2673 4545 adhibuerimus,
2721 4480 2896 4545 illutn,
2926 4488 3040 4533 tum
3088 4478 3325 4532 calidum
3365 4476 3480 4549 69
3509 4491 3656 4543 esse,

2054 4581 2168 4628 tum
2215 4572 2575 4629 comburendi
2619 4571 2728 4626 vim
2762 4571 2966 4626 habere
3003 4569 3503 4641 deprehendemns.
3551 4567 3659 4624 Sed

348 4656 460 4729 γάρ
491 4654 688 4726 κώπην
736 4656 813 4722 ὥς
861 4656 1249 4728 κεκλασμένην
1295 4656 1486 4727 βλέπει
1528 4657 1588 4710 ἐν
1626 4657 1694 4726 τῇ
1742 4653 1947 4708 θαλάσ-

2057 4679 2453 4736 nonnunquam
2483 4664 2683 4720 accidit
2706 4663 2849 4718 visui
2889 4663 3015 4734 ipsi,
3052 4677 3164 4733 quo
3196 4662 3378 4716 minus
3417 4662 3657 4728 aberret,

349 4764 421 4824 σῃ
452 4751 517 4803 ’³.
578 4750 814 4820 Ὁμοίως
841 4750 899 4804 δὲ
928 4752 973 4782 ¹¹
1025 4750 1122 4806 καὶ
1154 4751 1288 4804 ὅταν
1330 4749 1422 4804 διά
1465 4765 1614 4813 τινος
1670 4748 1833 4820 ὕλης,
1866 4749 1944 4813 ὡς

347 4844 579 4898 ἐπὶτῶν
613 4843 923 4915 ἐσόπτρων,
960 4845 1060 4897 καὶ
1089 4843 1299 4917 ἐτέρων
1333 4842 1645 4914 διαφανῶν,
1687 4844 1783 4897 καὶ
1811 4843 1944 4895 ὅταν

345 4935 516 5004 ὀξέως
547 4938 769 5008 κινῆται
795 4936 859 4989 τὸ
900 4934 1205 5006 ὁρώμενον.
1265 4935 1648 5007 Συνταράσσει
1695 4935 1809 5007 γὰρ
1842 4935 1944 5004 τὴν

345 5027 470 5100 ϐψιν
499 5029 752 5102 ήταχεϊα
792 5029 1035 5100 κίνησις,
1083 5026 1161 5092 ὡς
1191 5027 1288 5081 ἐπὶ
1332 5026 1430 5081 τοῦ
1465 5028 1570 5099 τῆς
1606 5027 1944 5099 περιστερᾶς

345 5122 650 5195 τραχήλου.
723 5120 1023 5193 Τεσσάρων
1078 5119 1139 5174 δέ
1223 5119 1464 5190 μάλιστα
1532 5119 1673 5190 πρὸς
1734 5118 1943 5189 ἐναργῆ

345 5213 645 5284 διάγνωσιν
687 5215 722 5287 ἡ
758 5213 890 5286 hinc
940 5213 1138 5286 χρῄζει
1166 5229 1182 5244 ’
1228 5211 1511 5276 ἀϐλαϐοῦς
1537 5212 1938 5283 αἰσθητηρίου·

347 5306 674 5379 συμμέτρου
699 5308 974 5378 κινήσεως
996 5323 1011 5339 ο
1035 5307 1133 5362 καὶ
1159 5305 1536 5378 διαστήματος
1565 5304 1733 5375 ἀέρος
1762 5304 1941 5358 καθα-

348 5399 447 5473 ροῦ
476 5402 615 5457 ’καὶ
674 5399 936 5473 λαμπροῦ
992 5399 1195 5472 φωτός.
1250 5400 1369 5455 Καὶ
1394 5398 1464 5453 τά
1501 5398 1601 5470 μὲν
1646 5397 1778 5469 περὶ
1827 5396 1941 5451 τῶν

344 5490 648 5563 ὀφθαλμῶν
679 5492 823 5556 άλις.

2054 4756 2179 4811 aliis
2216 4756 2484 4812 sensoriis
2530 4772 2629 4811 ceu
2686 4755 2921 4811 testibus
2976 4754 3104 4809 uti:
3143 4754 3477 4825 quandoque
3526 4767 3661 4808 vero

2055 4864 2154 4918 per
2186 4862 2246 4901 se
2275 4848 2457 4917 ipsum
2488 4846 2641 4902 nullo
2678 4855 3007 4902 caelcrorum
3037 4845 3376 4899 adminiculo
3413 4860 3503 4899 res
3535 4858 3659 4914 qum

2053 4947 2320 5010 apparent
2360 4939 2772 4996 animadvertit.
2824 4938 3021 4994 Turris
3064 4936 3231 5007 igitur
3270 4936 3552 5006 quadrata:
3595 4935 3659 4988 ti-

2050 5045 2203 5103 guraa
2238 5030 2293 5084 in
2322 5030 2490 5100 paulo
2510 5030 2793 5086 remotiori
2821 5044 2855 5085 a
2882 5029 3002 5085 visu
3032 5043 3199 5097 quam
3232 5041 3330 5095 par
3355 5025 3427 5079 sit
3450 5025 3658 5079 distan-

2049 5124 2125 5179 tia
2183 5122 2362 5194 posita
2408 5123 2642 5179 rotunda
2696 5122 2955 5188 videtur,
3021 5118 3347 5190 maioraque
3394 5116 3655 5171 animalia

2044 5229 2112 5271 ac
2154 5215 2407 5286 cujusvis
2454 5215 2676 5286 generis
2730 5213 2990 5276 sdiﬂcia,
3064 5211 3322 5265 breviora
3372 5209 3512 5264 :sed
3546 5207 3656 5262 fal-

2045 5307 2177 5362 litur
2224 5308 2473 5379 quidem.
2536 5306 2726 5378 Atqui,
2762 5315 2815 5361 ct
2852 5307 2947 5361 illo
2997 5312 3243 5374 tempore
3295 5303 3450 5356 visus
3483 5300 3653 5359 etiam

2045 5399 2225 5470 decipi
2266 5400 2428 5465 solet,
2472 5414 2599 5455 cum
2661 5415 2848 5454 remus
2896 5413 2965 5453 ex
3014 5405 3171 5451 motu
3224 5394 3467 5465 aquaein
3511 5390 3654 5448 mari

2040 5489 2253 5549 fractus
2312 5493 2549 5549 videtur.
2594 5490 2680 5546 Ad
2722 5491 2860 5557 haec,
2907 5488 3147 5558 alicujus
3178 5486 3424 5541 materiae
3458 5500 3651 5565 causa,

345 5595 410 5642 ut
428 5599 497 5641 ex
518 5585 732 5657 speculi
766 5584 1224 5657 inspectiouibus,
1250 5598 1320 5641 ac
1353 5582 1478 5639 aliis
1534 5580 1828 5653 diapbanis
1884 5598 2009 5654 qua:
2044 5585 2300 5642 videlicet
2352 5587 2697 5642 translucent
2750 5584 3101 5656 corporibus,
3144 5582 3295 5640 visus
3350 5578 3649 5653 decipitur.

346 5679 507 5738 Tunc
542 5681 731 5747 etiam,
793 5680 1016 5751 quando
1038 5679 1097 5737 id
1125 5680 1275 5751 quod
1307 5679 1572 5746 cernitur,
1627 5679 1837 5750 pernici
1862 5696 1931 5736 ac
1966 5680 2229 5740 ocissime
2243 5692 2394 5743 motu
2411 5682 2617 5739 fertur:
2641 5681 2769 5739 talis
2816 5680 2965 5737 enim
3016 5675 3654 5747 motus,utincolumbte

415 5821 747 5907 ξ’λέγουσεν
766 5824 865 5907 Β.-
907 5824 1373 5907 ’ἧπαρζέγκεφκ
1398 5833 1458 5881 et
1494 5839 1621 5907 mex
1644 5825 1707 5907 τὲ
1730 5823 1953 5907 νεῦρον..
2013 5828 2031 5860 ί
2061 5828 2412 5907 κεχωσμένον
2577 5826 2875 5907 ξιείνησίν.
2908 5843 2969 5880 τε
3011 5825 3072 5907 ’Β
3105 5824 3148 5881 C
3351 5825 3372 5858 ³
3397 5821 3539 5907 ταχὺ
3584 5821 3647 5907 l3:

345 5894 673 5966 ’δάνόμαλον
704 5896 766 5950 Β.
845 5898 986 5952 ’καὶ
1035 5894 1097 5950 τὸ
1119 5894 1201 5954 Β.
1259 5894 1392 5950 ⁵ύὸ.
1447 5894 1612 5966 τυχὸν
1666 5896 1726 5949 Β.

352 5965 452 6022 καὶ
481 5965 613 6027 ὅταν
640 5966 682 6021 Β
721 5968 785 6024 Ρ.
870 5971 911 6003 ¹¹
940 5969 1039 6043 τῆς
1073 5966 1354 6039 θαλάσσης
1393 5967 1452 6022 Β.
1521 5965 1573 5999 ⁷¹²
1597 5966 1652 6019 δὲ
1682 5982 1791 6023 Olli.
1841 5966 1901 6022 ll.

1805 5897 1821 5926 ⁷
1845 5897 2070 5971 gyan:
2096 5898 2137 5952 Β
2154 5897 2223 5957 Ρ.

2323 5891 3321 5971 ⁸μόνουΒΡ.’⁹τὸνγοῦνπ.ΒΡ.
3397 5891 3648 5963 Non.“
3748 5956 3756 5974 ‘
