4138 6508
473 501 610 558 Ηῖθ
1763 484 2046 544 MELETII
2091 481 2400 540 M'ONACI—H
3606 471 3746 534 H80

472 620 762 674 velocitate
803 615 883 680 ﬁt,
922 614 1100 670 visum
1137 612 1431 683 perturbat.
1467 607 1649 676 Atqui,
1679 615 1736 660 ιιι
1758 607 1908 660 visus
1948 604 2062 674 ipse
2105 613 2228 657 actu
2269 617 2357 656 res
2381 598 2849 669 comprehendere
2870 604 3054 668 queat,
3087 605 3324 668 quatuor
3395 598 3746 667 potissimum

473 713 762 768 habentur.
801 708 1068 776 Primum,
1101 709 1176 762 uti
1230 706 1534 761 sensoriu'm
1574 703 1751 772 ipsum
1796 701 1866 756 ab
1901 699 2050 754 omni
2091 699 2210 752 labe
2277 698 2518 751 immune
2546 696 2647 760 sit;
2681 694 2880 748 dehinc
2906 694 3114 748 modice
3180 703 3511 764 temperatus
3541 703 3748 754 motus.

476 813 612 870 tum,
663 813 723 859 ut
771 805 874 859 loci
919 800 1262 868 intercapedo
1317 812 1420 850 non
1458 796 1776 858 immodica,
1843 803 1896 848 et
1957 807 2049 846 aer
2090 806 2262 860 purus
2335 790 2405 844 sit
2453 806 2466 841 :
2513 787 2700 842 adhaec
2734 797 2797 840 ut“
2822 787 3004 840 lumen
3047 786 3330 856 prmlustre
3395 787 3752 857 perspicuum

476 909 750 970 appareat.
784 897 849 950 Et
898 899 1010 950 haec
1050 893 1116 947 de
1156 891 1331 946 oculis
1363 888 1568 944 dixisse
1598 887 1860 944 sulllciat.

651 1015 782 1083 Cap.
807 1011 893 1065 IlI.
935 1038 985 1050 -
1016 1010 1089 1062 De
1115 1025 1243 1061 naso
1266 1018 1314 1061 et
1341 1008 1487 1060 naris
1514 1005 1872 1076 promuscide.

547 1193 715 1250 Nares
740 1192 939 1263 quibus
959 1190 1192 1246 olfactus
1219 1188 1381 1253 inest,
1413 1187 1520 1241 alio
1538 1183 1760 1241 nomine
1777 1181 1894 1238 nasi
1926 1195 2059 1252 pro--

481 1287 687 1343 muscis
737 1284 1101 1355 appellantur,
1132 1291 1187 1336 et
1241 1295 1400 1336 nares
1430 1279 1649 1350 quidem
1685 1276 1870 1331 Graece
1915 1277 2058 1346 ῥῖνες

477 1379 733 1432 dicuntur
780 1389 810 1430 a
857 1373 1026 1427 verbo
1083 1373 1218 1443 ῥεῖν,
1272 1369 1418 1441 quod
1447 1371 1612 1438 ﬂuere
1667 1369 1931 1432 denotat,
1993 1379 2060 1420 eo

477 1465 620 1535 quod
663 1465 797 1534 ipsis
854 1465 1053 1518 humor
1111 1479 1140 1516 a
1187 1461 1412 1516 cerebro
1466 1460 1792 1530 proveniens
1834 1455 2058 1512 defluat.

484 1557 610 1611 Nasi
653 1570 783 1610 vero
813 1554 1144 1624 promuscis,
1172 1568 1336 1622 quam
1368 1552 1443 1606 illi
1475 1549 1750 1620 μυκτῆρες
1787 1547 2060 1611 dictitant,

480 1651 550 1703 ita
603 1656 985 1717 nuncupatur,
1041 1645 1293 1700 videlicet
1341 1642 1450 1696 ἀπὸ
1507 1641 1603 1696 τοῦ
1681 1639 2060 1712 μυκτηρίζειν,

481 1744 629 1814 quod
661 1742 991 1797 subsannare
1030 1747 1152 1804 est,
1188 1739 1316 1808 quia
1359 1737 1477 1792 illos
1508 1752 1645 1805 quos
1689 1733 1935 1789 deridere
1972 1747 2060 1786 so-

482 1837 657 1891 lemus
708 1847 869 1888 muco
897 1831 1094 1902 dignos
1144 1830 1563 1884 existimamus:
1602 1825 1717 1881 sive
1763 1822 1910 1893 quod
1942 1838 2063 1877 mu-

483 1942 582 1982 cus
608 1941 705 1996 per
743 1925 917 1995 ipsam
954 1938 1118 1993 quam
1148 1921 1223 1975 illi
1264 1919 1433 1990 μύξαν
1475 1925 1674 1972 vocant
1727 1915 2057 1986 egrediatur,

485 2017 569 2074 vel
628 2017 775 2087 quod
840 2016 894 2070 in
951 2015 1084 2084 ipsis
1138 2021 1352 2067 meatus
1391 2009 1612 2080 quidam
1659 2015 1804 2068 sunt,
1851 2005 1947 2075 qui
1993 2004 2062 2058 ab

483 2109 563 2165 eis
630 2105 794 2179 μύξαι
842 2106 1116 2161 dicuntur.
1182 2101 1354 2156 Nares
1407 2107 1588 2154 autem
1648 2097 1815 2167 ipsas.
1883 2095 2064 2150 nervis

491 2199 742 2271 pluribus
763 2197 1011 2262 refertas,
1053 2194 1544 2264 cartilagineasque
1573 2203 1698 2244 esse
1751 2188 1912 2258 plane
1935 2201 2067 2241 con-

2080 987 2124 1042 Α
2226 1000 2366 1066 Κεφ.
2402 993 2474 1048 Γ’.
2513 1026 2583 1037 ——
2625 993 2764 1062 Περὶ
2796 993 2987 1066 *ῥινὸς
3019 994 3062 1024 ¹³
3111 1000 3207 1066 καὶ
3264 993 3375 1059 τῆς
3424 992 3502 1046 δι’
3557 989 3756 1058 αὐτῆς

2589 1063 2924 1134 γενομένης
2948 1063 3328 1132 ὀσφρήσεως.

2234 1184 2299 1237 Δί
2327 1182 2385 1236 δὲ
2418 1180 2588 1251 ῥῖνες
2631 1179 2698 1232 δι’
2746 1172 2820 1232 ὧν
2857 1177 2905 1249 η’
2937 1178 3209 1248 ὄσφρησις
3234 1176 3468 1246 γίνεται,
3500 1177 3758 1245 λέγονται

2164 1275 2323 1329 xui."
2348 1272 2694 1342 μυκτῆρες*
2740 1271 2911 1340 ῥῖνες
2965 1270 3087 1341 μὲν,
3138 1269 3226 1323 διὰ
3267 1267 3329 1322 τὸ
3382 1268 3452 1321 δι’
3503 1268 3758 1322 αὑτῶν¹⁸

2170 1367 2284 1437 ῥεῖν
2313 1365 2384 1418 τά
2411 1363 2469 1431 ἐξ
2500 1363 2812 1433 ἐγκεφάλου
2848 1363 2891 1394 ¹⁶
2945 1361 3092 1432 ὑγρά
3121 1377 3134 1392 ·
3172 1361 3479 1428 μυκτῆρες
3529 1359 3610 1423 δέ,
3645 1358 3762 1412 ἀπὸ

2167 1457 2262 1512 τοῦ
2295 1457 2658 1529 μυκτηρίζειν
2688 1457 2837 1527 ἡμᾶς
2863 1454 2956 1518 οὓς
2980 1453 3358 1522 διαπαίζομεν-
3377 1453 3442 1516 ¹⁷,
3471 1451 3503 1521 ἦ
3531 1450 3638 1504 ἀπὸ
3658 1450 3760 1503 τοῦ

2169 1552 2267 1619 τὴν
2297 1551 2470 1623 μύξαν
2500 1550 2703 1616 ἐξιέναι
2762 1549 2828 1604 δι’
2882 1546 3106 1604 αὐτῶν
3165 1546 3198 1614 ἢ
3254 1541 3491 1598 ἀπὸτοῦ
3549 1541 3761 1612 μύξους

2169 1643 2322 1707 τινὰς
2343 1643 2490 1713 ἔχειν
2513 1644 2600 1712 ἐφ’
2631 1641 2860 1704 ἑαυτοὺς
2892 1640 2961 1705 ⁸⁸,
2997 1635 3249 1692 τουτέστι
3282 1635 3508 1706 πόρους.
3546 1634 3668 1686 Εἰσὶ
3702 1634 3763 1687 δὲ

2170 1733 2460 1804 νευρώδεις
2491 1733 2587 1786 καὶ
2615 1731 2958 1802 χονδρώδεις,
3015 1726 3408 1794 άντιληπτικαὶ
3437 1723 3625 1792 ὀσμῶν
3657 1725 3763 1776 καὶ

2170 1823 2278 1878 τῶν
2310 1825 2368 1876 ἐν
2417 1823 2612 1884 αὑταῖς
2663 1820 2980 1892 διαφορῶν’
3038 1818 3325 1872 τουτέστιν
3382 1814 3614 1877 εὐωδίας
3661 1815 3765 1868 καὶ

2170 1914 2450 1977 δυσωδίας.
2483 1913 2560 1967 Δι’
2610 1912 2794 1968 αὐτῶν
2833 1911 2888 1964 δέ
2924 1909 3271 1978 ἀναπνέομεν
3302 1908 3342 1939 ¹⁹
3376 1905 3472 1959 καὶ
3510 1905 3766 1959 εἰσπνέο-

2176 2024 2297 2077 μεν.
2322 2006 2459 2060 υύδέ
2487 2006 2598 2076 γάρ
2630 2005 2748 2058 ἐστι
2780 2002 3006 2056 δυνατὸν
3048 1999 3323 2054 ποιεῖσθαι
3351 1998 3527 2061 άλλως
3557 1997 3760 2060 ταῦτα,

2174 2097 2223 2150 εί
2256 2097 2329 2167 μὴ
2364 2097 2452 2150 διὰ
2486 2097 2785 2168 μυκτήρων
2807 2111 2822 2127 ·
2857 2093 2969 2149 ἀπὸ
2993 2092 3102 2163 γὰρ
3126 2091 3234 2148 τῶν
3252 2090 3495 2160 ταμείων
3523 2091 3616 2142 καὶ
3652 2090 3766 2142 τῶν

2173 2190 2270 2260 τῆς
2311 2188 2542 2260 καρδίας
2569 2188 2829 2259 θαλάμων
2851 2186 2942 2240 διά
2966 2184 3060 2238 τοῦ
3089 2183 3394 2252 πνεύμονος
3431 2184 3766 2251 ἀναπεμπο-

489 2303 598 2350 stat
639 2311 653 2348 :
704 2294 787 2348 hae
822 2299 876 2346 et
911 2292 1134 2357 odores,
1174 2305 1238 2343 ac
1274 2302 1465 2342 eorum
1511 2283 1851 2348 discrimina,
1882 2289 2068 2350 utpote

2187 2281 2350 2352 μένην
2378 2281 2629 2350 δέχονται
2655 2280 2755 2350 τὴν
2788 2279 3067 2348 ἀναπνοὴν
3095 2278 3144 2329 οἱ
3174 2278 3474 2346 μυκτῆρες,
3496 2275 3592 2328 καὶ
3623 2274 3768 2344 πρὸς

487 2395 608 2449 quae
637 2377 944 2448 fragrantes
976 2385 1124 2440 sunt,
1163 2385 1216 2430 et
1247 2390 1368 2444 qua:
1407 2370 1832 2442 graveolentiam
1869 2369 2072 2424 habent

2187 2372 2240 2426 τὰ
2271 2370 2474 2436 ἔξωθεν
2503 2370 2866 2442 ἀποκρίνουσι
2892 2387 2904 2399 ·
2939 2369 3033 2422 καὶ
3057 2370 3158 2440 τὴν
3180 2367 3440 2436 εἰσπνοὴν
3464 2365 3769 2436 ἐφελκόμε-

487 2467 914 2539 deprehendunt,
957 2480 1053 2536 per
1082 2464 1228 2532 ipsas
1274 2463 1422 2527 item,
1477 2470 1530 2516 et
1561 2459 1784 2530 spiritus
1830 2458 2074 2528 recipro-

488 2559 700 2614 catione
743 2558 950 2612 utimur
989 2574 1002 2609 :

1076 2557 1184 2626 7o
1241 2555 1585 2625 impossibile
1641 2553 1787 2608 enim
1847 2551 2100 2618 habetur,
2142 2554 2259 2611 hazc
2313 2557 2472 2611 aliter
2527 2571 2692 2627 quam
2754 2555 2972 2611 narium
3017 2553 3198 2610 ofﬁcio
3255 2553 3368 2608 ﬁeri

2179 2479 2261 2516 νοι
2295 2461 2530 2532 θύραθεν
2561 2460 2700 2530 πρὸς
2731 2460 2802 2514 τὰ
2827 2459 3034 2514 ἔσωθεν
3059 2457 3549 2530 παραπέμπουσιν.

3426 2571 3440 2607 :
3493 2551 3784 2623 siquidem

489 2655 619 2724 ipsa:
648 2670 679 2709 e
700 2653 1074 2726 promptuario
1104 2661 1160 2707 et
1190 2652 1372 2706 cordis
1422 2649 1632 2704 intimis
1675 2647 2095 2718 respirationem
2137 2651 2416 2720 pulmonis
2471 2650 2656 2707 ofﬁcio
2681 2651 2981 2721 capientes,
3011 2661 3163 2706 extra
3220 2658 3544 2716 excernunt,
3572 2657 3626 2704 et
3656 2663 3767 2702 una

489 2748 740 2820 spiritum
771 2748 1100 2803 exteriorem
1161 2747 1436 2802 trahentes
1469 2745 1537 2799 ad
1561 2744 1819 2799 interiora
1873 2743 2193 2801 demittunt.

563 2839 810 2897 Olfactus
884 2842 1104 2911 quidem
1161 2841 1396 2910 impetus
1465 2837 1752 2908 cujusdam
1816 2837 2086 2894 naturalis

492 2932 721 2988 actionis
755 2941 872 2996 est,
918 2933 1067 3002 quia
1098 2931 1296 3001 spiritu
1331 2931 1560 2985 humido
1602 2938 1657 2984 et
1703 2944 1977 2999 vaporoso
2027 2930 2084 2984 in

495 3022 724 3077 naribus
749 3023 1042 3077 exsistente
1071 3021 1371 3092 perﬁcitur,
1406 3036 1502 3090 per
1529 3035 1688 3087 quem
1717 3035 1779 3074 ea
1808 3034 1930 3090 qua
1953 3019 2084 3075 odo-

497 3127 610 3168 rem
640 3110 875 3168 reddunt
909 3113 1072 3166 etiam
1104 3113 1293 3182 procul
1325 3113 1824 3181 deprchemluntur.
1857 3111 1921 3167 Et
1959 3113 2083 3184 qui-

497 3204 642 3271 dem,
671 3218 794 3259 cum
861 3204 981 3258 nasi
1019 3204 1325 3274 promuscis
1383 3202 1634 3258 bifariam
1671 3203 1845 3258 divisa
1874 3205 1965 3268 sit,
2000 3215 2082 3258 at-

497 3308 606 3363 que
662 3293 918 3364 utrinque
956 3309 1126 3348 vacua
1183 3293 1428 3360 exsistat,
1496 3295 1689 3348 mediae
1741 3295 2084 3365 cartilaginis

500 3382 802 3438 interstitio
862 3384 1146 3449 dividitur,
1210 3400 1320 3454 quo
1378 3383 1607 3454 spiritus
1643 3383 2082 3454 reeiprocationi,

503 3486 563 3532 ut
619 3477 982 3543 asseruimus,
1050 3477 1336 3545 inserviat,
1384 3492 1481 3549 per
1538 3493 1703 3548 quam
1771 3477 1888 3548 ipsa
1936 3477 2086 3531 nullo

503 3571 889 3640 impedimento
922 3571 1228 3641 ingreditur
1279 3579 1332 3626 et
1355 3570 1650 3641 egreditur,
1682 3570 1786 3625 nisi
1811 3571 1879 3625 ab
1905 3570 2086 3640 aliqua

504 3639 824 3732 aegritudine
855 3639 1018 3717 nares
1050 3662 1196 3731 ipsas
1222 3639 1509 3718 obturatas
1551 3662 1702 3717 reddi
1760 3639 2083 3732 contingat:
2115 3639 2159 3697 ο

508 3751 556 3806 si
589 3751 735 3807 enim
785 3752 857 3808 ob
903 3752 1280 3823 mgritudinem
1323 3753 1446 3808 talis
1480 3751 1696 3806 affectio
1762 3752 2094 3822 quandoque

505 3839 782 3905 acciderit,
813 3841 958 3896 aeris
1022 3841 1318 3912 respiratio
1351 3856 1459 3896 non
1488 3842 1855 3910 intercipitur.
1887 3841 2092 3897 Verum

508 3933 706 3988 odores
730 3933 1104 4002 ipsos,utpote
1119 3932 1214 4003 qui
1239 3947 1363 3988 aere
1387 3942 1514 3987 sunt
1533 3932 1863 3997 crassiores,
1893 3933 2097 3988 sentire

511 4038 674 4078 nares
733 4032 1048 4092 nequeunt:
1104 4033 1158 4078 et
1208 4024 1311 4080 hoc
1370 4024 1589 4093 quidem
1653 4024 1801 4094 quod
1852 4023 2093 4079 diximus

511 4114 677 4171 modo
697 4113 925 4170 olfactus
939 4115 1258 4171 constitutio
1292 4117 1369 4170 fit.
1398 4116 1495 4173 Hic
1516 4131 1774 4186 namque,
1807 4131 1914 4188 qua
1941 4125 2098 4170 ante-

513 4207 660 4263 riora
685 4207 895 4263 cerebri
918 4222 1052 4263 cava
1075 4216 1224 4273 sunt,
1257 4208 1324 4262 ad
1355 4223 1481 4264 ossa
1535 4223 1728 4278 usque,
1766 4224 1887 4278 quae
1913 4208 1966 4262 in
1996 4223 2096 4262 an-

511 4305 729 4369 gustum
793 4299 858 4354 ad
927 4298 1111 4354 isthmi
1161 4299 1380 4355 modum
1431 4300 1848 4370 protenduntur,
1877 4298 2095 4355 desinit.

511 4388 630 4446 Non
655 4391 801 4446 enim
852 4408 1041 4458 nasus,
1076 4391 1538 4463 quemadmodum
1585 4400 1640 4447 et
1686 4392 1792 4446 alia
1825 4391 2096 4454 sensoria,

515 4480 665 4537 nervi
687 4482 870 4539 ofﬁcio
887 4499 1010 4539 cum
1027 4485 1516 4553 cerebrojactioues
1546 4498 1674 4538 suas
1701 4482 2095 4551 deprehendit;

517 4574 612 4628 sed
639 4574 865 4640 ipsemet
897 4589 993 4644 per
1028 4575 1296 4630 foramina
1336 4575 1591 4644 quaedam
1641 4588 1864 4627 sensum
1932 4572 2101 4626 susci-

521 4665 616 4732 pit.
648 4663 908 4732 Superior
929 4677 1110 4720 autem
1135 4668 1253 4722 nasi
1279 4682 1404 4735 pars
1427 4682 1550 4720 cum
1582 4665 1760 4718 fronte
1780 4661 2101 4716 continuato

519 4770 646 4810 osse
676 4755 924 4810 bifariam
977 4757 1152 4811 diviso
1181 4757 1460 4822 cohaeret;
1509 4770 1636 4824 pars
1690 4769 1820 4808 vero
1876 4753 2101 4809 inferior

521 4845 780 4916 cartilago
809 4854 896 4901 est
939 4862 1056 4915 qua:
1110 4857 1165 4900 et
1189 4846 1288 4899 alae
1318 4855 1688 4913 nuncupatur.

2262 2843 2418 2895 Ἐστι
2442 2843 2496 2896 δὲ
2526 2842 2817 2916 ὄσφρησις,
2848 2843 2996 2915 ὁρμή
3028 2859 3177 2906 τινος
3203 2841 3487 2912 ἐνεργείας
3506 2841 3769 2911 φυσικῆς,

2187 2934 2221 3002 ἡ
2253 2933 2663 3006 ἀποτελουμένη
2694 2934 2784 2988 διά
2815 2935 2909 2988 τοῦ
2936 2936 2995 2987 ἐν
3013 2935 3134 2997 ταῖς
3177 2931 3290 3005 ῥισὶ
3333 2931 3648 3004 πνεύματος
3681 2932 3770 2986 ὄν-

2187 3047 2280 3093 τος
2303 3030 2530 3099 ἑνίκμου
2561 3031 2606 3061 ¹⁰
2639 3031 2734 3083 καὶ
2770 3029 3212 3101 ἀτμωδεστέρου,
3235 3028 3303 3081 δι’
3329 3019 3391 3081 οὗ
3424 3028 3480 3080 ai
3531 3027 3642 3082 τῶν
3671 3028 3772 3080 ὀσ-

2191 3137 2226 3188 φ
2235 3120 2449 3190 ραντῶν
2471 3119 2790 3190 ἀντιλήψεις
2811 3121 2907 3174 καὶ
2940 3119 3224 3192 πόρρωθεν
3246 3118 3492 3186 γίνονται
3511 3121 3577 3171 ".
3613 3121 3774 3188 Διχό-

2189 3229 2358 3282 τομος
2379 3211 2438 3264 δὲ
2473 3211 2735 3280 πεφυκὼς
2765 3212 2795 3264 ὀ
2837 3212 3058 3282 μυκτὴρ
3105 3211 3212 3265 άνὰ
3269 3211 3434 3281 μέσον
3485 3209 3599 3280 ἔχει
3656 3211 3771 3264 διὰ-

2193 3319 2431 3373 φραγμα
2465 3302 2687 3372 χόνδρον
2728 3302 3073 3374 ἑκατέρωθεν
3102 3321 3116 3334 ·
3155 3302 3423 3373 ὑπάρχων
3477 3302 3635 3365 κενὸς
3685 3303 3781 3354 διὰ.

2190 3391 2290 3462 τὴν
2339 3389 2443 3460 τῆς
2477 3391 2759 3460 είσπνοῆς,
2811 3390 2886 3454 ὡς
2931 3391 3171 3462 εἴρηται,
3208 3391 3303 3444 καὶ⁴
3351 3391 3610 3460 εἰσπνοῆς
3659 3391 3767 3442 εἶσ-

2193 3482 2310 3536 οδόν
2344 3499 2403 3535 τε
2427 3483 2522 3536 καὶ
2552 3482 2731 3547 ἔξοδον
2767 3500 2780 3514 ·
2806 3483 2855 3535 εἰ
2893 3483 2967 3553 μή
3000 3499 3083 3546 τις
3127 3481 3403 3552 ἐμφραξις
3458 3482 3567 3536 ἀπὸ
3613 3484 3759 3551 verni-,-

2197 3589 2367 3644 ματος
2389 3573 2434 3603 ⁸³
2463 3572 2711 3642 γένηται,
2742 3571 2840 3642 τὴν
2884 3571 2984 3642 μὲν
3027 3572 3308 3641 ἀναπνοὴν
3330 3569 3432 3624 τοῦ
3477 3571 3642 3642 ἀέρος
3697 3571 3768 3640 μὴ

2193 3663 2506 3729 κωλύουσα,
2555 3663 2625 3717 τὰ
2656 3664 2713 3718 δέ
2763 3663 2873 3716 τῶν
2917 3663 3100 3733 ὀδμῶν
3135 3663 3501 3734 ἀπείργουσα,
3549 3663 3625 3727 ὡς
3681 3663 3772 3716 τοῦ

2195 3757 2356 3828 ἀέρος
2387 3756 2711 3826 ὑπάρχουσα
2741 3755 3027 3826 παχυτέρα
3054 3755 3124 3808 ³³.
3162 3755 3379 3808 Γίνεται
3438 3755 3537 3825 μὲν
3583 3751 3679 3808 οὖν
3741 3757 3773 3824 ἠ

2195 3848 2466 3920 ὄσφρησις
2511 3847 2702 3917 ὥσπερ
2752 3848 2997 3918 εἴρηται·
3047 3847 3371 3916 περαίνεται
3427 3847 3484 3900 δὲ
3523 3848 3598 3911 ὡς
3643 3848 3710 3901 τὰ
3733 3848 3777 3878 ⁸⁸

2197 3939 2413 4010 πέρατα
2440 3939 2549 3992 τῶν
2586 3939 2940 4010 ἐμπροσθίων
2971 3938 3066 3991 τοῦ
3101 3938 3408 4008 ἐγκεφάλου
3442 3938 3661 3992 κοιλιῶν
3695 3940 3773 4001 είς

2197 4030 2266 4083 τὰ
2298 4029 2579 4102 ισθμοειδῆ
2604 4031 2787 4084 ὀστέα.
2817 4031 2892 4083 Ού
2921 4030 3032 4099 γὰρ
3059 4030 3198 4099 μετά
3238 4029 3436 4099 νεύρου
3470 4031 3503 4100 ἡ
3557 4029 3641 4100 ῥὶς
3683 4029 3781 4098 τὴν

2198 4125 2486 4195 ἐνέργειαν
2514 4122 2688 4192 αὐτῆς
2720 4121 2977 4192 γνωρίζει
3011 4120 3088 4192 τῷ
3130 4121 3444 4192 ἐγκεφάλῳ,
3473 4120 3665 4190 ῶσπερ
3691 4137 3783 4172 και

2200 4216 2257 4268 αἱ
2284 4214 2471 4268 λοιπαὶ
2487 4213 2596 4266 τῶν
2618 4211 2950 4283 αἰσθήσεων,
2982 4211 3101 4264 ἀλλ’
3125 4211 3287 4275 αὐτὸς
3316 4211 3525 4275 ἐκεῖνος
3547 4210 3612 4264 δι’
3633 4210 3782 4263 ὀπῶν

2199 4325 2363 4362 τινων
2389 4307 2488 4376 τὴν
2532 4305 2789 4374 αἴσθησιν
2821 4303 3060 4373 δέχεται.
3111 4303 3225 4373 Τῆς
3277 4302 3334 4356 δέ
3386 4302 3533 4373 ῥινὸς
3585 4301 3646 4355 τὸ
3682 4301 3782 4371 μὲν

2201 4399 2408 4455 ἀνωθεν
2432 4399 2603 4468 αὐτῆς
2632 4399 2690 4449 ἐν
2728 4395 2806 4466 τῷ
2852 4393 3090 4465 μετώπῳ
3143 4393 3556 4465 προσπεφυκὺς,
3595 4391 3783 4444 ὀστοῦν

2203 4495 2319 4546 ἐστι
2355 4489 2664 4561 διαμπερὲς
2687 4490 2731 4520 ’⁵
2758 4489 2792 4558 ἢ
2817 4487 3043 4555 διαφυές
3072 4503 3085 4516 °
3116 4486 3178 4540 τὸ
3215 4487 3274 4540 δὲ
3327 4485 3588 4540 ὑποκάτω
3619 4484 3785 4552 αὐτῆς

2204 4585 2264 4637 τὸ
2296 4583 2591 4654 λεγόμενον
2625 4580 2920 4655 τράγανον,
2961 4579 3184 4650 χόνδρος
3215 4579 3333 4650 ἆμα
3382 4578 3478 4632 καὶ
3516 4577 3788 4649 πτερύγια

2207 4675 2476 4730 καλεῖται.

546 4961 678 5028 Cap.
707 4957 794 5013 IV.
817 4989 886 4998 —
914 4959 990 5013 De
1023 4957 1227 5028 magnis
1260 4965 1308 5010 el
1343 4959 1519 5026 parvis
1552 4958 1758 5028 angulis
1786 4961 2079 5014 oculorum.

2211 4963 2354 5032 Κεφ.
2375 4963 2448 5015 Δ’.
2467 4993 2535 5001 -
2558 4960 2702 5029 Περὶ
2721 4959 3134 5030 τῶνμεγὰλων
3159 4957 3400 5015 κανθῶν
3419 4955 3519 5012 καί
3541 4956 3790 5026 μικρῶν.

596 5073 768 5131 Penes
792 5075 968 5142 ipsum
995 5090 1122 5127 vero
1141 5075 1396 5142 utrinque
1427 5073 1603 5144 magni
1633 5075 1894 5145 parvique
1915 5076 2105 5132 oculo-

525 5182 646 5221 rum
674 5167 856 5236 anguli
898 5172 1048 5227 sunt,
1093 5180 1327 5234 quorum
1368 5163 1462 5233 qui
1518 5165 1730 5220 iuterne
1777 5167 2105 5234 consistunt,

526 5257 731 5327 magni,
757 5255 848 5325 qui
871 5270 1000 5310 vero
1021 5264 1196 5317 extra,
1237 5254 1388 5324 parvi
1439 5264 1846 5328 nuncupantur.
1873 5255 1935 5311 lli
1961 5257 2108 5313 enim

525 5347 710 5418 anguli
732 5345 920 5400 xavfioi.
942 5345 1048 5398 ἀπὸ
1067 5345 1160 5399 τοῦ
1186 5345 1497 5417 κνήθεσθαι,
1525 5348 1670 5418 quod
1695 5349 1962 5416 pruritum
1986 5365 2107 5403 sen-

530 5440 629 5492 tire
661 5438 1102 5506 interpreteris,a
1155 5438 1355 5493 Graecis
1409 5441 1783 5510 appellantur,
1818 5455 1941 5493 eum
2001 5439 2117 5508 ple-

532 5545 765 5600 rumque
787 5529 840 5584 in
868 5531 1002 5600 ipsis
1025 5531 1096 5586 ob
1141 5532 1505 5602 lacrymarum
1527 5534 1810 5600 eﬁluxum,
1839 5533 1952 5587 sive
1983 5548 2108 5586 cum

605 5641 652 5716 ίξ
699 5643 825 5716 περὶ
856 5643 1018 5716 ῥινῶν
1045 5645 1085 5699 C
1116 5648 1177 5700 P.
1261 5645 1304 5677 ¹¹⁵
1361 5647 1481 5715 λέγ.
1509 5647 1761 5713 deinceps
1791 5661 1903 5700 om.
1935 5647 2027 5699 καὶ
2059 5648 2088 5699 Δ

2202 5650 2243 5681 ’⁸
2272 5650 2335 5701 ἐκ
2362 5649 2428 5701 δι’
2476 5650 2657 5702 αὑτῶν
2706 5649 2764 5702 Β.
2847 5651 2892 5681 ’⁸
2919 5648 2987 5701 τὰ
3025 5647 3119 5700 τοῦ
3170 5650 3290 5716 ἐγκ.
3338 5649 3398 5700 Β.

2282 5074 2476 5128 Ἔνθεν
2515 5075 2572 5129 δέ
2601 5074 2810 5145 ταύτης
2841 5073 3122 5140 κακεῖθεν,
3151 5072 3365 5128 κανθοὶ
3400 5071 3655 5139 λέγονται
3686 5069 3794 5122 τῶν

2207 5164 2506 5236 ὀφθαλμῶν
2542 5180 2556 5195 ·
2585 5167 2635 5218 οἱ
2671 5165 2772 5235 μὲν
2804 5163 2915 5217 ἔσω
2964 5163 3214 5233 μεγάλοι,
3251 5162 3301 5215 οἱ
3332 5161 3388 5215 δὲ
3444 5161 3551 5227 ἔξω
3583 5158 3792 5230 μικροί.

2209 5258 2419 5312 Κανθοὶ
2454 5258 2511 5312 δὲ
2557 5258 2667 5311 ἀπὸ
2699 5256 2795 5312 τοῦ
2857 5255 3158 5327 κνήθεσθαι
3191 5256 3236 5286 ’⁸
3268 5253 3510 5323 συνεχῶς
3540 5253 3648 5306 ὑπὸ
3701 5251 3796 5304 τοῦ

2213 5353 2648 5426 παρεισρέοντος
2704 5351 2910 5414 παντὸς
2937 5351 2981 5386 ’⁷
3020 5348 3191 5421 ὑγροῦ
3227 5364 3242 5380 ο
3292 5346 3546 5418 δακρύων
3568 5347 3634 5406 ³⁸,
3675 5345 3799 5417 ῥεύ-

2225 5461 2420 5514 ματος,
2449 5447 2544 5498 καὶ
2579 5445 2688 5497 τῶν
2736 5443 2964 5495 λοιπῶν.
3000 5440 3122 5494 Εἰσὶ
3148 5439 3202 5491 δὲ
3235 5440 3291 5492 αἱ
3323 5440 3468 5509 ῥῖνες
3523 5437 3799 5507 πολύσχη-

2223 5552 2315 5604 μοι
2337 5537 2406 5586 ¹⁹.
2440 5536 2506 5587 Αἱ
2530 5535 2629 5604 μὲν
2660 5535 2768 5604 γάρ
2798 5536 2906 5586 εἰσι
2934 5529 3247 5603 καμπύλαι,
3298 5533 3354 5584 al
3383 5531 3441 5583 δὲ
3498 5529 3752 5583 πλατεῖαι
3785 5547 3798 5582 .'

3481 5648 3519 5676 ”
3561 5647 3669 5697 ἀπὸ
3707 5647 3802 5698 τοῦ

533 5712 693 5815 lpide:
725 5713 790 5765 δι’
829 5712 1027 5815 οιιὲὶτῶν³
1053 5733 1218 5815 μυκτ.
1245 5716 1338 5780 οὓς
1357 5712 1538 5815 ιὶδιατξς
1567 5712 1845 5788 κρίνοντες
1867 5716 2086 5815 Αοιύτξρς
2114 5717 2288 5786 μύξης
2318 5717 2503 5783 ἀξίους
2529 5722 2586 5772 Ρ.
2669 5720 2712 5815 ⁸1⁸
2740 5720 2831 5788 ὑφ’
2857 5718 3129 5815 Miami/£3
3297 5720 3340 5815 ζ’
3511 5717 3711 5815 ἁνῧπν.
3741 5717 3800 5770 Β.

646 5800 673 5815 υ
701 5800 839 5815 νην...
1038 5791 1051 5815 ι
1105 5803 1136 5815 ι.
1164 5804 1312 5815 ηρ--.
1575 5787 1825 5815 -.ῗηοηολι
2093 5789 2450 5815 .'._.'.-..-..-..-.
2495 5807 2671 5815 _......-
2714 5792 2870 5815 -_...A
3145 5805 3166 5815 -
3204 5805 3224 5815 -
3258 5805 3286 5815 -
3641 5786 3764 5815 2η...

617 5782 840 5858 ἐνίγμρυ
1008 5782 1081 5858 ἰλ
1105 5787 1316 5858 γίνεται
1347 5787 1417 5858 ΔΒ.
1457 5856 1468 5858 _
1495 5789 1545 5858 ²¹Α
1573 5782 1825 5858 σώματος
1852 5787 1921 5858 ῨΛ.
1998 5786 2044 5858 ’ἦ
2093 5782 2450 5858 ὑπάρχουσαν
2493 5782 2882 5858 παχυτέραν-Λ
2925 5789 2986 5841 Ρ.
3066 5789 3112 5818 ’⁵
3143 5790 3224 5858 είς
3258 5788 3327 5839 τά
3368 5788 3407 5838 Β

539 5851 710 5927 παρὲξ
766 5853 822 5919 Β,
866 5851 1127 5927 διαπαρὲς
1177 5857 1239 5911 C.

1315 5855 1361 5889 "
1387 5856 1615 5926 κνῆσθαι
1682 5856 1740 5908 Β.

545 5921 640 5991 μαι
666 5921 728 5976 Β.

3572 5788 3616 5817 ’⁵
3639 5786 3801 5853 διαμ-

1821 5857 1861 5887 ²⁷
1886 5854 2083 5919 παντὸς
2137 5854 2325 5914 οιιὶζΒ.
2403 5859 2448 5888 ¹¹¹
2483 5854 2631 5912 ἐ).έού
2682 5854 2936 5930 δακρύων
2973 5860 3032 5927 Β,
3054 5857 3294 5913 ἐλαίουῦ
3318 5859 3379 5911 Ρ.
3459 5857 3503 5887 ’ν
3527 5855 3807 5927 πολύσχη-
