  <div class='ocr_page' id='page_1' title='image "/cluster/home/n/w/nwhite01/storage/ocr_20150623/64:no.13/coo.31924054869643/632.png"; bbox 0 0 4138 6464; ppageno 0'>
   <div class='ocr_carea' id='block_1_1' title="bbox 314 387 451 444">
    <p class='ocr_par' dir='ltr' id='par_1_1' title="bbox 314 387 451 444">
     <span class='ocr_line' id='line_1_1' title="bbox 314 387 451 444; baseline -0.029 0"><span class='ocrx_word' id='word_1_1' title='bbox 314 387 451 444; x_wconf 73' lang='lat'><strong>“8|</strong></span> 
     </span>
    </p>
   </div>
   <div class='ocr_carea' id='block_1_2' title="bbox 1569 358 2336 420">
    <p class='ocr_par' dir='ltr' id='par_1_2' title="bbox 1569 358 2336 420">
     <span class='ocr_line' id='line_1_2' title="bbox 1569 358 2336 420; baseline -0.009 0"><span class='ocrx_word' id='word_1_2' title='bbox 1569 364 1658 419; x_wconf 86' lang='lat' dir='ltr'><strong>DE</strong></span> <span class='ocrx_word' id='word_1_3' title='bbox 1697 360 1988 420; x_wconf 60' lang='lat' dir='ltr'><strong>NATURA</strong></span> <span class='ocrx_word' id='word_1_4' title='bbox 2028 358 2336 418; x_wconf 80' lang='lat' dir='ltr'><strong>HOMINIS.</strong></span> 
     </span>
    </p>
   </div>
   <div class='ocr_carea' id='block_1_3' title="bbox 3461 355 3598 412">
    <p class='ocr_par' dir='ltr' id='par_1_3' title="bbox 3461 355 3598 412">
     <span class='ocr_line' id='line_1_3' title="bbox 3461 355 3598 412; baseline -0.007 0"><span class='ocrx_word' id='word_1_5' title='bbox 3461 355 3598 412; x_wconf 65' lang='grc'><strong>1183</strong></span> 
     </span>
    </p>
   </div>
   <div class='ocr_carea' id='block_1_4' title="bbox 308 470 1923 571">
    <p class='ocr_par' dir='ltr' id='par_1_4' title="bbox 308 479 1898 571">
     <span class='ocr_line' id='line_1_4' title="bbox 308 479 1898 571; baseline -0.019 -12"><span class='ocrx_word' id='word_1_6' title='bbox 308 505 406 559; x_wconf 72' lang='grc' dir='ltr'><strong>καὶ</strong></span> <span class='ocrx_word' id='word_1_7' title='bbox 431 503 488 555; x_wconf 78' lang='grc' dir='ltr'>αι</span> <span class='ocrx_word' id='word_1_8' title='bbox 530 499 628 571; x_wconf 74' lang='grc' dir='ltr'>μὶν</span> <span class='ocrx_word' id='word_1_9' title='bbox 661 492 996 568; x_wconf 83' lang='grc' dir='ltr'><strong>στρογγύλαι</strong></span> <span class='ocrx_word' id='word_1_10' title='bbox 1029 490 1098 554; x_wconf 83' lang='grc' dir='ltr'><strong>⁸ο,</strong></span> <span class='ocrx_word' id='word_1_11' title='bbox 1131 488 1186 541; x_wconf 77' lang='grc' dir='ltr'>αἱ</span> <span class='ocrx_word' id='word_1_12' title='bbox 1221 486 1278 540; x_wconf 71' lang='grc' dir='ltr'>δὲ</span> <span class='ocrx_word' id='word_1_13' title='bbox 1314 483 1498 555; x_wconf 80' lang='grc' dir='ltr'><strong>σιμαὶ,</strong></span> <span class='ocrx_word' id='word_1_14' title='bbox 1523 481 1657 534; x_wconf 72' lang='grc' dir='ltr'>αἰδὲ</span> <span class='ocrx_word' id='word_1_15' title='bbox 1691 479 1898 544; x_wconf 79' lang='grc' dir='ltr'>ὀξεῖαι·</span> 
     </span>
    </p>
   </div>
   <div class='ocr_carea' id='block_1_5' title="bbox 2029 470 3600 571">
    <p class='ocr_par' dir='ltr' id='par_1_5' title="bbox 2029 470 3600 542">
     <span class='ocr_line' id='line_1_5' title="bbox 2029 470 3600 542; baseline -0.003 -12"><span class='ocrx_word' id='word_1_16' title='bbox 2029 475 2212 538; x_wconf 72' lang='lat' dir='ltr'><strong>tleum,</strong></span> <span class='ocrx_word' id='word_1_17' title='bbox 2244 481 2339 526; x_wconf 91' lang='lat' dir='ltr'><strong>aut</strong></span> <span class='ocrx_word' id='word_1_18' title='bbox 2367 470 2666 542; x_wconf 98' lang='lat' dir='ltr'><strong>quemlibet</strong></span> <span class='ocrx_word' id='word_1_19' title='bbox 2700 470 2868 525; x_wconf 89' lang='lat' dir='ltr'><strong>alium</strong></span> <span class='ocrx_word' id='word_1_20' title='bbox 2901 472 3184 527; x_wconf 85' lang='lat' dir='ltr'><strong>humorem</strong></span> <span class='ocrx_word' id='word_1_21' title='bbox 3220 470 3469 527; x_wconf 80' lang='lat' dir='ltr'><strong>adhiberi</strong></span> <span class='ocrx_word' id='word_1_22' title='bbox 3505 488 3600 526; x_wconf 79' lang='lat' dir='ltr'><strong>ac-</strong></span> 
     </span>
    </p>
   </div>
   <div class='ocr_carea' id='block_1_6' title="bbox 307 569 1900 663">
    <p class='ocr_par' dir='ltr' id='par_1_6' title="bbox 307 569 1900 663">
     <span class='ocr_line' id='line_1_6' title="bbox 307 569 1900 663; baseline -0.017 -15"><span class='ocrx_word' id='word_1_23' title='bbox 307 597 366 648; x_wconf 91' lang='grc' dir='ltr'><strong>αί</strong></span> <span class='ocrx_word' id='word_1_24' title='bbox 390 594 447 647; x_wconf 80' lang='grc' dir='ltr'><strong>δὲ</strong></span> <span class='ocrx_word' id='word_1_25' title='bbox 483 569 746 663; x_wconf 83' lang='grc' dir='ltr'>μεγάλαι,</span> <span class='ocrx_word' id='word_1_26' title='bbox 778 586 834 639; x_wconf 80' lang='grc' dir='ltr'>αἱ</span> <span class='ocrx_word' id='word_1_27' title='bbox 863 583 922 637; x_wconf 77' lang='grc' dir='ltr'>δὲ</span> <span class='ocrx_word' id='word_1_28' title='bbox 973 579 1192 652; x_wconf 87' lang='grc' dir='ltr'>μικραί.</span> <span class='ocrx_word' id='word_1_29' title='bbox 1224 570 1400 631; x_wconf 76' lang='grc' dir='ltr'>Αῦται</span> <span class='ocrx_word' id='word_1_30' title='bbox 1435 574 1492 629; x_wconf 77' lang='grc' dir='ltr'>δὲ</span> <span class='ocrx_word' id='word_1_31' title='bbox 1551 571 1754 642; x_wconf 84' lang='grc' dir='ltr'>μᾶλλον</span> <span class='ocrx_word' id='word_1_32' title='bbox 1789 569 1900 622; x_wconf 81' lang='grc' dir='ltr'>τῶν</span> 
     </span>
    </p>
   </div>
   <div class='ocr_carea' id='block_1_7' title="bbox 307 661 1900 754">
    <p class='ocr_par' dir='ltr' id='par_1_7' title="bbox 307 661 1900 754">
     <span class='ocr_line' id='line_1_7' title="bbox 307 661 1900 754; baseline -0.017 -14"><span class='ocrx_word' id='word_1_33' title='bbox 307 661 493 740; x_wconf 70' lang='grc' dir='ltr'>ἄλλων</span> <span class='ocrx_word' id='word_1_34' title='bbox 518 682 729 754; x_wconf 86' lang='grc' dir='ltr'>μορίων</span> <span class='ocrx_word' id='word_1_35' title='bbox 758 675 1028 731; x_wconf 83' lang='grc' dir='ltr'>εὐειδείαν</span> <span class='ocrx_word' id='word_1_36' title='bbox 1080 673 1114 744; x_wconf 86' lang='grc' dir='ltr'>ἢ</span> <span class='ocrx_word' id='word_1_37' title='bbox 1140 669 1452 726; x_wconf 81' lang='grc' dir='ltr'>δυσειδείαν</span> <span class='ocrx_word' id='word_1_38' title='bbox 1485 665 1794 736; x_wconf 73' lang='grc' dir='ltr'>παρέχουσι</span> <span class='ocrx_word' id='word_1_39' title='bbox 1823 661 1900 734; x_wconf 75' lang='grc' dir='ltr'>τῷ</span> 
     </span>
    </p>
   </div>
   <div class='ocr_carea' id='block_1_8' title="bbox 309 772 612 850">
    <p class='ocr_par' dir='ltr' id='par_1_8' title="bbox 309 772 612 850">
     <span class='ocr_line' id='line_1_8' title="bbox 309 772 612 850; baseline -0.023 -18"><span class='ocrx_word' id='word_1_40' title='bbox 309 772 612 850; x_wconf 77' lang='grc' dir='ltr'><strong>προσώπῳ.</strong></span> 
     </span>
    </p>
   </div>
   <div class='ocr_carea' id='block_1_9' title="bbox 2007 561 3606 634">
    <p class='ocr_par' dir='ltr' id='par_1_9' title="bbox 2007 561 3606 634">
     <span class='ocr_line' id='line_1_9' title="bbox 2007 561 3606 634; baseline -0.002 -13"><span class='ocrx_word' id='word_1_41' title='bbox 2007 566 2160 632; x_wconf 92' lang='lat' dir='ltr'><strong>cidit,</strong></span> <span class='ocrx_word' id='word_1_42' title='bbox 2201 564 2445 634; x_wconf 89' lang='lat' dir='ltr'><strong>pruritus</strong></span> <span class='ocrx_word' id='word_1_43' title='bbox 2513 563 2767 617; x_wconf 91' lang='lat' dir='ltr'><strong>sentitur.</strong></span> <span class='ocrx_word' id='word_1_44' title='bbox 2820 561 3138 629; x_wconf 82' lang='lat' dir='ltr'><strong>Enimvero,</strong></span> <span class='ocrx_word' id='word_1_45' title='bbox 3197 563 3318 618; x_wconf 83' lang='lat' dir='ltr'><strong>nasi</strong></span> <span class='ocrx_word' id='word_1_46' title='bbox 3375 563 3606 618; x_wconf 62' lang='lat' dir='ltr'><strong>diversae</strong></span> 
     </span>
    </p>
   </div>
   <div class='ocr_carea' id='block_1_10' title="bbox 2009 652 3603 724">
    <p class='ocr_par' dir='ltr' id='par_1_10' title="bbox 2009 652 3603 724">
     <span class='ocr_line' id='line_1_10' title="bbox 2009 652 3603 724; baseline -0.004 -10"><span class='ocrx_word' id='word_1_47' title='bbox 2009 659 2200 714; x_wconf 68' lang='lat' dir='ltr'><strong>forma:</strong></span> <span class='ocrx_word' id='word_1_48' title='bbox 2219 657 2488 710; x_wconf 89' lang='lat' dir='ltr'><strong>visuntur.</strong></span> <span class='ocrx_word' id='word_1_49' title='bbox 2527 652 2665 709; x_wconf 90' lang='lat' dir='ltr'><strong>Sunt</strong></span> <span class='ocrx_word' id='word_1_50' title='bbox 2706 654 2799 724; x_wconf 92' lang='lat' dir='ltr'><strong>qui</strong></span> <span class='ocrx_word' id='word_1_51' title='bbox 2826 669 3056 708; x_wconf 89' lang='lat' dir='ltr'><strong>recurvo</strong></span> <span class='ocrx_word' id='word_1_52' title='bbox 3088 663 3217 709; x_wconf 90' lang='lat' dir='ltr'><strong>sunt</strong></span> <span class='ocrx_word' id='word_1_53' title='bbox 3242 655 3477 724; x_wconf 71' lang='lat' dir='ltr'><strong>prmditi,</strong></span> <span class='ocrx_word' id='word_1_54' title='bbox 3509 655 3603 708; x_wconf 86' lang='lat' dir='ltr'><strong>alii</strong></span> 
     </span>
    </p>
   </div>
   <div class='ocr_carea' id='block_1_11' title="bbox 2012 745 3603 816">
    <p class='ocr_par' dir='ltr' id='par_1_11' title="bbox 2012 745 3603 816">
     <span class='ocr_line' id='line_1_11' title="bbox 2012 745 3603 816; baseline -0.005 -10"><span class='ocrx_word' id='word_1_55' title='bbox 2012 752 2066 806; x_wconf 87' lang='lat' dir='ltr'><strong>in</strong></span> <span class='ocrx_word' id='word_1_56' title='bbox 2089 748 2434 804; x_wconf 88' lang='lat' dir='ltr'><strong>latitudinem</strong></span> <span class='ocrx_word' id='word_1_57' title='bbox 2455 748 2748 813; x_wconf 86' lang='lat' dir='ltr'><strong>distracto;</strong></span> <span class='ocrx_word' id='word_1_58' title='bbox 2780 746 2870 799; x_wconf 86' lang='lat' dir='ltr'><strong>alii</strong></span> <span class='ocrx_word' id='word_1_59' title='bbox 2890 747 3125 800; x_wconf 90' lang='lat' dir='ltr'><strong>rotunda</strong></span> <span class='ocrx_word' id='word_1_60' title='bbox 3154 745 3359 816; x_wconf 85' lang='lat' dir='ltr'><strong>ﬁgura;</strong></span> <span class='ocrx_word' id='word_1_61' title='bbox 3381 745 3603 815; x_wconf 85' lang='lat' dir='ltr'><strong>quidam</strong></span> 
     </span>
    </p>
   </div>
   <div class='ocr_carea' id='block_1_12' title="bbox 309 838 3601 930">
    <p class='ocr_par' dir='ltr' id='par_1_12' title="bbox 309 838 3601 930">
     <span class='ocr_line' id='line_1_12' title="bbox 309 838 3601 930; baseline -0.011 -6"><span class='ocrx_word' id='word_1_62' title='bbox 309 838 510 926; x_wconf 66' lang='lat' dir='ltr'><strong>simum</strong></span> <span class='ocrx_word' id='word_1_63' title='bbox 548 865 789 930; x_wconf 83' lang='lat' dir='ltr'><strong>habent;</strong></span> <span class='ocrx_word' id='word_1_64' title='bbox 818 863 876 916; x_wconf 91' lang='lat' dir='ltr'><strong>in</strong></span> <span class='ocrx_word' id='word_1_65' title='bbox 906 859 1028 915; x_wconf 89' lang='lat' dir='ltr'><strong>aliis</strong></span> <span class='ocrx_word' id='word_1_66' title='bbox 1063 856 1413 913; x_wconf 89' lang='lat' dir='ltr'><strong>acuminatus</strong></span> <span class='ocrx_word' id='word_1_67' title='bbox 1451 848 1697 906; x_wconf 88' lang='lat' dir='ltr'><strong>cernitur</strong></span> <span class='ocrx_word' id='word_1_68' title='bbox 1733 865 1748 902; x_wconf 91' lang='lat'><strong>:</strong></span> <span class='ocrx_word' id='word_1_69' title='bbox 1791 846 1847 900; x_wconf 91' lang='lat' dir='ltr'><strong>in</strong></span> <span class='ocrx_word' id='word_1_70' title='bbox 1888 843 2221 915; x_wconf 88' lang='lat' dir='ltr'><strong>quibusdam</strong></span> <span class='ocrx_word' id='word_1_71' title='bbox 2266 844 2493 914; x_wconf 82' lang='lat' dir='ltr'><strong>ingens;</strong></span> <span class='ocrx_word' id='word_1_72' title='bbox 2538 840 2591 893; x_wconf 94' lang='lat' dir='ltr'><strong>in</strong></span> <span class='ocrx_word' id='word_1_73' title='bbox 2639 839 2918 909; x_wconf 81' lang='lat' dir='ltr'><strong>plerisque</strong></span> <span class='ocrx_word' id='word_1_74' title='bbox 2965 853 3169 908; x_wconf 88' lang='lat' dir='ltr'><strong>parvus</strong></span> <span class='ocrx_word' id='word_1_75' title='bbox 3245 838 3533 910; x_wconf 80' lang='lat' dir='ltr'><strong>inSpicitnr</strong></span> <span class='ocrx_word' id='word_1_76' title='bbox 3590 855 3601 888; x_wconf 92' lang='lat'><strong>:</strong></span> 
     </span>
    </p>
   </div>
   <div class='ocr_carea' id='block_1_13' title="bbox 311 933 3056 1030">
    <p class='ocr_par' dir='ltr' id='par_1_13' title="bbox 311 933 3056 1030">
     <span class='ocr_line' id='line_1_13' title="bbox 311 933 3056 1030; baseline -0.011 -13"><span class='ocrx_word' id='word_1_77' title='bbox 311 962 428 1017; x_wconf 84' lang='lat' dir='ltr'><strong>haec</strong></span> <span class='ocrx_word' id='word_1_78' title='bbox 454 960 727 1030; x_wconf 80' lang='lat' dir='ltr'><strong>siquidem</strong></span> <span class='ocrx_word' id='word_1_79' title='bbox 750 971 878 1028; x_wconf 86' lang='lat' dir='ltr'><strong>pars</strong></span> <span class='ocrx_word' id='word_1_80' title='bbox 905 969 1018 1026; x_wconf 68' lang='lat' dir='ltr'><strong>pra:</strong></span> <span class='ocrx_word' id='word_1_81' title='bbox 1046 948 1262 1008; x_wconf 72' lang='lat' dir='ltr'><strong>caeteris</strong></span> <span class='ocrx_word' id='word_1_82' title='bbox 1299 943 1544 1002; x_wconf 85' lang='lat' dir='ltr'><strong>hominis</strong></span> <span class='ocrx_word' id='word_1_83' title='bbox 1587 941 1783 999; x_wconf 78' lang='lat' dir='ltr'><strong>faciem</strong></span> <span class='ocrx_word' id='word_1_84' title='bbox 1817 937 2115 995; x_wconf 82' lang='lat' dir='ltr'><strong>formosam</strong></span> <span class='ocrx_word' id='word_1_85' title='bbox 2142 936 2561 1004; x_wconf 85' lang='lat' dir='ltr'><strong>deformemque</strong></span> <span class='ocrx_word' id='word_1_86' title='bbox 2594 933 2830 988; x_wconf 80' lang='lat' dir='ltr'><strong>maxime</strong></span> <span class='ocrx_word' id='word_1_87' title='bbox 2862 933 3056 988; x_wconf 81' lang='lat' dir='ltr'><strong>reddit.</strong></span> 
     </span>
    </p>
   </div>
   <div class='ocr_carea' id='block_1_14' title="bbox 666 1154 1551 1234">
    <p class='ocr_par' dir='ltr' id='par_1_14' title="bbox 666 1154 1551 1234">
     <span class='ocr_line' id='line_1_14' title="bbox 666 1154 1551 1234; baseline -0.014 -15"><span class='ocrx_word' id='word_1_88' title='bbox 666 1167 811 1234; x_wconf 84' lang='grc' dir='ltr'>Κεφ.</span> <span class='ocrx_word' id='word_1_89' title='bbox 839 1165 913 1219; x_wconf 87' lang='lat' dir='ltr'><strong>E&#39;.</strong></span> <span class='ocrx_word' id='word_1_90' title='bbox 942 1191 1014 1201; x_wconf 95' lang='lat'><strong>—</strong></span> <span class='ocrx_word' id='word_1_91' title='bbox 1037 1158 1180 1229; x_wconf 79' lang='grc' dir='ltr'>Περὶ</span> <span class='ocrx_word' id='word_1_92' title='bbox 1201 1154 1551 1227; x_wconf 79' lang='grc' dir='ltr'>μαγούλων.</span> 
     </span>
    </p>
   </div>
   <div class='ocr_carea' id='block_1_15' title="bbox 383 1261 1902 1350">
    <p class='ocr_par' dir='ltr' id='par_1_15' title="bbox 383 1261 1902 1350">
     <span class='ocr_line' id='line_1_15' title="bbox 383 1261 1902 1350; baseline -0.018 -11"><span class='ocrx_word' id='word_1_93' title='bbox 383 1285 466 1339; x_wconf 84' lang='grc' dir='ltr'><strong>Τὰ</strong></span> <span class='ocrx_word' id='word_1_94' title='bbox 518 1282 575 1336; x_wconf 84' lang='grc' dir='ltr'>δὲ</span> <span class='ocrx_word' id='word_1_95' title='bbox 627 1279 909 1350; x_wconf 73' lang='grc' dir='ltr'>μάγουλα</span> <span class='ocrx_word' id='word_1_96' title='bbox 955 1275 1050 1329; x_wconf 84' lang='grc' dir='ltr'><strong>καὶ</strong></span> <span class='ocrx_word' id='word_1_97' title='bbox 1080 1272 1255 1344; x_wconf 73' lang='grc' dir='ltr'>μῆλα</span> <span class='ocrx_word' id='word_1_98' title='bbox 1299 1273 1593 1341; x_wconf 87' lang='grc' dir='ltr'>λέγονται·</span> <span class='ocrx_word' id='word_1_99' title='bbox 1633 1261 1798 1316; x_wconf 82' lang='grc' dir='ltr'><strong>ὀστέα</strong></span> <span class='ocrx_word' id='word_1_100' title='bbox 1844 1261 1902 1315; x_wconf 85' lang='grc' dir='ltr'><strong>δέ</strong></span> 
     </span>
    </p>
   </div>
   <div class='ocr_carea' id='block_1_16' title="bbox 310 1353 1904 1445">
    <p class='ocr_par' dir='ltr' id='par_1_16' title="bbox 310 1353 1904 1445">
     <span class='ocr_line' id='line_1_16' title="bbox 310 1353 1904 1445; baseline -0.018 -9"><span class='ocrx_word' id='word_1_101' title='bbox 310 1382 423 1436; x_wconf 77' lang='grc' dir='ltr'>εισι</span> <span class='ocrx_word' id='word_1_102' title='bbox 450 1373 717 1445; x_wconf 85' lang='grc' dir='ltr'>κυφοειδῆ</span> <span class='ocrx_word' id='word_1_103' title='bbox 751 1373 866 1434; x_wconf 86' lang='grc' dir='ltr'>τοῖς</span> <span class='ocrx_word' id='word_1_104' title='bbox 897 1368 1200 1440; x_wconf 79' lang='grc' dir='ltr'><strong>κροτάφοις</strong></span> <span class='ocrx_word' id='word_1_105' title='bbox 1226 1358 1651 1436; x_wconf 81' lang='grc' dir='ltr'><strong>συμπεφυκότα.</strong></span> <span class='ocrx_word' id='word_1_106' title='bbox 1681 1353 1904 1408; x_wconf 79' lang='grc' dir='ltr'>Τούτων</span> 
     </span>
    </p>
   </div>
   <div class='ocr_carea' id='block_1_17' title="bbox 310 1447 1906 1544">
    <p class='ocr_par' dir='ltr' id='par_1_17' title="bbox 310 1447 1906 1544">
     <span class='ocr_line' id='line_1_17' title="bbox 310 1447 1906 1544; baseline -0.02 -14"><span class='ocrx_word' id='word_1_107' title='bbox 310 1475 369 1530; x_wconf 75' lang='grc' dir='ltr'>δὲ</span> <span class='ocrx_word' id='word_1_108' title='bbox 406 1469 572 1544; x_wconf 84' lang='grc' dir='ltr'>μόριά</span> <span class='ocrx_word' id='word_1_109' title='bbox 601 1470 731 1532; x_wconf 80' lang='grc' dir='ltr'>εἱσι,</span> <span class='ocrx_word' id='word_1_110' title='bbox 755 1470 852 1520; x_wconf 74' lang='grc' dir='ltr'><strong>καὶ</strong></span> <span class='ocrx_word' id='word_1_111' title='bbox 884 1463 953 1518; x_wconf 77' lang='grc' dir='ltr'>τὰ</span> <span class='ocrx_word' id='word_1_112' title='bbox 982 1461 1093 1516; x_wconf 84' lang='grc' dir='ltr'><strong>τῶν</strong></span> <span class='ocrx_word' id='word_1_113' title='bbox 1117 1459 1348 1514; x_wconf 88' lang='grc' dir='ltr'><strong>ὀδόντων</strong></span> <span class='ocrx_word' id='word_1_114' title='bbox 1395 1457 1621 1510; x_wconf 79' lang='grc' dir='ltr'>πάντων</span> <span class='ocrx_word' id='word_1_115' title='bbox 1672 1447 1906 1518; x_wconf 82' lang='grc' dir='ltr'>φατνία,</span> 
     </span>
    </p>
   </div>
   <div class='ocr_carea' id='block_1_18' title="bbox 315 1542 1910 1638">
    <p class='ocr_par' dir='ltr' id='par_1_18' title="bbox 315 1542 1910 1638">
     <span class='ocr_line' id='line_1_18' title="bbox 315 1542 1910 1638; baseline -0.017 -16"><span class='ocrx_word' id='word_1_116' title='bbox 315 1542 458 1638; x_wconf 66' lang='grc' dir='ltr'>πλην</span> <span class='ocrx_word' id='word_1_117' title='bbox 480 1542 590 1618; x_wconf 79' lang='grc' dir='ltr'><strong>τῶν</strong></span> <span class='ocrx_word' id='word_1_118' title='bbox 611 1560 848 1632; x_wconf 84' lang='grc' dir='ltr'>τομέων.</span> <span class='ocrx_word' id='word_1_119' title='bbox 883 1556 1156 1626; x_wconf 81' lang='grc' dir='ltr'>Μάγουλα</span> <span class='ocrx_word' id='word_1_120' title='bbox 1190 1553 1248 1607; x_wconf 80' lang='grc' dir='ltr'><strong>δὲ</strong></span> <span class='ocrx_word' id='word_1_121' title='bbox 1302 1551 1399 1606; x_wconf 72' lang='grc' dir='ltr'><strong>καὶ</strong></span> <span class='ocrx_word' id='word_1_122' title='bbox 1454 1549 1604 1622; x_wconf 79' lang='grc' dir='ltr'>μῆλα</span> <span class='ocrx_word' id='word_1_123' title='bbox 1657 1544 1814 1620; x_wconf 81' lang='grc' dir='ltr'>παρὰ</span> <span class='ocrx_word' id='word_1_124' title='bbox 1846 1542 1910 1597; x_wconf 84' lang='grc' dir='ltr'>τὸ</span> 
     </span>
    </p>
   </div>
   <div class='ocr_carea' id='block_1_19' title="bbox 318 1641 1907 1733">
    <p class='ocr_par' dir='ltr' id='par_1_19' title="bbox 318 1641 1907 1733">
     <span class='ocr_line' id='line_1_19' title="bbox 318 1641 1907 1733; baseline -0.013 -17"><span class='ocrx_word' id='word_1_125' title='bbox 318 1660 464 1733; x_wconf 77' lang='grc' dir='ltr'>μάλα</span> <span class='ocrx_word' id='word_1_126' title='bbox 486 1660 528 1691; x_wconf 78' lang='grc' dir='ltr'><strong>³ι</strong></span> <span class='ocrx_word' id='word_1_127' title='bbox 561 1657 657 1712; x_wconf 74' lang='grc' dir='ltr'>καὶ</span> <span class='ocrx_word' id='word_1_128' title='bbox 685 1656 746 1710; x_wconf 83' lang='grc' dir='ltr'>τὸ</span> <span class='ocrx_word' id='word_1_129' title='bbox 777 1651 959 1709; x_wconf 80' lang='grc' dir='ltr'>οὖλον.</span> <span class='ocrx_word' id='word_1_130' title='bbox 993 1652 1156 1714; x_wconf 81' lang='grc' dir='ltr'>Τινὲς</span> <span class='ocrx_word' id='word_1_131' title='bbox 1184 1650 1241 1703; x_wconf 77' lang='grc' dir='ltr'>δὲ</span> <span class='ocrx_word' id='word_1_132' title='bbox 1291 1648 1381 1702; x_wconf 84' lang='grc' dir='ltr'>διὰ</span> <span class='ocrx_word' id='word_1_133' title='bbox 1423 1647 1486 1701; x_wconf 84' lang='grc' dir='ltr'><strong>τὸ</strong></span> <span class='ocrx_word' id='word_1_134' title='bbox 1537 1646 1770 1718; x_wconf 77' lang='grc' dir='ltr'>ἐρυθρὸν</span> <span class='ocrx_word' id='word_1_135' title='bbox 1810 1641 1907 1695; x_wconf 84' lang='grc' dir='ltr'><strong>τοῦ</strong></span> 
     </span>
    </p>
   </div>
   <div class='ocr_carea' id='block_1_20' title="bbox 320 1735 1912 1825">
    <p class='ocr_par' dir='ltr' id='par_1_20' title="bbox 320 1735 1912 1825">
     <span class='ocr_line' id='line_1_20' title="bbox 320 1735 1912 1825; baseline -0.011 -20"><span class='ocrx_word' id='word_1_136' title='bbox 320 1752 494 1825; x_wconf 82' lang='grc' dir='ltr'>μήλου</span> <span class='ocrx_word' id='word_1_137' title='bbox 529 1751 624 1805; x_wconf 69' lang='grc' dir='ltr'>καὶ</span> <span class='ocrx_word' id='word_1_138' title='bbox 655 1749 833 1803; x_wconf 87' lang='grc' dir='ltr'>ταῦτα</span> <span class='ocrx_word' id='word_1_139' title='bbox 857 1746 1032 1809; x_wconf 72' lang='grc' dir='ltr'>οὕτως</span> <span class='ocrx_word' id='word_1_140' title='bbox 1063 1743 1315 1799; x_wconf 84' lang='grc' dir='ltr'>καλοῦσι.</span> <span class='ocrx_word' id='word_1_141' title='bbox 1344 1742 1458 1811; x_wconf 86' lang='grc' dir='ltr'>Τῆς</span> <span class='ocrx_word' id='word_1_142' title='bbox 1503 1739 1611 1812; x_wconf 79' lang='grc' dir='ltr'>γὰρ</span> <span class='ocrx_word' id='word_1_143' title='bbox 1655 1735 1912 1809; x_wconf 85' lang='grc' dir='ltr'>εὐχροίας</span> 
     </span>
    </p>
   </div>
   <div class='ocr_carea' id='block_1_21' title="bbox 315 1827 1904 1913">
    <p class='ocr_par' dir='ltr' id='par_1_21' title="bbox 315 1827 1904 1913">
     <span class='ocr_line' id='line_1_21' title="bbox 315 1827 1904 1913; baseline -0.011 -15"><span class='ocrx_word' id='word_1_144' title='bbox 315 1844 412 1898; x_wconf 86' lang='grc' dir='ltr'><strong>τοῦ</strong></span> <span class='ocrx_word' id='word_1_145' title='bbox 450 1841 706 1913; x_wconf 81' lang='grc' dir='ltr'>σώματος</span> <span class='ocrx_word' id='word_1_146' title='bbox 741 1841 839 1895; x_wconf 71' lang='grc' dir='ltr'>καὶ</span> <span class='ocrx_word' id='word_1_147' title='bbox 871 1838 967 1894; x_wconf 84' lang='grc' dir='ltr'><strong>τοῦ</strong></span> <span class='ocrx_word' id='word_1_148' title='bbox 1015 1836 1262 1908; x_wconf 75' lang='grc' dir='ltr'>ἐμφύτου</span> <span class='ocrx_word' id='word_1_149' title='bbox 1299 1833 1511 1906; x_wconf 85' lang='grc' dir='ltr'>θερμοῦ</span> <span class='ocrx_word' id='word_1_150' title='bbox 1563 1829 1818 1886; x_wconf 87' lang='grc' dir='ltr'>δεικτικὰ</span> <span class='ocrx_word' id='word_1_151' title='bbox 1840 1827 1904 1880; x_wconf 81' lang='grc'>⁸³.</span> 
     </span>
    </p>
   </div>
   <div class='ocr_carea' id='block_1_22' title="bbox 317 1918 1910 2002">
    <p class='ocr_par' dir='ltr' id='par_1_22' title="bbox 317 1918 1910 2002">
     <span class='ocr_line' id='line_1_22' title="bbox 317 1918 1910 2002; baseline -0.01 -18"><span class='ocrx_word' id='word_1_152' title='bbox 317 1929 492 1984; x_wconf 88' lang='grc' dir='ltr'>Τοῦτο</span> <span class='ocrx_word' id='word_1_153' title='bbox 519 1931 581 1982; x_wconf 85' lang='grc' dir='ltr'><strong>τὸ</strong></span> <span class='ocrx_word' id='word_1_154' title='bbox 609 1929 776 2002; x_wconf 84' lang='grc' dir='ltr'>μέρος</span> <span class='ocrx_word' id='word_1_155' title='bbox 801 1928 896 1983; x_wconf 80' lang='grc' dir='ltr'><strong>καὶ</strong></span> <span class='ocrx_word' id='word_1_156' title='bbox 933 1926 1188 1996; x_wconf 84' lang='grc' dir='ltr'>σιαγόνες</span> <span class='ocrx_word' id='word_1_157' title='bbox 1217 1925 1495 1994; x_wconf 87' lang='grc' dir='ltr'>λέγονται,</span> <span class='ocrx_word' id='word_1_158' title='bbox 1548 1922 1632 1975; x_wconf 82' lang='grc' dir='ltr'>ὅτι</span> <span class='ocrx_word' id='word_1_159' title='bbox 1666 1918 1910 1972; x_wconf 81' lang='grc' dir='ltr'>σείονται</span> 
     </span>
    </p>
   </div>
   <div class='ocr_carea' id='block_1_23' title="bbox 319 2008 1912 2094">
    <p class='ocr_par' dir='ltr' id='par_1_23' title="bbox 319 2008 1912 2094">
     <span class='ocr_line' id='line_1_23' title="bbox 319 2008 1912 2094; baseline -0.009 -19"><span class='ocrx_word' id='word_1_160' title='bbox 319 2021 746 2094; x_wconf 83' lang='grc' dir='ltr'>περιαγόμεναι,</span> <span class='ocrx_word' id='word_1_161' title='bbox 777 2019 872 2074; x_wconf 76' lang='grc' dir='ltr'><strong>καὶ</strong></span> <span class='ocrx_word' id='word_1_162' title='bbox 899 2017 1231 2087; x_wconf 83' lang='grc' dir='ltr'>συνάγονται</span> <span class='ocrx_word' id='word_1_163' title='bbox 1279 2016 1339 2068; x_wconf 88' lang='grc' dir='ltr'>ὲν</span> <span class='ocrx_word' id='word_1_164' title='bbox 1369 2013 1451 2084; x_wconf 83' lang='grc' dir='ltr'><strong>τῷ</strong></span> <span class='ocrx_word' id='word_1_165' title='bbox 1504 2011 1714 2066; x_wconf 70' lang='grc' dir='ltr'>ἐσθίειν</span> <span class='ocrx_word' id='word_1_166' title='bbox 1761 2008 1912 2080; x_wconf 78' lang='grc' dir='ltr'>ἡμᾶς</span> 
     </span>
    </p>
   </div>
   <div class='ocr_carea' id='block_1_24' title="bbox 320 2101 1912 2186">
    <p class='ocr_par' dir='ltr' id='par_1_24' title="bbox 320 2101 1912 2186">
     <span class='ocr_line' id='line_1_24' title="bbox 320 2101 1912 2186; baseline -0.008 -17"><span class='ocrx_word' id='word_1_167' title='bbox 320 2116 354 2186; x_wconf 81' lang='grc' dir='ltr'>ἢ</span> <span class='ocrx_word' id='word_1_168' title='bbox 383 2116 596 2186; x_wconf 83' lang='grc' dir='ltr'>ὁμιλεῖν</span> <span class='ocrx_word' id='word_1_169' title='bbox 621 2131 635 2146; x_wconf 72' lang='grc' dir='ltr'><strong><em>ο</em></strong></span> <span class='ocrx_word' id='word_1_170' title='bbox 659 2115 692 2186; x_wconf 78' lang='grc' dir='ltr'>ἢ</span> <span class='ocrx_word' id='word_1_171' title='bbox 712 2115 794 2168; x_wconf 85' lang='grc' dir='ltr'><strong>ὅτι</strong></span> <span class='ocrx_word' id='word_1_172' title='bbox 819 2113 1066 2185; x_wconf 85' lang='grc' dir='ltr'>σιγῶμεν</span> <span class='ocrx_word' id='word_1_173' title='bbox 1088 2112 1253 2184; x_wconf 79' lang='grc' dir='ltr'>ἡμεῖς</span> <span class='ocrx_word' id='word_1_174' title='bbox 1279 2108 1464 2165; x_wconf 83' lang='grc' dir='ltr'>αὐτῶν</span> <span class='ocrx_word' id='word_1_175' title='bbox 1494 2101 1912 2174; x_wconf 82' lang='grc' dir='ltr'>κεκλεισμένων</span> 
     </span>
    </p>
   </div>
   <div class='ocr_carea' id='block_1_25' title="bbox 321 2207 513 2261">
    <p class='ocr_par' dir='ltr' id='par_1_25' title="bbox 321 2207 513 2261">
     <span class='ocr_line' id='line_1_25' title="bbox 321 2207 513 2261; baseline 0.01 -2"><span class='ocrx_word' id='word_1_176' title='bbox 321 2207 513 2261; x_wconf 77' lang='grc' dir='ltr'>ὀντων.</span> 
     </span>
    </p>
   </div>
   <div class='ocr_carea' id='block_1_26' title="bbox 2488 1139 3112 1211">
    <p class='ocr_par' dir='ltr' id='par_1_26' title="bbox 2488 1139 3112 1211">
     <span class='ocr_line' id='line_1_26' title="bbox 2488 1139 3112 1211; baseline -0.003 -15"><span class='ocrx_word' id='word_1_177' title='bbox 2488 1143 2621 1211; x_wconf 88' lang='lat' dir='ltr'><strong>Cap.</strong></span> <span class='ocrx_word' id='word_1_178' title='bbox 2663 1143 2726 1196; x_wconf 74' lang='grc' dir='ltr'>γ.</span> <span class='ocrx_word' id='word_1_179' title='bbox 2753 1171 2824 1184; x_wconf 86' lang='grc'><strong>--</strong></span> <span class='ocrx_word' id='word_1_180' title='bbox 2845 1139 2917 1194; x_wconf 88' lang='lat' dir='ltr'><strong>De</strong></span> <span class='ocrx_word' id='word_1_181' title='bbox 2945 1140 3112 1211; x_wconf 71' lang='lat' dir='ltr'><strong>genis.</strong></span> 
     </span>
    </p>
   </div>
   <div class='ocr_carea' id='block_1_27' title="bbox 2083 1250 3606 1328">
    <p class='ocr_par' dir='ltr' id='par_1_27' title="bbox 2083 1250 3606 1328">
     <span class='ocr_line' id='line_1_27' title="bbox 2083 1250 3606 1328; baseline -0.009 -10"><span class='ocrx_word' id='word_1_182' title='bbox 2083 1262 2246 1318; x_wconf 66' lang='lat' dir='ltr'><strong>Cena:</strong></span> <span class='ocrx_word' id='word_1_183' title='bbox 2301 1267 2507 1322; x_wconf 87' lang='lat' dir='ltr'><strong>autem,</strong></span> <span class='ocrx_word' id='word_1_184' title='bbox 2563 1272 2686 1328; x_wconf 72' lang='lat' dir='ltr'><strong>quae</strong></span> <span class='ocrx_word' id='word_1_185' title='bbox 2736 1264 2790 1310; x_wconf 88' lang='lat' dir='ltr'><strong>et</strong></span> <span class='ocrx_word' id='word_1_186' title='bbox 2846 1253 3003 1308; x_wconf 79' lang='lat' dir='ltr'><strong>malae</strong></span> <span class='ocrx_word' id='word_1_187' title='bbox 3063 1260 3351 1320; x_wconf 84' lang='lat' dir='ltr'><strong>vocantur,</strong></span> <span class='ocrx_word' id='word_1_188' title='bbox 3384 1251 3486 1322; x_wconf 82' lang='lat'><strong>71</strong></span> <span class='ocrx_word' id='word_1_189' title='bbox 3537 1250 3606 1305; x_wconf 88' lang='lat' dir='ltr'><strong>ab</strong></span> 
     </span>
    </p>
   </div>
   <div class='ocr_carea' id='block_1_28' title="bbox 2013 1351 3604 1424">
    <p class='ocr_par' dir='ltr' id='par_1_28' title="bbox 2013 1351 3604 1424">
     <span class='ocr_line' id='line_1_28' title="bbox 2013 1351 3604 1424; baseline -0.01 -14"><span class='ocrx_word' id='word_1_190' title='bbox 2013 1354 2148 1424; x_wconf 86' lang='lat' dir='ltr'><strong>ipsis</strong></span> <span class='ocrx_word' id='word_1_191' title='bbox 2197 1351 2365 1422; x_wconf 82' lang='grc' dir='ltr'>μῆλα,</span> <span class='ocrx_word' id='word_1_192' title='bbox 2400 1364 2645 1406; x_wconf 81' lang='lat' dir='ltr'><strong>convexa</strong></span> <span class='ocrx_word' id='word_1_193' title='bbox 2698 1362 2824 1401; x_wconf 85' lang='lat' dir='ltr'><strong>ossa</strong></span> <span class='ocrx_word' id='word_1_194' title='bbox 2881 1355 3031 1408; x_wconf 89' lang='lat' dir='ltr'><strong>sunt,</strong></span> <span class='ocrx_word' id='word_1_195' title='bbox 3061 1360 3182 1414; x_wconf 79' lang='lat' dir='ltr'><strong>qua-</strong></span> <span class='ocrx_word' id='word_1_196' title='bbox 3215 1358 3340 1398; x_wconf 90' lang='lat' dir='ltr'><strong>cum</strong></span> <span class='ocrx_word' id='word_1_197' title='bbox 3391 1351 3604 1411; x_wconf 88' lang='lat' dir='ltr'><strong>tempo-</strong></span> 
     </span>
    </p>
   </div>
   <div class='ocr_carea' id='block_1_29' title="bbox 2019 1432 3604 1511">
    <p class='ocr_par' dir='ltr' id='par_1_29' title="bbox 2019 1432 3604 1511">
     <span class='ocr_line' id='line_1_29' title="bbox 2019 1432 3604 1511; baseline -0.009 -11"><span class='ocrx_word' id='word_1_198' title='bbox 2019 1446 2176 1504; x_wconf 87' lang='lat' dir='ltr'><strong>ribus</strong></span> <span class='ocrx_word' id='word_1_199' title='bbox 2231 1448 2706 1511; x_wconf 82' lang='lat' dir='ltr'><strong>coagmentantur.</strong></span> <span class='ocrx_word' id='word_1_200' title='bbox 2759 1437 2819 1492; x_wconf 90' lang='lat' dir='ltr'><strong>ln</strong></span> <span class='ocrx_word' id='word_1_201' title='bbox 2885 1438 3080 1490; x_wconf 89' lang='lat' dir='ltr'><strong>horum</strong></span> <span class='ocrx_word' id='word_1_202' title='bbox 3147 1442 3330 1488; x_wconf 89' lang='lat' dir='ltr'><strong>autem</strong></span> <span class='ocrx_word' id='word_1_203' title='bbox 3394 1432 3604 1487; x_wconf 89' lang='lat' dir='ltr'><strong>ossium</strong></span> 
     </span>
    </p>
   </div>
   <div class='ocr_carea' id='block_1_30' title="bbox 2021 1523 3607 1609">
    <p class='ocr_par' dir='ltr' id='par_1_30' title="bbox 2021 1523 3607 1609">
     <span class='ocr_line' id='line_1_30' title="bbox 2021 1523 3607 1609; baseline -0.008 -18"><span class='ocrx_word' id='word_1_204' title='bbox 2021 1545 2194 1609; x_wconf 89' lang='lat' dir='ltr'><strong>parte,</strong></span> <span class='ocrx_word' id='word_1_205' title='bbox 2219 1547 2414 1588; x_wconf 82' lang='lat' dir='ltr'><strong>ornnes</strong></span> <span class='ocrx_word' id='word_1_206' title='bbox 2435 1532 2627 1587; x_wconf 81' lang='lat' dir='ltr'><strong>dentes</strong></span> <span class='ocrx_word' id='word_1_207' title='bbox 2647 1539 2845 1600; x_wconf 77' lang='lat' dir='ltr'><strong>praeter</strong></span> <span class='ocrx_word' id='word_1_208' title='bbox 2869 1528 2992 1582; x_wconf 89' lang='lat' dir='ltr'><strong>illos</strong></span> <span class='ocrx_word' id='word_1_209' title='bbox 3021 1527 3115 1597; x_wconf 88' lang='lat' dir='ltr'><strong>qui</strong></span> <span class='ocrx_word' id='word_1_210' title='bbox 3170 1525 3392 1582; x_wconf 83' lang='lat' dir='ltr'><strong>secandi</strong></span> <span class='ocrx_word' id='word_1_211' title='bbox 3424 1523 3607 1580; x_wconf 83' lang='lat' dir='ltr'><strong>ofﬁcio</strong></span> 
     </span>
    </p>
   </div>
   <div class='ocr_carea' id='block_1_31' title="bbox 2025 1617 3610 1701">
    <p class='ocr_par' dir='ltr' id='par_1_31' title="bbox 2025 1617 3610 1701">
     <span class='ocr_line' id='line_1_31' title="bbox 2025 1617 3610 1701; baseline -0.009 -15"><span class='ocrx_word' id='word_1_212' title='bbox 2025 1627 2261 1701; x_wconf 81' lang='lat' dir='ltr'><strong>delegati</strong></span> <span class='ocrx_word' id='word_1_213' title='bbox 2291 1634 2440 1691; x_wconf 88' lang='lat' dir='ltr'><strong>sunt,</strong></span> <span class='ocrx_word' id='word_1_214' title='bbox 2463 1639 2562 1680; x_wconf 90' lang='lat' dir='ltr'><strong>ceu</strong></span> <span class='ocrx_word' id='word_1_215' title='bbox 2599 1623 2650 1678; x_wconf 91' lang='lat' dir='ltr'><strong>in</strong></span> <span class='ocrx_word' id='word_1_216' title='bbox 2681 1621 2923 1692; x_wconf 87' lang='lat' dir='ltr'><strong>laqueari</strong></span> <span class='ocrx_word' id='word_1_217' title='bbox 2948 1619 3137 1674; x_wconf 87' lang='lat' dir='ltr'><strong>inserti</strong></span> <span class='ocrx_word' id='word_1_218' title='bbox 3161 1621 3432 1674; x_wconf 89' lang='lat' dir='ltr'><strong>visuntur.</strong></span> <span class='ocrx_word' id='word_1_219' title='bbox 3455 1617 3610 1672; x_wconf 75' lang='lat' dir='ltr'><strong>Malae</strong></span> 
     </span>
    </p>
   </div>
   <div class='ocr_carea' id='block_1_32' title="bbox 2017 1711 3608 1790">
    <p class='ocr_par' dir='ltr' id='par_1_32' title="bbox 2017 1711 3608 1790">
     <span class='ocr_line' id='line_1_32' title="bbox 2017 1711 3608 1790; baseline -0.009 -12"><span class='ocrx_word' id='word_1_220' title='bbox 2017 1724 2164 1779; x_wconf 91' lang='lat' dir='ltr'><strong>enim</strong></span> <span class='ocrx_word' id='word_1_221' title='bbox 2210 1722 2282 1776; x_wconf 96' lang='lat' dir='ltr'><strong>ob</strong></span> <span class='ocrx_word' id='word_1_222' title='bbox 2330 1720 2381 1774; x_wconf 92' lang='lat' dir='ltr'><strong>id</strong></span> <span class='ocrx_word' id='word_1_223' title='bbox 2441 1718 2591 1790; x_wconf 81' lang='grc' dir='ltr'>μῆλα</span> <span class='ocrx_word' id='word_1_224' title='bbox 2629 1716 2785 1770; x_wconf 83' lang='lat' dir='ltr'><strong>dictae</strong></span> <span class='ocrx_word' id='word_1_225' title='bbox 2835 1722 2986 1780; x_wconf 90' lang='lat' dir='ltr'><strong>sunt,</strong></span> <span class='ocrx_word' id='word_1_226' title='bbox 3028 1714 3173 1783; x_wconf 91' lang='lat' dir='ltr'><strong>quod</strong></span> <span class='ocrx_word' id='word_1_227' title='bbox 3223 1711 3608 1776; x_wconf 83' lang='lat' dir='ltr'><strong>lubricitatem,</strong></span> 
     </span>
    </p>
   </div>
   <div class='ocr_carea' id='block_1_33' title="bbox 2013 1802 3612 1881">
    <p class='ocr_par' dir='ltr' id='par_1_33' title="bbox 2013 1802 3612 1881">
     <span class='ocr_line' id='line_1_33' title="bbox 2013 1802 3612 1881; baseline -0.01 -11"><span class='ocrx_word' id='word_1_228' title='bbox 2013 1831 2078 1872; x_wconf 88' lang='lat' dir='ltr'><strong>ac</strong></span> <span class='ocrx_word' id='word_1_229' title='bbox 2110 1813 2398 1869; x_wconf 68' lang='lat' dir='ltr'><strong>laevitatem</strong></span> <span class='ocrx_word' id='word_1_230' title='bbox 2420 1809 2741 1881; x_wconf 89' lang='lat' dir='ltr'><strong>quamdam,</strong></span> <span class='ocrx_word' id='word_1_231' title='bbox 2763 1805 3227 1876; x_wconf 83' lang='lat' dir='ltr'><strong>quemadmodum</strong></span> <span class='ocrx_word' id='word_1_232' title='bbox 3260 1803 3470 1858; x_wconf 87' lang='lat' dir='ltr'><strong>fructus</strong></span> <span class='ocrx_word' id='word_1_233' title='bbox 3497 1802 3612 1873; x_wconf 83' lang='lat' dir='ltr'><strong>ple-</strong></span> 
     </span>
    </p>
   </div>
   <div class='ocr_carea' id='block_1_34' title="bbox 2021 1892 3609 1974">
    <p class='ocr_par' dir='ltr' id='par_1_34' title="bbox 2021 1892 3609 1974">
     <span class='ocr_line' id='line_1_34' title="bbox 2021 1892 3609 1974; baseline -0.011 -12"><span class='ocrx_word' id='word_1_234' title='bbox 2021 1919 2251 1974; x_wconf 90' lang='lat' dir='ltr'><strong>rumque</strong></span> <span class='ocrx_word' id='word_1_235' title='bbox 2299 1899 2647 1959; x_wconf 87' lang='lat' dir='ltr'><strong>ostendunt:</strong></span> <span class='ocrx_word' id='word_1_236' title='bbox 2686 1913 2716 1952; x_wconf 89' lang='lat' dir='ltr'><strong>a</strong></span> <span class='ocrx_word' id='word_1_237' title='bbox 2768 1895 3121 1967; x_wconf 89' lang='lat' dir='ltr'><strong>quibusdam,</strong></span> <span class='ocrx_word' id='word_1_238' title='bbox 3170 1896 3241 1950; x_wconf 96' lang='lat' dir='ltr'><strong>ob</strong></span> <span class='ocrx_word' id='word_1_239' title='bbox 3287 1892 3609 1949; x_wconf 85' lang='lat' dir='ltr'><strong>rubedinem</strong></span> 
     </span>
    </p>
   </div>
   <div class='ocr_carea' id='block_1_35' title="bbox 2021 1986 3610 2060">
    <p class='ocr_par' dir='ltr' id='par_1_35' title="bbox 2021 1986 3610 2060">
     <span class='ocr_line' id='line_1_35' title="bbox 2021 1986 3610 2060; baseline -0.008 -8"><span class='ocrx_word' id='word_1_240' title='bbox 2021 1997 2153 2052; x_wconf 89' lang='lat' dir='ltr'><strong>mali</strong></span> <span class='ocrx_word' id='word_1_241' title='bbox 2229 1995 2303 2050; x_wconf 92' lang='lat' dir='ltr'><strong>ita</strong></span> <span class='ocrx_word' id='word_1_242' title='bbox 2377 2005 2433 2048; x_wconf 83' lang='lat' dir='ltr'><strong>et</strong></span> <span class='ocrx_word' id='word_1_243' title='bbox 2483 1993 2568 2048; x_wconf 70' lang='lat' dir='ltr'><strong>ha:</strong></span> <span class='ocrx_word' id='word_1_244' title='bbox 2603 1999 3015 2060; x_wconf 87' lang='lat' dir='ltr'><strong>nuncupantur.</strong></span> <span class='ocrx_word' id='word_1_245' title='bbox 3068 1986 3164 2042; x_wconf 66' lang='lat' dir='ltr'><strong>Ha:</strong></span> <span class='ocrx_word' id='word_1_246' title='bbox 3220 1987 3366 2042; x_wconf 89' lang='lat' dir='ltr'><strong>enim</strong></span> <span class='ocrx_word' id='word_1_247' title='bbox 3404 1989 3610 2041; x_wconf 88' lang='lat' dir='ltr'><strong>bonum</strong></span> 
     </span>
    </p>
   </div>
   <div class='ocr_carea' id='block_1_36' title="bbox 2020 2078 3612 2158">
    <p class='ocr_par' dir='ltr' id='par_1_36' title="bbox 2020 2078 3612 2158">
     <span class='ocr_line' id='line_1_36' title="bbox 2020 2078 3612 2158; baseline -0.008 -14"><span class='ocrx_word' id='word_1_248' title='bbox 2020 2086 2276 2158; x_wconf 89' lang='lat' dir='ltr'><strong>corporis</strong></span> <span class='ocrx_word' id='word_1_249' title='bbox 2315 2085 2576 2149; x_wconf 87' lang='lat' dir='ltr'><strong>colorem,</strong></span> <span class='ocrx_word' id='word_1_250' title='bbox 2608 2095 2772 2154; x_wconf 91' lang='lat' dir='ltr'><strong>atque</strong></span> <span class='ocrx_word' id='word_1_251' title='bbox 2815 2081 2963 2137; x_wconf 77' lang='lat' dir='ltr'><strong>illius</strong></span> <span class='ocrx_word' id='word_1_252' title='bbox 2989 2079 3085 2150; x_wconf 90' lang='lat' dir='ltr'><strong>qui</strong></span> <span class='ocrx_word' id='word_1_253' title='bbox 3119 2080 3174 2134; x_wconf 92' lang='lat' dir='ltr'><strong>in</strong></span> <span class='ocrx_word' id='word_1_254' title='bbox 3221 2079 3382 2134; x_wconf 87' lang='lat' dir='ltr'><strong>nobis</strong></span> <span class='ocrx_word' id='word_1_255' title='bbox 3415 2078 3612 2133; x_wconf 87' lang='lat' dir='ltr'><strong>insitus</strong></span> 
     </span>
    </p>
   </div>
   <div class='ocr_carea' id='block_1_37' title="bbox 2021 2169 3612 2244">
    <p class='ocr_par' dir='ltr' id='par_1_37' title="bbox 2021 2169 3612 2244">
     <span class='ocr_line' id='line_1_37' title="bbox 2021 2169 3612 2244; baseline -0.01 -5"><span class='ocrx_word' id='word_1_256' title='bbox 2021 2188 2111 2239; x_wconf 87' lang='lat' dir='ltr'><strong>est</strong></span> <span class='ocrx_word' id='word_1_257' title='bbox 2156 2179 2354 2235; x_wconf 90' lang='lat' dir='ltr'><strong>caloris</strong></span> <span class='ocrx_word' id='word_1_258' title='bbox 2401 2176 2776 2232; x_wconf 87' lang='lat' dir='ltr'><strong>salubritatem</strong></span> <span class='ocrx_word' id='word_1_259' title='bbox 2826 2181 3237 2244; x_wconf 67' lang='lat' dir='ltr'><strong>repraesentant.</strong></span> <span class='ocrx_word' id='word_1_260' title='bbox 3267 2169 3394 2225; x_wconf 71' lang='lat' dir='ltr'><strong>Haec</strong></span> <span class='ocrx_word' id='word_1_261' title='bbox 3429 2181 3612 2225; x_wconf 72' lang='lat' dir='ltr'><strong>autem</strong></span> 
     </span>
    </p>
   </div>
   <div class='ocr_carea' id='block_1_38' title="bbox 325 2266 1923 2373">
    <p class='ocr_par' dir='ltr' id='par_1_38' title="bbox 325 2285 1923 2373">
     <span class='ocr_line' id='line_1_38' title="bbox 325 2285 1923 2373; baseline -0.005 -18"><span class='ocrx_word' id='word_1_262' title='bbox 325 2319 452 2373; x_wconf 78' lang='lat' dir='ltr'><strong>pars</strong></span> <span class='ocrx_word' id='word_1_263' title='bbox 510 2313 566 2360; x_wconf 89' lang='lat' dir='ltr'><strong>et</strong></span> <span class='ocrx_word' id='word_1_264' title='bbox 635 2302 875 2359; x_wconf 63' lang='lat' dir='ltr'><strong>maxilla:</strong></span> <span class='ocrx_word' id='word_1_265' title='bbox 927 2299 1252 2371; x_wconf 83' lang='lat' dir='ltr'><strong>appellatur,</strong></span> <span class='ocrx_word' id='word_1_266' title='bbox 1297 2312 1420 2368; x_wconf 64' lang='lat' dir='ltr'><strong>quae</strong></span> <span class='ocrx_word' id='word_1_267' title='bbox 1458 2296 1528 2350; x_wconf 80' lang='lat' dir='ltr'><strong>ab</strong></span> <span class='ocrx_word' id='word_1_268' title='bbox 1592 2293 1727 2365; x_wconf 90' lang='lat' dir='ltr'><strong>ipsis</strong></span> <span class='ocrx_word' id='word_1_269' title='bbox 1774 2285 1923 2355; x_wconf 70' lang='grc' dir='ltr'>σιαγέ</span> 
     </span>
    </p>
   </div>
   <div class='ocr_carea' id='block_1_39' title="bbox 2029 2266 3615 2373">
    <p class='ocr_par' dir='ltr' id='par_1_39' title="bbox 2063 2266 3615 2340">
     <span class='ocr_line' id='line_1_39' title="bbox 2063 2266 3615 2340; baseline -0.01 -7"><span class='ocrx_word' id='word_1_270' title='bbox 2063 2275 2343 2339; x_wconf 84' lang='lat' dir='ltr'><strong>dicuntur,</strong></span> <span class='ocrx_word' id='word_1_271' title='bbox 2412 2273 2494 2326; x_wconf 84' lang='grc' dir='ltr'><strong>ὅτι</strong></span> <span class='ocrx_word' id='word_1_272' title='bbox 2568 2270 2804 2325; x_wconf 81' lang='grc' dir='ltr'>σείονται</span> <span class='ocrx_word' id='word_1_273' title='bbox 2847 2268 3264 2340; x_wconf 81' lang='grc' dir='ltr'>περιαγόμεναι,</span> <span class='ocrx_word' id='word_1_274' title='bbox 3313 2282 3379 2321; x_wconf 84' lang='lat' dir='ltr'><strong>ex</strong></span> <span class='ocrx_word' id='word_1_275' title='bbox 3437 2280 3504 2320; x_wconf 91' lang='lat' dir='ltr'><strong>eo</strong></span> <span class='ocrx_word' id='word_1_276' title='bbox 3535 2266 3615 2318; x_wconf 84' lang='lat' dir='ltr'><strong>vi-</strong></span> 
     </span>
    </p>
   </div>
   <div class='ocr_carea' id='block_1_40' title="bbox 325 2359 3614 2466">
    <p class='ocr_par' dir='ltr' id='par_1_40' title="bbox 325 2359 3614 2466">
     <span class='ocr_line' id='line_1_40' title="bbox 325 2359 3614 2466; baseline -0.011 -19"><span class='ocrx_word' id='word_1_277' title='bbox 325 2359 538 2462; x_wconf 73' lang='lat' dir='ltr'><strong>delicet,</strong></span> <span class='ocrx_word' id='word_1_278' title='bbox 586 2395 733 2466; x_wconf 91' lang='lat' dir='ltr'><strong>quod</strong></span> <span class='ocrx_word' id='word_1_279' title='bbox 769 2410 881 2465; x_wconf 83' lang='lat' dir='ltr'><strong>prae</strong></span> <span class='ocrx_word' id='word_1_280' title='bbox 911 2359 1013 2449; x_wconf 42' lang='lat' dir='ltr'><strong>sui.</strong></span> <span class='ocrx_word' id='word_1_281' title='bbox 1031 2359 1333 2464; x_wconf 74' lang='lat' dir='ltr'><strong>agitatione</strong></span> <span class='ocrx_word' id='word_1_282' title='bbox 1363 2359 1792 2446; x_wconf 74' lang='lat' dir='ltr'><strong>concutiuntur:</strong></span> <span class='ocrx_word' id='word_1_283' title='bbox 1831 2379 1914 2436; x_wconf 86' lang='lat' dir='ltr'><strong>vel</strong></span> <span class='ocrx_word' id='word_1_284' title='bbox 1955 2373 2104 2445; x_wconf 88' lang='lat' dir='ltr'><strong>quod</strong></span> <span class='ocrx_word' id='word_1_285' title='bbox 2137 2385 2200 2424; x_wconf 86' lang='lat' dir='ltr'><strong>ea</strong></span> <span class='ocrx_word' id='word_1_286' title='bbox 2275 2383 2398 2437; x_wconf 82' lang='lat' dir='ltr'><strong>quae</strong></span> <span class='ocrx_word' id='word_1_287' title='bbox 2461 2364 2826 2420; x_wconf 87' lang='lat' dir='ltr'><strong>comeduntur</strong></span> <span class='ocrx_word' id='word_1_288' title='bbox 2858 2369 3212 2431; x_wconf 79' lang='lat' dir='ltr'><strong>congregant,</strong></span> <span class='ocrx_word' id='word_1_289' title='bbox 3262 2359 3405 2430; x_wconf 89' lang='lat' dir='ltr'><strong>quod</strong></span> <span class='ocrx_word' id='word_1_290' title='bbox 3453 2360 3614 2411; x_wconf 79' lang='grc' dir='ltr'>συνά-</span> 
     </span>
    </p>
   </div>
   <div class='ocr_carea' id='block_1_41' title="bbox 327 2454 3612 2559">
    <p class='ocr_par' dir='ltr' id='par_1_41' title="bbox 327 2454 3612 2559">
     <span class='ocr_line' id='line_1_41' title="bbox 327 2454 3612 2559; baseline -0.01 -16"><span class='ocrx_word' id='word_1_291' title='bbox 327 2507 444 2558; x_wconf 87' lang='grc' dir='ltr'>γειν</span> <span class='ocrx_word' id='word_1_292' title='bbox 494 2491 569 2545; x_wconf 89' lang='lat' dir='ltr'><strong>illi</strong></span> <span class='ocrx_word' id='word_1_293' title='bbox 603 2454 824 2547; x_wconf 61' lang='lat' dir='ltr'><strong>dicunt.</strong></span> <span class='ocrx_word' id='word_1_294' title='bbox 862 2491 989 2545; x_wconf 87' lang='lat' dir='ltr'><strong>Sive</strong></span> <span class='ocrx_word' id='word_1_295' title='bbox 1055 2454 1201 2559; x_wconf 72' lang='lat' dir='ltr'><strong>quod</strong></span> <span class='ocrx_word' id='word_1_296' title='bbox 1244 2503 1346 2542; x_wconf 91' lang='lat' dir='ltr'><strong>nos</strong></span> <span class='ocrx_word' id='word_1_297' title='bbox 1413 2485 1634 2540; x_wconf 89' lang='lat' dir='ltr'><strong>clausas</strong></span> <span class='ocrx_word' id='word_1_298' title='bbox 1682 2482 1830 2551; x_wconf 91' lang='lat' dir='ltr'><strong>ipsas</strong></span> <span class='ocrx_word' id='word_1_299' title='bbox 1893 2469 2238 2530; x_wconf 89' lang='lat' dir='ltr'><strong>continentes</strong></span> <span class='ocrx_word' id='word_1_300' title='bbox 2284 2462 2501 2519; x_wconf 87' lang='lat' dir='ltr'><strong>silentia</strong></span> <span class='ocrx_word' id='word_1_301' title='bbox 2552 2460 2782 2530; x_wconf 81' lang='lat' dir='ltr'><strong>agimus,</strong></span> <span class='ocrx_word' id='word_1_302' title='bbox 2833 2455 2978 2533; x_wconf 88' lang='lat' dir='ltr'><strong>quod</strong></span> <span class='ocrx_word' id='word_1_303' title='bbox 3027 2455 3132 2526; x_wconf 89' lang='lat' dir='ltr'><strong>ipsi</strong></span> <span class='ocrx_word' id='word_1_304' title='bbox 3209 2456 3370 2525; x_wconf 84' lang='grc' dir='ltr'>σιγᾷν</span> <span class='ocrx_word' id='word_1_305' title='bbox 3401 2454 3612 2509; x_wconf 89' lang='lat' dir='ltr'><strong>dicunt.</strong></span> 
     </span>
    </p>
   </div>
   <div class='ocr_carea' id='block_1_42' title="bbox 328 2591 1914 2674">
    <p class='ocr_par' dir='ltr' id='par_1_42' title="bbox 328 2591 1914 2674">
     <span class='ocr_line' id='line_1_42' title="bbox 328 2591 1914 2674; baseline -0.018 1"><span class='ocrx_word' id='word_1_306' title='bbox 328 2604 471 2674; x_wconf 69' lang='grc' dir='ltr'><strong>κεφο</strong></span> <span class='ocrx_word' id='word_1_307' title='bbox 513 2605 604 2670; x_wconf 59' lang='grc' dir='ltr'><strong>ς’·</strong></span> <span class='ocrx_word' id='word_1_308' title='bbox 638 2633 710 2644; x_wconf 88' lang='grc'><strong><em>-</em></strong></span> <span class='ocrx_word' id='word_1_309' title='bbox 738 2603 881 2672; x_wconf 81' lang='grc' dir='ltr'>Περὶ</span> <span class='ocrx_word' id='word_1_310' title='bbox 923 2601 1036 2671; x_wconf 86' lang='grc' dir='ltr'>τῆς</span> <span class='ocrx_word' id='word_1_311' title='bbox 1065 2599 1189 2654; x_wconf 77' lang='grc' dir='ltr'><strong>ἄνω</strong></span> <span class='ocrx_word' id='word_1_312' title='bbox 1217 2598 1438 2671; x_wconf 75' lang='grc' dir='ltr'>γένυος</span> <span class='ocrx_word' id='word_1_313' title='bbox 1462 2596 1560 2650; x_wconf 77' lang='grc' dir='ltr'>καὶ</span> <span class='ocrx_word' id='word_1_314' title='bbox 1594 2594 1706 2664; x_wconf 80' lang='grc' dir='ltr'>τῆς</span> <span class='ocrx_word' id='word_1_315' title='bbox 1733 2591 1914 2646; x_wconf 78' lang='grc' dir='ltr'>κάτω.</span> 
     </span>
    </p>
   </div>
   <div class='ocr_carea' id='block_1_43' title="bbox 396 2702 1914 2783">
    <p class='ocr_par' dir='ltr' id='par_1_43' title="bbox 396 2702 1914 2783">
     <span class='ocr_line' id='line_1_43' title="bbox 396 2702 1914 2783; baseline -0.01 -15"><span class='ocrx_word' id='word_1_316' title='bbox 396 2714 631 2782; x_wconf 81' lang='grc' dir='ltr'>Λέγεται</span> <span class='ocrx_word' id='word_1_317' title='bbox 667 2713 762 2767; x_wconf 68' lang='grc' dir='ltr'><strong>καὶ</strong></span> <span class='ocrx_word' id='word_1_318' title='bbox 785 2712 910 2767; x_wconf 77' lang='grc' dir='ltr'><strong>ἅνω</strong></span> <span class='ocrx_word' id='word_1_319' title='bbox 939 2711 1144 2783; x_wconf 74' lang='grc' dir='ltr'>γένυς.</span> <span class='ocrx_word' id='word_1_320' title='bbox 1183 2709 1327 2781; x_wconf 87' lang='grc' dir='ltr'>μετὰ</span> <span class='ocrx_word' id='word_1_321' title='bbox 1369 2707 1467 2761; x_wconf 87' lang='grc' dir='ltr'><strong>τοῦ</strong></span> <span class='ocrx_word' id='word_1_322' title='bbox 1497 2707 1613 2762; x_wconf 77' lang='grc' dir='ltr'>ἄνω</span> <span class='ocrx_word' id='word_1_323' title='bbox 1657 2702 1872 2774; x_wconf 82' lang='grc' dir='ltr'>χείλους</span> <span class='ocrx_word' id='word_1_324' title='bbox 1899 2717 1914 2732; x_wconf 85' lang='grc'><strong>·</strong></span> 
     </span>
    </p>
   </div>
   <div class='ocr_carea' id='block_1_44' title="bbox 326 2797 1914 2876">
    <p class='ocr_par' dir='ltr' id='par_1_44' title="bbox 326 2797 1914 2876">
     <span class='ocr_line' id='line_1_44' title="bbox 326 2797 1914 2876; baseline -0.006 -17"><span class='ocrx_word' id='word_1_325' title='bbox 326 2806 422 2859; x_wconf 73' lang='grc' dir='ltr'><strong>καὶ</strong></span> <span class='ocrx_word' id='word_1_326' title='bbox 456 2805 614 2859; x_wconf 78' lang='grc' dir='ltr'>κάτω</span> <span class='ocrx_word' id='word_1_327' title='bbox 635 2807 681 2839; x_wconf 83' lang='grc'><strong>³³</strong></span> <span class='ocrx_word' id='word_1_328' title='bbox 709 2806 790 2870; x_wconf 82' lang='grc' dir='ltr'><strong>δὲ,</strong></span> <span class='ocrx_word' id='word_1_329' title='bbox 855 2808 997 2876; x_wconf 81' lang='grc' dir='ltr'><strong>μετά</strong></span> <span class='ocrx_word' id='word_1_330' title='bbox 1044 2804 1140 2858; x_wconf 91' lang='grc' dir='ltr'><strong>τοῦ</strong></span> <span class='ocrx_word' id='word_1_331' title='bbox 1181 2803 1446 2871; x_wconf 82' lang='grc' dir='ltr'>πώγωνος</span> <span class='ocrx_word' id='word_1_332' title='bbox 1493 2800 1590 2853; x_wconf 73' lang='grc' dir='ltr'>καὶ</span> <span class='ocrx_word' id='word_1_333' title='bbox 1640 2797 1750 2851; x_wconf 83' lang='grc' dir='ltr'><strong>τῶν</strong></span> <span class='ocrx_word' id='word_1_334' title='bbox 1803 2812 1914 2850; x_wconf 87' lang='grc' dir='ltr'>πα-</span> 
     </span>
    </p>
   </div>
   <div class='ocr_carea' id='block_1_45' title="bbox 330 2888 1918 2970">
    <p class='ocr_par' dir='ltr' id='par_1_45' title="bbox 330 2888 1918 2970">
     <span class='ocr_line' id='line_1_45' title="bbox 330 2888 1918 2970; baseline -0.007 -20"><span class='ocrx_word' id='word_1_335' title='bbox 330 2897 512 2970; x_wconf 83' lang='grc' dir='ltr'>ρειῶν.</span> <span class='ocrx_word' id='word_1_336' title='bbox 554 2899 665 2952; x_wconf 78' lang='grc' dir='ltr'>Καὶ</span> <span class='ocrx_word' id='word_1_337' title='bbox 691 2897 789 2951; x_wconf 61' lang='grc' dir='ltr'>τὶην</span> <span class='ocrx_word' id='word_1_338' title='bbox 821 2898 920 2968; x_wconf 80' lang='grc' dir='ltr'><strong>μὲν</strong></span> <span class='ocrx_word' id='word_1_339' title='bbox 953 2897 1106 2950; x_wconf 85' lang='grc' dir='ltr'>κάτω</span> <span class='ocrx_word' id='word_1_340' title='bbox 1148 2895 1330 2950; x_wconf 85' lang='grc' dir='ltr'>πάντα</span> <span class='ocrx_word' id='word_1_341' title='bbox 1368 2894 1438 2947; x_wconf 83' lang='grc' dir='ltr'>τὰ</span> <span class='ocrx_word' id='word_1_342' title='bbox 1464 2892 1580 2956; x_wconf 82' lang='grc' dir='ltr'><strong>ζῶα</strong></span> <span class='ocrx_word' id='word_1_343' title='bbox 1606 2892 1770 2953; x_wconf 90' lang='grc' dir='ltr'>κινεῖ,</span> <span class='ocrx_word' id='word_1_344' title='bbox 1817 2888 1918 2958; x_wconf 86' lang='grc' dir='ltr'>τὴν</span> 
     </span>
    </p>
   </div>
   <div class='ocr_carea' id='block_1_46' title="bbox 325 2978 1919 3061">
    <p class='ocr_par' dir='ltr' id='par_1_46' title="bbox 325 2978 1919 3061">
     <span class='ocr_line' id='line_1_46' title="bbox 325 2978 1919 3061; baseline -0.008 -17"><span class='ocrx_word' id='word_1_345' title='bbox 325 2990 442 3044; x_wconf 84' lang='grc' dir='ltr'><strong>ἄνω</strong></span> <span class='ocrx_word' id='word_1_346' title='bbox 472 2989 528 3042; x_wconf 80' lang='grc' dir='ltr'><strong>δὲ</strong></span> <span class='ocrx_word' id='word_1_347' title='bbox 567 2989 779 3061; x_wconf 80' lang='grc' dir='ltr'>μηδένα</span> <span class='ocrx_word' id='word_1_348' title='bbox 857 2991 906 3041; x_wconf 83' lang='grc' dir='ltr'><strong>εί</strong></span> <span class='ocrx_word' id='word_1_349' title='bbox 937 2987 1012 3060; x_wconf 85' lang='grc' dir='ltr'>μὴ</span> <span class='ocrx_word' id='word_1_350' title='bbox 1031 2989 1076 3020; x_wconf 70' lang='grc'>³⁸</span> <span class='ocrx_word' id='word_1_351' title='bbox 1102 2987 1194 3041; x_wconf 73' lang='grc' dir='ltr'><strong>τὸν</strong></span> <span class='ocrx_word' id='word_1_352' title='bbox 1221 2983 1565 3057; x_wconf 83' lang='grc' dir='ltr'>κροκόδειλον</span> <span class='ocrx_word' id='word_1_353' title='bbox 1601 2980 1785 3052; x_wconf 86' lang='grc' dir='ltr'>μόνον,</span> <span class='ocrx_word' id='word_1_354' title='bbox 1823 2978 1919 3032; x_wconf 82' lang='grc' dir='ltr'><strong>καὶ</strong></span> 
     </span>
    </p>
   </div>
   <div class='ocr_carea' id='block_1_47' title="bbox 325 3072 1916 3154">
    <p class='ocr_par' dir='ltr' id='par_1_47' title="bbox 325 3072 1916 3154">
     <span class='ocr_line' id='line_1_47' title="bbox 325 3072 1916 3154; baseline -0.001 -18"><span class='ocrx_word' id='word_1_355' title='bbox 325 3083 420 3136; x_wconf 82' lang='grc' dir='ltr'><strong>τὸν</strong></span> <span class='ocrx_word' id='word_1_356' title='bbox 469 3082 692 3151; x_wconf 79' lang='grc' dir='ltr'>φοίνικα</span> <span class='ocrx_word' id='word_1_357' title='bbox 726 3082 820 3136; x_wconf 86' lang='grc' dir='ltr'><strong>τὸν</strong></span> <span class='ocrx_word' id='word_1_358' title='bbox 865 3082 1054 3154; x_wconf 82' lang='grc' dir='ltr'>δρνεον</span> <span class='ocrx_word' id='word_1_359' title='bbox 1082 3096 1096 3112; x_wconf 90' lang='grc'><strong>·</strong></span> <span class='ocrx_word' id='word_1_360' title='bbox 1147 3079 1318 3148; x_wconf 79' lang='grc' dir='ltr'>ἄμφω</span> <span class='ocrx_word' id='word_1_361' title='bbox 1350 3077 1461 3148; x_wconf 83' lang='grc' dir='ltr'>γὰρ</span> <span class='ocrx_word' id='word_1_362' title='bbox 1514 3076 1576 3128; x_wconf 79' lang='grc' dir='ltr'><strong>οὐ</strong></span> <span class='ocrx_word' id='word_1_363' title='bbox 1633 3075 1733 3144; x_wconf 81' lang='grc' dir='ltr'><strong>τὴν</strong></span> <span class='ocrx_word' id='word_1_364' title='bbox 1764 3072 1916 3134; x_wconf 78' lang='grc' dir='ltr'>κάτω</span> 
     </span>
    </p>
   </div>
   <div class='ocr_carea' id='block_1_48' title="bbox 326 3165 1994 3252">
    <p class='ocr_par' dir='ltr' id='par_1_48' title="bbox 326 3165 1994 3252">
     <span class='ocr_line' id='line_1_48' title="bbox 326 3165 1994 3252; baseline -0.005 -26"><span class='ocrx_word' id='word_1_365' title='bbox 326 3177 514 3244; x_wconf 73' lang='grc' dir='ltr'>μόνον,</span> <span class='ocrx_word' id='word_1_366' title='bbox 545 3175 683 3230; x_wconf 74' lang='grc' dir='ltr'>ἄλλα</span> <span class='ocrx_word' id='word_1_367' title='bbox 733 3177 828 3229; x_wconf 83' lang='grc' dir='ltr'><strong>καὶ</strong></span> <span class='ocrx_word' id='word_1_368' title='bbox 883 3175 986 3244; x_wconf 77' lang='grc' dir='ltr'><strong>τὴν</strong></span> <span class='ocrx_word' id='word_1_369' title='bbox 1025 3174 1140 3229; x_wconf 85' lang='grc' dir='ltr'>ἄνω</span> <span class='ocrx_word' id='word_1_370' title='bbox 1179 3173 1348 3241; x_wconf 82' lang='grc' dir='ltr'>γένυν</span> <span class='ocrx_word' id='word_1_371' title='bbox 1399 3171 1562 3223; x_wconf 88' lang='grc' dir='ltr'>κινεῖ.</span> <span class='ocrx_word' id='word_1_372' title='bbox 1611 3169 1660 3222; x_wconf 87' lang='grc' dir='ltr'><em>Γ</em></span> <span class='ocrx_word' id='word_1_373' title='bbox 1664 3167 1811 3231; x_wconf 78' lang='grc' dir='ltr'><strong>ἐνυς</strong></span> <span class='ocrx_word' id='word_1_374' title='bbox 1861 3165 1920 3218; x_wconf 83' lang='grc' dir='ltr'>δὲ</span> <span class='ocrx_word' id='word_1_375' title='bbox 1951 3195 1994 3252; x_wconf 77' lang='lat' dir='ltr'><strong><em>C</em></strong></span> 
     </span>
    </p>
   </div>
   <div class='ocr_carea' id='block_1_49' title="bbox 325 3261 1922 3339">
    <p class='ocr_par' dir='ltr' id='par_1_49' title="bbox 325 3261 1922 3339">
     <span class='ocr_line' id='line_1_49' title="bbox 325 3261 1922 3339; baseline -0.008 -14"><span class='ocrx_word' id='word_1_376' title='bbox 325 3271 550 3338; x_wconf 82' lang='grc' dir='ltr'>λέγεται</span> <span class='ocrx_word' id='word_1_377' title='bbox 573 3271 620 3301; x_wconf 81' lang='grc'>³³</span> <span class='ocrx_word' id='word_1_378' title='bbox 658 3272 722 3323; x_wconf 83' lang='grc' dir='ltr'>ὲκ</span> <span class='ocrx_word' id='word_1_379' title='bbox 752 3268 850 3324; x_wconf 89' lang='grc' dir='ltr'><strong>τοῦ</strong></span> <span class='ocrx_word' id='word_1_380' title='bbox 885 3271 954 3324; x_wconf 84' lang='grc' dir='ltr'>τὰ</span> <span class='ocrx_word' id='word_1_381' title='bbox 983 3272 1118 3338; x_wconf 84' lang='grc' dir='ltr'>γένη</span> <span class='ocrx_word' id='word_1_382' title='bbox 1141 3265 1498 3339; x_wconf 79' lang='grc' dir='ltr'>διαχωρίζειν</span> <span class='ocrx_word' id='word_1_383' title='bbox 1527 3263 1637 3317; x_wconf 84' lang='grc' dir='ltr'><strong>τῶν</strong></span> <span class='ocrx_word' id='word_1_384' title='bbox 1672 3261 1922 3333; x_wconf 66' lang='grc' dir='ltr'>ἀρρένων</span> 
     </span>
    </p>
   </div>
   <div class='ocr_carea' id='block_1_50' title="bbox 327 3353 1920 3433">
    <p class='ocr_par' dir='ltr' id='par_1_50' title="bbox 327 3353 1920 3433">
     <span class='ocr_line' id='line_1_50' title="bbox 327 3353 1920 3433; baseline -0.009 -17"><span class='ocrx_word' id='word_1_385' title='bbox 327 3363 426 3416; x_wconf 71' lang='grc' dir='ltr'><strong>καὶ</strong></span> <span class='ocrx_word' id='word_1_386' title='bbox 454 3363 562 3415; x_wconf 81' lang='grc' dir='ltr'><strong>τῶν</strong></span> <span class='ocrx_word' id='word_1_387' title='bbox 611 3362 867 3433; x_wconf 79' lang='grc' dir='ltr'>θηλειῶν,</span> <span class='ocrx_word' id='word_1_388' title='bbox 901 3363 997 3415; x_wconf 73' lang='grc' dir='ltr'><strong>καὶ</strong></span> <span class='ocrx_word' id='word_1_389' title='bbox 1043 3360 1272 3414; x_wconf 82' lang='grc' dir='ltr'>τελείων</span> <span class='ocrx_word' id='word_1_390' title='bbox 1321 3360 1417 3412; x_wconf 69' lang='grc' dir='ltr'><strong>καὶ</strong></span> <span class='ocrx_word' id='word_1_391' title='bbox 1461 3355 1708 3410; x_wconf 79' lang='grc' dir='ltr'>ἀτελῶν·</span> <span class='ocrx_word' id='word_1_392' title='bbox 1744 3353 1777 3423; x_wconf 76' lang='grc' dir='ltr'><strong>ἦ</strong></span> <span class='ocrx_word' id='word_1_393' title='bbox 1837 3353 1920 3404; x_wconf 81' lang='grc' dir='ltr'><strong>ὅτι</strong></span> 
     </span>
    </p>
   </div>
   <div class='ocr_carea' id='block_1_51' title="bbox 326 3454 1116 3527">
    <p class='ocr_par' dir='ltr' id='par_1_51' title="bbox 326 3454 1116 3527">
     <span class='ocr_line' id='line_1_51' title="bbox 326 3454 1116 3527; baseline -0.003 -18"><span class='ocrx_word' id='word_1_394' title='bbox 326 3457 495 3527; x_wconf 80' lang='grc' dir='ltr'>γεννᾷ</span> <span class='ocrx_word' id='word_1_395' title='bbox 524 3455 745 3518; x_wconf 82' lang='grc' dir='ltr'>ὀδόντας</span> <span class='ocrx_word' id='word_1_396' title='bbox 762 3455 859 3509; x_wconf 78' lang='grc' dir='ltr'><strong>καὶ</strong></span> <span class='ocrx_word' id='word_1_397' title='bbox 898 3454 1116 3525; x_wconf 83' lang='grc' dir='ltr'>τρίχας.</span> 
     </span>
    </p>
   </div>
   <div class='ocr_carea' id='block_1_52' title="bbox 756 3647 1494 3722">
    <p class='ocr_par' dir='ltr' id='par_1_52' title="bbox 756 3647 1494 3722">
     <span class='ocr_line' id='line_1_52' title="bbox 756 3647 1494 3722; baseline -0.009 -15"><span class='ocrx_word' id='word_1_398' title='bbox 756 3655 900 3722; x_wconf 83' lang='grc' dir='ltr'>Κεφ.</span> <span class='ocrx_word' id='word_1_399' title='bbox 939 3653 1015 3705; x_wconf 90' lang='lat' dir='ltr'><strong>Z’.</strong></span> <span class='ocrx_word' id='word_1_400' title='bbox 1047 3649 1278 3718; x_wconf 78' lang='grc' dir='ltr'>-Περὶ</span> <span class='ocrx_word' id='word_1_401' title='bbox 1303 3647 1494 3701; x_wconf 79' lang='grc' dir='ltr'>ὤτων.</span> 
     </span>
    </p>
   </div>
   <div class='ocr_carea' id='block_1_53' title="bbox 401 3755 1924 3836">
    <p class='ocr_par' dir='ltr' id='par_1_53' title="bbox 401 3755 1924 3836">
     <span class='ocr_line' id='line_1_53' title="bbox 401 3755 1924 3836; baseline -0.008 -17"><span class='ocrx_word' id='word_1_402' title='bbox 401 3765 485 3819; x_wconf 77' lang='grc' dir='ltr'><strong>Τὰ</strong></span> <span class='ocrx_word' id='word_1_403' title='bbox 514 3764 573 3819; x_wconf 80' lang='grc' dir='ltr'>δὲ</span> <span class='ocrx_word' id='word_1_404' title='bbox 601 3758 718 3818; x_wconf 77' lang='grc' dir='ltr'>ὦτα</span> <span class='ocrx_word' id='word_1_405' title='bbox 773 3763 1052 3836; x_wconf 84' lang='grc' dir='ltr'>χονδρώδη</span> <span class='ocrx_word' id='word_1_406' title='bbox 1097 3761 1207 3816; x_wconf 75' lang='grc' dir='ltr'>εἰσὶ</span> <span class='ocrx_word' id='word_1_407' title='bbox 1245 3760 1343 3814; x_wconf 73' lang='grc' dir='ltr'><strong>καὶ</strong></span> <span class='ocrx_word' id='word_1_408' title='bbox 1388 3758 1658 3830; x_wconf 85' lang='grc' dir='ltr'>νευρώδη,</span> <span class='ocrx_word' id='word_1_409' title='bbox 1701 3755 1924 3826; x_wconf 83' lang='grc' dir='ltr'>ἀντιλη-</span> 
     </span>
    </p>
   </div>
   <div class='ocr_carea' id='block_1_54' title="bbox 336 3848 1924 3928">
    <p class='ocr_par' dir='ltr' id='par_1_54' title="bbox 336 3848 1924 3928">
     <span class='ocr_line' id='line_1_54' title="bbox 336 3848 1924 3928; baseline -0.008 -17"><span class='ocrx_word' id='word_1_410' title='bbox 336 3858 510 3913; x_wconf 82' lang='grc' dir='ltr'>πτικὰ</span> <span class='ocrx_word' id='word_1_411' title='bbox 547 3857 770 3928; x_wconf 86' lang='grc' dir='ltr'>φωνῶν,</span> <span class='ocrx_word' id='word_1_412' title='bbox 796 3858 894 3911; x_wconf 76' lang='grc' dir='ltr'><strong>καὶ</strong></span> <span class='ocrx_word' id='word_1_413' title='bbox 923 3855 1036 3910; x_wconf 80' lang='grc' dir='ltr'>τῶν</span> <span class='ocrx_word' id='word_1_414' title='bbox 1070 3856 1130 3908; x_wconf 80' lang='grc' dir='ltr'>ὲν</span> <span class='ocrx_word' id='word_1_415' title='bbox 1163 3854 1358 3915; x_wconf 81' lang='grc' dir='ltr'>αὑταῖς</span> <span class='ocrx_word' id='word_1_416' title='bbox 1389 3850 1666 3921; x_wconf 83' lang='grc' dir='ltr'>διαφορῶν</span> <span class='ocrx_word' id='word_1_417' title='bbox 1687 3866 1704 3882; x_wconf 76' lang='grc' dir='ltr'><strong><em>ο</em></strong></span> <span class='ocrx_word' id='word_1_418' title='bbox 1727 3848 1924 3919; x_wconf 74' lang='grc' dir='ltr'>ἐπιτή-</span> 
     </span>
    </p>
   </div>
   <div class='ocr_carea' id='block_1_55' title="bbox 329 3941 1926 4022">
    <p class='ocr_par' dir='ltr' id='par_1_55' title="bbox 329 3941 1926 4022">
     <span class='ocr_line' id='line_1_55' title="bbox 329 3941 1926 4022; baseline -0.008 -17"><span class='ocrx_word' id='word_1_419' title='bbox 329 3951 474 4014; x_wconf 82' lang='grc' dir='ltr'>δειος</span> <span class='ocrx_word' id='word_1_420' title='bbox 503 3951 614 4022; x_wconf 85' lang='grc' dir='ltr'>γὰρ</span> <span class='ocrx_word' id='word_1_421' title='bbox 641 3953 668 4003; x_wconf 88' lang='grc' dir='ltr'>ὁ</span> <span class='ocrx_word' id='word_1_422' title='bbox 690 3949 914 4020; x_wconf 86' lang='grc' dir='ltr'>χόνδρος</span> <span class='ocrx_word' id='word_1_423' title='bbox 943 3948 1085 4018; x_wconf 85' lang='grc' dir='ltr'>πρὸς</span> <span class='ocrx_word' id='word_1_424' title='bbox 1110 3946 1323 4017; x_wconf 79' lang='grc' dir='ltr'>ψόφους</span> <span class='ocrx_word' id='word_1_425' title='bbox 1347 3945 1441 3998; x_wconf 70' lang='grc' dir='ltr'>καὶ</span> <span class='ocrx_word' id='word_1_426' title='bbox 1463 3944 1654 4014; x_wconf 73' lang='grc' dir='ltr'>ἤχους.</span> <span class='ocrx_word' id='word_1_427' title='bbox 1687 3941 1926 4009; x_wconf 87' lang='grc' dir='ltr'>Λέγεται</span> 
     </span>
    </p>
   </div>
   <div class='ocr_carea' id='block_1_56' title="bbox 332 4032 1927 4114">
    <p class='ocr_par' dir='ltr' id='par_1_56' title="bbox 332 4032 1927 4114">
     <span class='ocr_line' id='line_1_56' title="bbox 332 4032 1927 4114; baseline -0.008 -16"><span class='ocrx_word' id='word_1_428' title='bbox 332 4043 389 4098; x_wconf 86' lang='grc' dir='ltr'>δὲ</span> <span class='ocrx_word' id='word_1_429' title='bbox 422 4040 544 4098; x_wconf 87' lang='grc' dir='ltr'>ὦτα</span> <span class='ocrx_word' id='word_1_430' title='bbox 573 4043 726 4114; x_wconf 79' lang='grc' dir='ltr'>παρὰ</span> <span class='ocrx_word' id='word_1_431' title='bbox 787 4041 850 4094; x_wconf 81' lang='grc' dir='ltr'>τὸ</span> <span class='ocrx_word' id='word_1_432' title='bbox 893 4039 1149 4112; x_wconf 80' lang='grc' dir='ltr'>δέχεσθαι</span> <span class='ocrx_word' id='word_1_433' title='bbox 1201 4037 1300 4110; x_wconf 76' lang='grc' dir='ltr'>τὴν</span> <span class='ocrx_word' id='word_1_434' title='bbox 1346 4037 1478 4101; x_wconf 74' lang='grc' dir='ltr'>ὅπα,</span> <span class='ocrx_word' id='word_1_435' title='bbox 1521 4034 1772 4089; x_wconf 86' lang='grc' dir='ltr'>τουτέστι</span> <span class='ocrx_word' id='word_1_436' title='bbox 1827 4032 1927 4103; x_wconf 80' lang='grc' dir='ltr'>τὴν</span> 
     </span>
    </p>
   </div>
   <div class='ocr_carea' id='block_1_57' title="bbox 336 4127 1928 4208">
    <p class='ocr_par' dir='ltr' id='par_1_57' title="bbox 336 4127 1928 4208">
     <span class='ocr_line' id='line_1_57' title="bbox 336 4127 1928 4208; baseline -0.008 -17"><span class='ocrx_word' id='word_1_437' title='bbox 336 4137 628 4208; x_wconf 75' lang='grc' dir='ltr'>φωνήνοή</span> <span class='ocrx_word' id='word_1_438' title='bbox 676 4135 788 4206; x_wconf 85' lang='grc' dir='ltr'>γὰρ</span> <span class='ocrx_word' id='word_1_439' title='bbox 834 4134 974 4203; x_wconf 79' lang='grc' dir='ltr'>ἀκοὴ</span> <span class='ocrx_word' id='word_1_440' title='bbox 1021 4132 1109 4186; x_wconf 80' lang='grc' dir='ltr'>διὰ</span> <span class='ocrx_word' id='word_1_441' title='bbox 1157 4131 1254 4185; x_wconf 90' lang='grc' dir='ltr'><strong>τοῦ</strong></span> <span class='ocrx_word' id='word_1_442' title='bbox 1291 4127 1754 4200; x_wconf 73' lang='grc' dir='ltr'>ἐγκεκρυμμένοι)</span> <span class='ocrx_word' id='word_1_443' title='bbox 1812 4127 1928 4189; x_wconf 86' lang='grc' dir='ltr'>τοῖς</span> 
     </span>
    </p>
   </div>
   <div class='ocr_carea' id='block_1_58' title="bbox 333 4217 1927 4299">
    <p class='ocr_par' dir='ltr' id='par_1_58' title="bbox 333 4217 1927 4299">
     <span class='ocr_line' id='line_1_58' title="bbox 333 4217 1927 4299; baseline -0.008 -16"><span class='ocrx_word' id='word_1_444' title='bbox 333 4231 469 4284; x_wconf 73' lang='grc' dir='ltr'>ὠσὶν</span> <span class='ocrx_word' id='word_1_445' title='bbox 531 4227 843 4299; x_wconf 83' lang='grc' dir='ltr'>πνεύματος</span> <span class='ocrx_word' id='word_1_446' title='bbox 877 4225 1268 4297; x_wconf 82' lang='grc' dir='ltr'>ὲπιγίνεται³⁶,</span> <span class='ocrx_word' id='word_1_447' title='bbox 1345 4221 1644 4295; x_wconf 81' lang='grc' dir='ltr'>ξηροτέρου</span> <span class='ocrx_word' id='word_1_448' title='bbox 1716 4217 1927 4294; x_wconf 80' lang='grc' dir='ltr'>μᾶλλον</span> 
     </span>
    </p>
   </div>
   <div class='ocr_carea' id='block_1_59' title="bbox 335 4319 936 4393">
    <p class='ocr_par' dir='ltr' id='par_1_59' title="bbox 335 4319 936 4393">
     <span class='ocr_line' id='line_1_59' title="bbox 335 4319 936 4393; baseline -0.003 -17"><span class='ocrx_word' id='word_1_449' title='bbox 335 4321 492 4386; x_wconf 69' lang='grc' dir='ltr'>ὄντος</span> <span class='ocrx_word' id='word_1_450' title='bbox 521 4321 554 4393; x_wconf 81' lang='grc' dir='ltr'>ἢ</span> <span class='ocrx_word' id='word_1_451' title='bbox 578 4319 936 4391; x_wconf 87' lang='grc' dir='ltr'>λεπτοτέρου.</span> 
     </span>
    </p>
   </div>
   <div class='ocr_carea' id='block_1_60' title="bbox 2155 2571 3491 2648">
    <p class='ocr_par' dir='ltr' id='par_1_60' title="bbox 2155 2571 3491 2648">
     <span class='ocr_line' id='line_1_60' title="bbox 2155 2571 3491 2648; baseline -0.01 -13"><span class='ocrx_word' id='word_1_452' title='bbox 2155 2579 2290 2648; x_wconf 86' lang='lat' dir='ltr'><strong>Cap.</strong></span> <span class='ocrx_word' id='word_1_453' title='bbox 2332 2575 2419 2630; x_wconf 79' lang='lat' dir='ltr'><strong>Vl.</strong></span> <span class='ocrx_word' id='word_1_454' title='bbox 2446 2605 2516 2617; x_wconf 88' lang='lat'><strong>—-—</strong></span> <span class='ocrx_word' id='word_1_455' title='bbox 2539 2572 2618 2628; x_wconf 86' lang='lat' dir='ltr'><strong>De</strong></span> <span class='ocrx_word' id='word_1_456' title='bbox 2645 2573 2916 2643; x_wconf 80' lang='lat' dir='ltr'><strong>superiore</strong></span> <span class='ocrx_word' id='word_1_457' title='bbox 2954 2583 3000 2626; x_wconf 82' lang='lat' dir='ltr'><strong>et</strong></span> <span class='ocrx_word' id='word_1_458' title='bbox 3043 2571 3296 2641; x_wconf 74' lang='lat' dir='ltr'><strong>inferiore</strong></span> <span class='ocrx_word' id='word_1_459' title='bbox 3337 2585 3491 2640; x_wconf 84' lang='lat' dir='ltr'><strong>gena.</strong></span> 
     </span>
    </p>
   </div>
   <div class='ocr_carea' id='block_1_61' title="bbox 2092 2678 3618 2752">
    <p class='ocr_par' dir='ltr' id='par_1_61' title="bbox 2092 2678 3618 2752">
     <span class='ocr_line' id='line_1_61' title="bbox 2092 2678 3618 2752; baseline -0.009 -8"><span class='ocrx_word' id='word_1_460' title='bbox 2092 2689 2382 2752; x_wconf 76' lang='lat' dir='ltr'><strong>Praeterea,</strong></span> <span class='ocrx_word' id='word_1_461' title='bbox 2438 2684 2556 2738; x_wconf 82' lang='lat' dir='ltr'><strong>haec</strong></span> <span class='ocrx_word' id='word_1_462' title='bbox 2603 2680 2789 2737; x_wconf 89' lang='lat' dir='ltr'><strong>itidem</strong></span> <span class='ocrx_word' id='word_1_463' title='bbox 2831 2697 2965 2752; x_wconf 84' lang='lat' dir='ltr'><strong>pars</strong></span> <span class='ocrx_word' id='word_1_464' title='bbox 2991 2723 3006 2749; x_wconf 95' lang='lat'><strong>,</strong></span> <span class='ocrx_word' id='word_1_465' title='bbox 3051 2695 3174 2736; x_wconf 91' lang='lat' dir='ltr'><strong>cum</strong></span> <span class='ocrx_word' id='word_1_466' title='bbox 3238 2678 3618 2748; x_wconf 86' lang='lat' dir='ltr'><strong>superioribus</strong></span> 
     </span>
    </p>
   </div>
   <div class='ocr_carea' id='block_1_62' title="bbox 2023 2771 3618 2850">
    <p class='ocr_par' dir='ltr' id='par_1_62' title="bbox 2023 2771 3618 2850">
     <span class='ocr_line' id='line_1_62' title="bbox 2023 2771 3618 2850; baseline -0.009 -12"><span class='ocrx_word' id='word_1_467' title='bbox 2023 2783 2205 2848; x_wconf 90' lang='lat' dir='ltr'><strong>labiis,</strong></span> <span class='ocrx_word' id='word_1_468' title='bbox 2244 2778 2496 2850; x_wconf 89' lang='lat' dir='ltr'><strong>superior</strong></span> <span class='ocrx_word' id='word_1_469' title='bbox 2525 2793 2660 2847; x_wconf 83' lang='lat' dir='ltr'><strong>gena</strong></span> <span class='ocrx_word' id='word_1_470' title='bbox 2682 2817 2697 2843; x_wconf 98' lang='lat'><strong>,</strong></span> <span class='ocrx_word' id='word_1_471' title='bbox 2738 2775 2968 2831; x_wconf 84' lang='lat' dir='ltr'><strong>inferior</strong></span> <span class='ocrx_word' id='word_1_472' title='bbox 2989 2789 3154 2840; x_wconf 91' lang='lat' dir='ltr'><strong>vero,</strong></span> <span class='ocrx_word' id='word_1_473' title='bbox 3195 2788 3320 2826; x_wconf 93' lang='lat' dir='ltr'><strong>cum</strong></span> <span class='ocrx_word' id='word_1_474' title='bbox 3361 2771 3533 2826; x_wconf 87' lang='lat' dir='ltr'><strong>barba</strong></span> <span class='ocrx_word' id='word_1_475' title='bbox 3563 2779 3618 2825; x_wconf 89' lang='lat' dir='ltr'><strong>et</strong></span> 
     </span>
    </p>
   </div>
   <div class='ocr_carea' id='block_1_63' title="bbox 2026 2859 3618 2938">
    <p class='ocr_par' dir='ltr' id='par_1_63' title="bbox 2026 2859 3618 2938">
     <span class='ocr_line' id='line_1_63' title="bbox 2026 2859 3618 2938; baseline -0.008 -10"><span class='ocrx_word' id='word_1_476' title='bbox 2026 2882 2235 2935; x_wconf 88' lang='lat' dir='ltr'><strong>mento,</strong></span> <span class='ocrx_word' id='word_1_477' title='bbox 2261 2859 2720 2938; x_wconf 61' lang='lat' dir='ltr'><strong>t‘iuncupatur.Et</strong></span> <span class='ocrx_word' id='word_1_478' title='bbox 2741 2881 2878 2936; x_wconf 85' lang='lat' dir='ltr'><strong>gena</strong></span> <span class='ocrx_word' id='word_1_479' title='bbox 2900 2881 3022 2936; x_wconf 88' lang='lat' dir='ltr'><strong>quae</strong></span> <span class='ocrx_word' id='word_1_480' title='bbox 3050 2863 3191 2920; x_wconf 85' lang='lat' dir='ltr'><strong>infra</strong></span> <span class='ocrx_word' id='word_1_481' title='bbox 3231 2873 3346 2928; x_wconf 87' lang='lat' dir='ltr'><strong>est,</strong></span> <span class='ocrx_word' id='word_1_482' title='bbox 3368 2863 3436 2917; x_wconf 92' lang='lat' dir='ltr'><strong>ab</strong></span> <span class='ocrx_word' id='word_1_483' title='bbox 3466 2863 3618 2918; x_wconf 92' lang='lat' dir='ltr'><strong>omni</strong></span> 
     </span>
    </p>
   </div>
   <div class='ocr_carea' id='block_1_64' title="bbox 2031 2956 3617 3029">
    <p class='ocr_par' dir='ltr' id='par_1_64' title="bbox 2031 2956 3617 3029">
     <span class='ocr_line' id='line_1_64' title="bbox 2031 2956 3617 3029; baseline -0.009 -8"><span class='ocrx_word' id='word_1_484' title='bbox 2031 2965 2255 3021; x_wconf 88' lang='lat' dir='ltr'><strong>animali</strong></span> <span class='ocrx_word' id='word_1_485' title='bbox 2288 2971 2557 3026; x_wconf 82' lang='lat' dir='ltr'><strong>movetur,</strong></span> <span class='ocrx_word' id='word_1_486' title='bbox 2581 2967 2808 3029; x_wconf 80' lang='lat' dir='ltr'><strong>excepto</strong></span> <span class='ocrx_word' id='word_1_487' title='bbox 2849 2956 3126 3012; x_wconf 89' lang='lat' dir='ltr'><strong>crocodilo</strong></span> <span class='ocrx_word' id='word_1_488' title='bbox 3151 2964 3205 3011; x_wconf 91' lang='lat' dir='ltr'><strong>et</strong></span> <span class='ocrx_word' id='word_1_489' title='bbox 3222 2956 3473 3025; x_wconf 72' lang='lat' dir='ltr'><strong>phmnice</strong></span> <span class='ocrx_word' id='word_1_490' title='bbox 3496 2970 3617 3020; x_wconf 89' lang='lat' dir='ltr'><strong>ave,</strong></span> 
     </span>
    </p>
   </div>
   <div class='ocr_carea' id='block_1_65' title="bbox 2029 3046 3620 3131">
    <p class='ocr_par' dir='ltr' id='par_1_65' title="bbox 2029 3046 3620 3131">
     <span class='ocr_line' id='line_1_65' title="bbox 2029 3046 3620 3131; baseline -0.008 -18"><span class='ocrx_word' id='word_1_491' title='bbox 2029 3059 2233 3131; x_wconf 88' lang='lat' dir='ltr'><strong>quibus</strong></span> <span class='ocrx_word' id='word_1_492' title='bbox 2271 3065 2487 3111; x_wconf 88' lang='lat' dir='ltr'><strong>tantum</strong></span> <span class='ocrx_word' id='word_1_493' title='bbox 2545 3053 2772 3107; x_wconf 87' lang='lat' dir='ltr'><strong>immota</strong></span> <span class='ocrx_word' id='word_1_494' title='bbox 2813 3049 3062 3115; x_wconf 76' lang='lat' dir='ltr'><strong>exsistit;</strong></span> <span class='ocrx_word' id='word_1_495' title='bbox 3103 3048 3360 3119; x_wconf 86' lang='lat' dir='ltr'><strong>superior</strong></span> <span class='ocrx_word' id='word_1_496' title='bbox 3388 3047 3532 3101; x_wconf 89' lang='lat' dir='ltr'><strong>enim</strong></span> <span class='ocrx_word' id='word_1_497' title='bbox 3565 3046 3620 3100; x_wconf 90' lang='lat' dir='ltr'><strong>in</strong></span> 
     </span>
    </p>
   </div>
   <div class='ocr_carea' id='block_1_66' title="bbox 2028 3139 3622 3213">
    <p class='ocr_par' dir='ltr' id='par_1_66' title="bbox 2028 3139 3622 3213">
     <span class='ocr_line' id='line_1_66' title="bbox 2028 3139 3622 3213; baseline -0.009 -6"><span class='ocrx_word' id='word_1_498' title='bbox 2028 3152 2110 3207; x_wconf 89' lang='lat' dir='ltr'><strong>eis</strong></span> <span class='ocrx_word' id='word_1_499' title='bbox 2151 3149 2439 3213; x_wconf 87' lang='lat' dir='ltr'><strong>duntaxat,</strong></span> <span class='ocrx_word' id='word_1_500' title='bbox 2465 3162 2573 3202; x_wconf 93' lang='lat' dir='ltr'><strong>non</strong></span> <span class='ocrx_word' id='word_1_501' title='bbox 2620 3154 2801 3200; x_wconf 88' lang='lat' dir='ltr'><strong>autem</strong></span> <span class='ocrx_word' id='word_1_502' title='bbox 2834 3142 3060 3198; x_wconf 88' lang='lat' dir='ltr'><strong>inferior</strong></span> <span class='ocrx_word' id='word_1_503' title='bbox 3108 3150 3378 3196; x_wconf 87' lang='lat' dir='ltr'><strong>movetur.</strong></span> <span class='ocrx_word' id='word_1_504' title='bbox 3416 3139 3622 3196; x_wconf 89' lang='lat' dir='ltr'><strong>Genam</strong></span> 
     </span>
    </p>
   </div>
   <div class='ocr_carea' id='block_1_67' title="bbox 2032 3231 3620 3307">
    <p class='ocr_par' dir='ltr' id='par_1_67' title="bbox 2032 3231 3620 3307">
     <span class='ocr_line' id='line_1_67' title="bbox 2032 3231 3620 3307; baseline -0.009 -11"><span class='ocrx_word' id='word_1_505' title='bbox 2032 3243 2134 3296; x_wconf 91' lang='lat' dir='ltr'><strong>hac</strong></span> <span class='ocrx_word' id='word_1_506' title='bbox 2156 3241 2223 3295; x_wconf 94' lang='lat' dir='ltr'><strong>de</strong></span> <span class='ocrx_word' id='word_1_507' title='bbox 2246 3254 2413 3294; x_wconf 88' lang='lat' dir='ltr'><strong>causa</strong></span> <span class='ocrx_word' id='word_1_508' title='bbox 2438 3237 2764 3307; x_wconf 88' lang='lat' dir='ltr'><strong>appellatam</strong></span> <span class='ocrx_word' id='word_1_509' title='bbox 2785 3249 3097 3298; x_wconf 81' lang='lat' dir='ltr'><strong>censemus,</strong></span> <span class='ocrx_word' id='word_1_510' title='bbox 3127 3231 3272 3302; x_wconf 93' lang='lat' dir='ltr'><strong>quod</strong></span> <span class='ocrx_word' id='word_1_511' title='bbox 3298 3245 3394 3302; x_wconf 91' lang='lat' dir='ltr'><strong>per</strong></span> <span class='ocrx_word' id='word_1_512' title='bbox 3446 3231 3620 3300; x_wconf 88' lang='lat' dir='ltr'><strong>ipsam</strong></span> 
     </span>
    </p>
   </div>
   <div class='ocr_carea' id='block_1_68' title="bbox 2028 3321 3623 3404">
    <p class='ocr_par' dir='ltr' id='par_1_68' title="bbox 2028 3321 3623 3404">
     <span class='ocr_line' id='line_1_68' title="bbox 2028 3321 3623 3404; baseline -0.006 -20"><span class='ocrx_word' id='word_1_513' title='bbox 2028 3348 2231 3404; x_wconf 82' lang='lat' dir='ltr'><strong>genera</strong></span> <span class='ocrx_word' id='word_1_514' title='bbox 2301 3330 2537 3383; x_wconf 91' lang='lat' dir='ltr'><strong>marium</strong></span> <span class='ocrx_word' id='word_1_515' title='bbox 2581 3326 3060 3395; x_wconf 85' lang='lat' dir='ltr'><strong>feminarumque,</strong></span> <span class='ocrx_word' id='word_1_516' title='bbox 3116 3331 3171 3377; x_wconf 90' lang='lat' dir='ltr'><strong>et</strong></span> <span class='ocrx_word' id='word_1_517' title='bbox 3216 3322 3309 3392; x_wconf 89' lang='lat' dir='ltr'><strong>qui</strong></span> <span class='ocrx_word' id='word_1_518' title='bbox 3369 3321 3623 3391; x_wconf 58' lang='lat' dir='ltr'><strong>perfecta}</strong></span> 
     </span>
    </p>
   </div>
   <div class='ocr_carea' id='block_1_69' title="bbox 2028 3411 3623 3490">
    <p class='ocr_par' dir='ltr' id='par_1_69' title="bbox 2028 3411 3623 3490">
     <span class='ocr_line' id='line_1_69' title="bbox 2028 3411 3623 3490; baseline -0.008 -12"><span class='ocrx_word' id='word_1_519' title='bbox 2028 3423 2208 3478; x_wconf 74' lang='lat' dir='ltr'><strong>aetatis</strong></span> <span class='ocrx_word' id='word_1_520' title='bbox 2267 3430 2432 3490; x_wconf 87' lang='lat' dir='ltr'><strong>atque</strong></span> <span class='ocrx_word' id='word_1_521' title='bbox 2467 3418 2803 3489; x_wconf 65' lang='lat' dir='ltr'><strong>imperfecta:</strong></span> <span class='ocrx_word' id='word_1_522' title='bbox 2841 3426 2969 3472; x_wconf 89' lang='lat' dir='ltr'><strong>sunt</strong></span> <span class='ocrx_word' id='word_1_523' title='bbox 2999 3416 3413 3484; x_wconf 84' lang='lat' dir='ltr'><strong>distinguantur</strong></span> <span class='ocrx_word' id='word_1_524' title='bbox 3444 3452 3458 3477; x_wconf 88' lang='lat'><strong>,</strong></span> <span class='ocrx_word' id='word_1_525' title='bbox 3503 3411 3623 3468; x_wconf 86' lang='lat' dir='ltr'><strong>sive</strong></span> 
     </span>
    </p>
   </div>
   <div class='ocr_carea' id='block_1_70' title="bbox 2027 3507 3289 3585">
    <p class='ocr_par' dir='ltr' id='par_1_70' title="bbox 2027 3507 3289 3585">
     <span class='ocr_line' id='line_1_70' title="bbox 2027 3507 3289 3585; baseline -0.01 -16"><span class='ocrx_word' id='word_1_526' title='bbox 2027 3513 2174 3585; x_wconf 90' lang='lat' dir='ltr'><strong>quod</strong></span> <span class='ocrx_word' id='word_1_527' title='bbox 2215 3512 2270 3567; x_wconf 89' lang='lat' dir='ltr'><strong>in</strong></span> <span class='ocrx_word' id='word_1_528' title='bbox 2323 3513 2442 3582; x_wconf 89' lang='lat' dir='ltr'><strong>ipsa</strong></span> <span class='ocrx_word' id='word_1_529' title='bbox 2485 3510 2679 3565; x_wconf 90' lang='lat' dir='ltr'><strong>dentes</strong></span> <span class='ocrx_word' id='word_1_530' title='bbox 2714 3509 2922 3580; x_wconf 88' lang='lat' dir='ltr'><strong>pilique</strong></span> <span class='ocrx_word' id='word_1_531' title='bbox 2975 3507 3289 3578; x_wconf 77' lang='lat' dir='ltr'><strong>gignantur.</strong></span> 
     </span>
    </p>
   </div>
   <div class='ocr_carea' id='block_1_71' title="bbox 2407 3620 3174 3695">
    <p class='ocr_par' dir='ltr' id='par_1_71' title="bbox 2407 3620 3174 3695">
     <span class='ocr_line' id='line_1_71' title="bbox 2407 3620 3174 3695; baseline -0.009 -14"><span class='ocrx_word' id='word_1_532' title='bbox 2407 3625 2542 3695; x_wconf 86' lang='lat' dir='ltr'><strong>Cap.</strong></span> <span class='ocrx_word' id='word_1_533' title='bbox 2573 3623 2688 3679; x_wconf 75' lang='lat' dir='ltr'><strong>Vll.</strong></span> <span class='ocrx_word' id='word_1_534' title='bbox 2720 3653 2790 3662; x_wconf 90' lang='lat'><strong>—</strong></span> <span class='ocrx_word' id='word_1_535' title='bbox 2819 3621 2897 3676; x_wconf 80' lang='lat' dir='ltr'><strong>De</strong></span> <span class='ocrx_word' id='word_1_536' title='bbox 2931 3620 3174 3674; x_wconf 80' lang='lat' dir='ltr'><strong>auribus.</strong></span> 
     </span>
    </p>
   </div>
   <div class='ocr_carea' id='block_1_72' title="bbox 2099 3736 3624 3807">
    <p class='ocr_par' dir='ltr' id='par_1_72' title="bbox 2099 3736 3624 3807">
     <span class='ocr_line' id='line_1_72' title="bbox 2099 3736 3624 3807; baseline -0.006 -12"><span class='ocrx_word' id='word_1_537' title='bbox 2099 3742 2278 3797; x_wconf 83' lang='lat' dir='ltr'><strong>Aures</strong></span> <span class='ocrx_word' id='word_1_538' title='bbox 2316 3748 2498 3795; x_wconf 85' lang='lat' dir='ltr'><strong>autem</strong></span> <span class='ocrx_word' id='word_1_539' title='bbox 2561 3736 2951 3807; x_wconf 85' lang='lat' dir='ltr'><strong>cartilagincas</strong></span> <span class='ocrx_word' id='word_1_540' title='bbox 3014 3747 3391 3802; x_wconf 88' lang='lat' dir='ltr'><strong>nervosasque</strong></span> <span class='ocrx_word' id='word_1_541' title='bbox 3426 3739 3624 3786; x_wconf 86' lang='lat' dir='ltr'><strong>natura</strong></span> 
     </span>
    </p>
   </div>
   <div class='ocr_carea' id='block_1_73' title="bbox 2028 3823 3626 3904">
    <p class='ocr_par' dir='ltr' id='par_1_73' title="bbox 2028 3823 3626 3904">
     <span class='ocr_line' id='line_1_73' title="bbox 2028 3823 3626 3904; baseline -0.007 -17"><span class='ocrx_word' id='word_1_542' title='bbox 2028 3832 2370 3904; x_wconf 83' lang='lat' dir='ltr'><strong>procreavit,</strong></span> <span class='ocrx_word' id='word_1_543' title='bbox 2433 3845 2670 3901; x_wconf 89' lang='lat' dir='ltr'><strong>quarum</strong></span> <span class='ocrx_word' id='word_1_544' title='bbox 2719 3843 2884 3884; x_wconf 87' lang='lat' dir='ltr'><strong>voces</strong></span> <span class='ocrx_word' id='word_1_545' title='bbox 2949 3841 3254 3896; x_wconf 88' lang='lat' dir='ltr'><strong>earumque</strong></span> <span class='ocrx_word' id='word_1_546' title='bbox 3303 3823 3626 3880; x_wconf 84' lang='lat' dir='ltr'><strong>discrimina</strong></span> 
     </span>
    </p>
   </div>
   <div class='ocr_carea' id='block_1_74' title="bbox 2029 3915 3628 3996">
    <p class='ocr_par' dir='ltr' id='par_1_74' title="bbox 2029 3915 3628 3996">
     <span class='ocr_line' id='line_1_74' title="bbox 2029 3915 3628 3996; baseline -0.008 -15"><span class='ocrx_word' id='word_1_547' title='bbox 2029 3923 2494 3996; x_wconf 83' lang='lat' dir='ltr'><strong>comprehendere</strong></span> <span class='ocrx_word' id='word_1_548' title='bbox 2559 3921 2799 3976; x_wconf 80' lang='lat' dir='ltr'><strong>officium</strong></span> <span class='ocrx_word' id='word_1_549' title='bbox 2831 3927 2936 3975; x_wconf 89' lang='lat' dir='ltr'><strong>est.</strong></span> <span class='ocrx_word' id='word_1_550' title='bbox 2987 3918 3045 3973; x_wconf 92' lang='lat' dir='ltr'><strong>Si</strong></span> <span class='ocrx_word' id='word_1_551' title='bbox 3075 3918 3298 3988; x_wconf 90' lang='lat' dir='ltr'><strong>quidem</strong></span> <span class='ocrx_word' id='word_1_552' title='bbox 3360 3915 3628 3986; x_wconf 74' lang='lat' dir='ltr'><strong>cartilago</strong></span> 
     </span>
    </p>
   </div>
   <div class='ocr_carea' id='block_1_75' title="bbox 2033 4010 3629 4088">
    <p class='ocr_par' dir='ltr' id='par_1_75' title="bbox 2033 4010 3629 4088">
     <span class='ocr_line' id='line_1_75' title="bbox 2033 4010 3629 4088; baseline -0.008 -13"><span class='ocrx_word' id='word_1_553' title='bbox 2033 4020 2103 4074; x_wconf 89' lang='lat' dir='ltr'><strong>ad</strong></span> <span class='ocrx_word' id='word_1_554' title='bbox 2143 4017 2408 4088; x_wconf 86' lang='lat' dir='ltr'><strong>strepitus</strong></span> <span class='ocrx_word' id='word_1_555' title='bbox 2467 4030 2746 4085; x_wconf 90' lang='lat' dir='ltr'><strong>sonosque</strong></span> <span class='ocrx_word' id='word_1_556' title='bbox 2794 4013 3178 4083; x_wconf 86' lang='lat' dir='ltr'><strong>percipiendos</strong></span> <span class='ocrx_word' id='word_1_557' title='bbox 3236 4021 3362 4080; x_wconf 87' lang='lat' dir='ltr'><strong>apta</strong></span> <span class='ocrx_word' id='word_1_558' title='bbox 3402 4010 3629 4064; x_wconf 85' lang='lat' dir='ltr'><strong>idonea-</strong></span> 
     </span>
    </p>
   </div>
   <div class='ocr_carea' id='block_1_76' title="bbox 2032 4095 3627 4183">
    <p class='ocr_par' dir='ltr' id='par_1_76' title="bbox 2032 4095 3627 4183">
     <span class='ocr_line' id='line_1_76' title="bbox 2032 4095 3627 4183; baseline -0.008 -17"><span class='ocrx_word' id='word_1_559' title='bbox 2032 4127 2140 4183; x_wconf 89' lang='lat' dir='ltr'><strong>que</strong></span> <span class='ocrx_word' id='word_1_560' title='bbox 2165 4110 2418 4165; x_wconf 89' lang='lat' dir='ltr'><strong>habetur.</strong></span> <span class='ocrx_word' id='word_1_561' title='bbox 2445 4107 2622 4164; x_wconf 83' lang='lat' dir='ltr'><strong>Aures</strong></span> <span class='ocrx_word' id='word_1_562' title='bbox 2643 4121 2882 4177; x_wconf 89' lang='lat' dir='ltr'><strong>namque</strong></span> <span class='ocrx_word' id='word_1_563' title='bbox 2937 4105 3088 4176; x_wconf 69' lang='lat' dir='ltr'><strong>ipsae,</strong></span> <span class='ocrx_word' id='word_1_564' title='bbox 3123 4119 3246 4174; x_wconf 67' lang='lat' dir='ltr'><strong>quae</strong></span> <span class='ocrx_word' id='word_1_565' title='bbox 3272 4102 3460 4158; x_wconf 69' lang='lat' dir='ltr'><strong>Graece</strong></span> <span class='ocrx_word' id='word_1_566' title='bbox 3489 4095 3627 4164; x_wconf 79' lang='grc' dir='ltr'>ὦτα,</span> 
     </span>
    </p>
   </div>
   <div class='ocr_carea' id='block_1_77' title="bbox 2035 4195 3632 4271">
    <p class='ocr_par' dir='ltr' id='par_1_77' title="bbox 2035 4195 3632 4271">
     <span class='ocr_line' id='line_1_77' title="bbox 2035 4195 3632 4271; baseline -0.008 -13"><span class='ocrx_word' id='word_1_567' title='bbox 2035 4217 2240 4258; x_wconf 87' lang='lat' dir='ltr'><strong>nomen</strong></span> <span class='ocrx_word' id='word_1_568' title='bbox 2303 4199 2611 4271; x_wconf 88' lang='lat' dir='ltr'><strong>sumpsisse</strong></span> <span class='ocrx_word' id='word_1_569' title='bbox 2669 4214 2699 4252; x_wconf 92' lang='lat' dir='ltr'><strong>a</strong></span> <span class='ocrx_word' id='word_1_570' title='bbox 2741 4213 2879 4254; x_wconf 89' lang='lat' dir='ltr'><strong>voce</strong></span> <span class='ocrx_word' id='word_1_571' title='bbox 2929 4195 3246 4266; x_wconf 83' lang='lat' dir='ltr'><strong>accipienda</strong></span> <span class='ocrx_word' id='word_1_572' title='bbox 3309 4201 3632 4257; x_wconf 88' lang='lat' dir='ltr'><strong>censentur,</strong></span> 
     </span>
    </p>
   </div>
   <div class='ocr_carea' id='block_1_78' title="bbox 2033 4284 3631 4367">
    <p class='ocr_par' dir='ltr' id='par_1_78' title="bbox 2033 4284 3631 4367">
     <span class='ocr_line' id='line_1_78' title="bbox 2033 4284 3631 4367; baseline -0.008 -16"><span class='ocrx_word' id='word_1_573' title='bbox 2033 4311 2198 4367; x_wconf 87' lang='lat' dir='ltr'><strong>quam</strong></span> <span class='ocrx_word' id='word_1_574' title='bbox 2246 4294 2323 4348; x_wconf 91' lang='lat' dir='ltr'><strong>illi</strong></span> <span class='ocrx_word' id='word_1_575' title='bbox 2371 4292 2484 4346; x_wconf 80' lang='grc' dir='ltr'><strong>ὅπα</strong></span> <span class='ocrx_word' id='word_1_576' title='bbox 2519 4297 2861 4361; x_wconf 87' lang='lat' dir='ltr'><strong>nuncupant.</strong></span> <span class='ocrx_word' id='word_1_577' title='bbox 2913 4287 3051 4342; x_wconf 86' lang='lat' dir='ltr'><strong>Nam</strong></span> <span class='ocrx_word' id='word_1_578' title='bbox 3087 4286 3330 4348; x_wconf 86' lang='lat' dir='ltr'><strong>auditus.</strong></span> <span class='ocrx_word' id='word_1_579' title='bbox 3379 4284 3631 4341; x_wconf 85' lang='lat' dir='ltr'><strong>siccioris</strong></span> 
     </span>
    </p>
   </div>
   <div class='ocr_carea' id='block_1_79' title="bbox 2037 4376 3634 4456">
    <p class='ocr_par' dir='ltr' id='par_1_79' title="bbox 2037 4376 3634 4456">
     <span class='ocr_line' id='line_1_79' title="bbox 2037 4376 3634 4456; baseline -0.009 -14"><span class='ocrx_word' id='word_1_580' title='bbox 2037 4387 2212 4456; x_wconf 84' lang='lat' dir='ltr'><strong>magis</strong></span> <span class='ocrx_word' id='word_1_581' title='bbox 2252 4400 2417 4456; x_wconf 91' lang='lat' dir='ltr'><strong>quam</strong></span> <span class='ocrx_word' id='word_1_582' title='bbox 2460 4383 2768 4440; x_wconf 88' lang='lat' dir='ltr'><strong>subtilioris</strong></span> <span class='ocrx_word' id='word_1_583' title='bbox 2803 4381 3030 4451; x_wconf 87' lang='lat' dir='ltr'><strong>spirltus</strong></span> <span class='ocrx_word' id='word_1_584' title='bbox 3073 4393 3244 4434; x_wconf 87' lang='lat' dir='ltr'><strong>causa</strong></span> <span class='ocrx_word' id='word_1_585' title='bbox 3288 4376 3384 4448; x_wconf 88' lang='lat' dir='ltr'><strong>qui</strong></span> <span class='ocrx_word' id='word_1_586' title='bbox 3435 4376 3492 4430; x_wconf 92' lang='lat' dir='ltr'><strong>in</strong></span> <span class='ocrx_word' id='word_1_587' title='bbox 3532 4389 3634 4430; x_wconf 85' lang='lat' dir='ltr'><strong>au-</strong></span> 
     </span>
    </p>
   </div>
   <div class='ocr_carea' id='block_1_80' title="bbox 2037 4472 3085 4542">
    <p class='ocr_par' dir='ltr' id='par_1_80' title="bbox 2037 4472 3085 4542">
     <span class='ocr_line' id='line_1_80' title="bbox 2037 4472 3085 4542; baseline -0.009 -8"><span class='ocrx_word' id='word_1_588' title='bbox 2037 4480 2192 4534; x_wconf 88' lang='lat' dir='ltr'><strong>ribus</strong></span> <span class='ocrx_word' id='word_1_589' title='bbox 2241 4477 2555 4533; x_wconf 89' lang='lat' dir='ltr'><strong>reconditus</strong></span> <span class='ocrx_word' id='word_1_590' title='bbox 2579 4484 2685 4542; x_wconf 88' lang='lat' dir='ltr'><strong>est,</strong></span> <span class='ocrx_word' id='word_1_591' title='bbox 2712 4472 3085 4530; x_wconf 86' lang='lat' dir='ltr'><strong>constituitur.</strong></span> 
     </span>
    </p>
   </div>
   <div class='ocr_carea' id='block_1_81' title="bbox 417 4558 1923 4647">
    <p class='ocr_par' dir='ltr' id='par_1_81' title="bbox 417 4570 1923 4647">
     <span class='ocr_line' id='line_1_81' title="bbox 417 4570 1923 4647; baseline -0.003 -17"><span class='ocrx_word' id='word_1_592' title='bbox 417 4577 578 4631; x_wconf 83' lang='grc' dir='ltr'>Ἐστι</span> <span class='ocrx_word' id='word_1_593' title='bbox 613 4577 669 4632; x_wconf 77' lang='grc' dir='ltr'>δὲ</span> <span class='ocrx_word' id='word_1_594' title='bbox 687 4577 749 4631; x_wconf 83' lang='grc' dir='ltr'><strong>τὸ</strong></span> <span class='ocrx_word' id='word_1_595' title='bbox 771 4571 867 4641; x_wconf 83' lang='grc' dir='ltr'><strong>οῦς</strong></span> <span class='ocrx_word' id='word_1_596' title='bbox 887 4577 1030 4631; x_wconf 88' lang='grc' dir='ltr'>κατὰ</span> <span class='ocrx_word' id='word_1_597' title='bbox 1052 4576 1150 4647; x_wconf 82' lang='grc' dir='ltr'>μὲν</span> <span class='ocrx_word' id='word_1_598' title='bbox 1182 4574 1244 4628; x_wconf 83' lang='grc' dir='ltr'>τὺ</span> <span class='ocrx_word' id='word_1_599' title='bbox 1273 4570 1410 4637; x_wconf 74' lang='grc' dir='ltr'>εἶδος</span> <span class='ocrx_word' id='word_1_600' title='bbox 1441 4572 1888 4644; x_wconf 87' lang='grc' dir='ltr'>στρογγυλοειδές</span> <span class='ocrx_word' id='word_1_601' title='bbox 1914 4590 1923 4602; x_wconf 89' lang='grc'><strong>·</strong></span> 
     </span>
    </p>
   </div>
   <div class='ocr_carea' id='block_1_82' title="bbox 2029 4558 3636 4647">
    <p class='ocr_par' dir='ltr' id='par_1_82' title="bbox 2113 4567 3636 4633">
     <span class='ocr_line' id='line_1_82' title="bbox 2113 4567 3636 4633; baseline -0.009 -6"><span class='ocrx_word' id='word_1_602' title='bbox 2113 4573 2408 4628; x_wconf 84' lang='lat' dir='ltr'><strong>Enimvero</strong></span> <span class='ocrx_word' id='word_1_603' title='bbox 2447 4584 2611 4625; x_wconf 89' lang='lat' dir='ltr'><strong>aures</strong></span> <span class='ocrx_word' id='word_1_604' title='bbox 2632 4569 2842 4624; x_wconf 88' lang='lat' dir='ltr'><strong>iuterne</strong></span> <span class='ocrx_word' id='word_1_605' title='bbox 2861 4567 3114 4623; x_wconf 78' lang='lat' dir='ltr'><strong>rotundae</strong></span> <span class='ocrx_word' id='word_1_606' title='bbox 3132 4573 3283 4629; x_wconf 86' lang='lat' dir='ltr'><strong>sunt,</strong></span> <span class='ocrx_word' id='word_1_607' title='bbox 3321 4577 3460 4633; x_wconf 91' lang='lat' dir='ltr'><strong>quas</strong></span> <span class='ocrx_word' id='word_1_608' title='bbox 3484 4575 3636 4616; x_wconf 83' lang='lat' dir='ltr'><strong>com-</strong></span> 
     </span>
    </p>
   </div>
   <div class='ocr_carea' id='block_1_83' title="bbox 342 4658 1933 4741">
    <p class='ocr_par' dir='ltr' id='par_1_83' title="bbox 342 4658 1933 4741">
     <span class='ocr_line' id='line_1_83' title="bbox 342 4658 1933 4741; baseline -0.005 -18"><span class='ocrx_word' id='word_1_609' title='bbox 342 4669 465 4741; x_wconf 73' lang='grc' dir='ltr'>ἓχον</span> <span class='ocrx_word' id='word_1_610' title='bbox 485 4671 730 4740; x_wconf 74' lang='grc' dir='ltr'>ἐσχάτως</span> <span class='ocrx_word' id='word_1_611' title='bbox 760 4668 954 4723; x_wconf 83' lang='grc' dir='ltr'>ὀστοῦν</span> <span class='ocrx_word' id='word_1_612' title='bbox 1007 4666 1386 4738; x_wconf 84' lang='grc' dir='ltr'>ὀμοιόσχημον</span> <span class='ocrx_word' id='word_1_613' title='bbox 1421 4663 1605 4735; x_wconf 81' lang='grc' dir='ltr'>ἑαυτῷ</span> <span class='ocrx_word' id='word_1_614' title='bbox 1625 4682 1638 4694; x_wconf 89' lang='grc'><strong>·</strong></span> <span class='ocrx_word' id='word_1_615' title='bbox 1683 4665 1743 4717; x_wconf 87' lang='grc' dir='ltr'>ὲν</span> <span class='ocrx_word' id='word_1_616' title='bbox 1774 4658 1933 4736; x_wconf 80' lang='grc' dir='ltr'>ᾧπερ</span> 
     </span>
    </p>
   </div>
   <div class='ocr_carea' id='block_1_84' title="bbox 343 4745 1929 4832">
    <p class='ocr_par' dir='ltr' id='par_1_84' title="bbox 343 4745 1929 4832">
     <span class='ocr_line' id='line_1_84' title="bbox 343 4745 1929 4832; baseline -0.004 -17"><span class='ocrx_word' id='word_1_617' title='bbox 343 4762 420 4824; x_wconf 83' lang='grc' dir='ltr'>ὡς</span> <span class='ocrx_word' id='word_1_618' title='bbox 447 4763 507 4815; x_wconf 82' lang='grc' dir='ltr'><strong>έν</strong></span> <span class='ocrx_word' id='word_1_619' title='bbox 535 4761 746 4832; x_wconf 81' lang='grc' dir='ltr'>ἀγγείῳ</span> <span class='ocrx_word' id='word_1_620' title='bbox 761 4761 904 4832; x_wconf 86' lang='grc' dir='ltr'>κενῷ</span> <span class='ocrx_word' id='word_1_621' title='bbox 933 4763 1120 4831; x_wconf 83' lang='grc' dir='ltr'>πάσης</span> <span class='ocrx_word' id='word_1_622' title='bbox 1143 4760 1373 4831; x_wconf 85' lang='grc' dir='ltr'>φωνῆςό</span> <span class='ocrx_word' id='word_1_623' title='bbox 1401 4745 1929 4827; x_wconf 65' lang='grc' dir='ltr'>ψόφοῖείσέρχεται.</span> 
     </span>
    </p>
   </div>
   <div class='ocr_carea' id='block_1_85' title="bbox 346 4848 1935 4923">
    <p class='ocr_par' dir='ltr' id='par_1_85' title="bbox 346 4848 1935 4923">
     <span class='ocr_line' id='line_1_85' title="bbox 346 4848 1935 4923; baseline -0.004 -17"><span class='ocrx_word' id='word_1_624' title='bbox 346 4853 459 4907; x_wconf 73' lang='grc' dir='ltr'>Καὶ</span> <span class='ocrx_word' id='word_1_625' title='bbox 486 4851 676 4923; x_wconf 75' lang='grc' dir='ltr'>ἐπειδὴ</span> <span class='ocrx_word' id='word_1_626' title='bbox 704 4850 864 4905; x_wconf 90' lang='grc' dir='ltr'>τοῦτο</span> <span class='ocrx_word' id='word_1_627' title='bbox 893 4851 952 4904; x_wconf 85' lang='grc' dir='ltr'>τὸ</span> <span class='ocrx_word' id='word_1_628' title='bbox 982 4851 1174 4904; x_wconf 84' lang='grc' dir='ltr'>ὀστοῦν</span> <span class='ocrx_word' id='word_1_629' title='bbox 1202 4850 1341 4922; x_wconf 85' lang='grc' dir='ltr'>πρὸς</span> <span class='ocrx_word' id='word_1_630' title='bbox 1366 4849 1460 4903; x_wconf 80' lang='grc' dir='ltr'><strong>τὸν</strong></span> <span class='ocrx_word' id='word_1_631' title='bbox 1495 4849 1803 4919; x_wconf 71' lang='grc' dir='ltr'>ἐγκέφαλον</span> <span class='ocrx_word' id='word_1_632' title='bbox 1833 4848 1935 4901; x_wconf 86' lang='grc' dir='ltr'><strong>οὐκ</strong></span> 
     </span>
    </p>
   </div>
   <div class='ocr_carea' id='block_1_86' title="bbox 345 4939 1937 5016">
    <p class='ocr_par' dir='ltr' id='par_1_86' title="bbox 345 4939 1937 5016">
     <span class='ocr_line' id='line_1_86' title="bbox 345 4939 1937 5016; baseline -0.003 -19"><span class='ocrx_word' id='word_1_633' title='bbox 345 4945 460 5015; x_wconf 73' lang='grc' dir='ltr'>ἔχει</span> <span class='ocrx_word' id='word_1_634' title='bbox 492 4946 683 5016; x_wconf 87' lang='grc' dir='ltr'>πόρον,</span> <span class='ocrx_word' id='word_1_635' title='bbox 732 4943 1063 4998; x_wconf 84' lang='grc' dir='ltr'>ἀποδίδωσιν</span> <span class='ocrx_word' id='word_1_636' title='bbox 1095 4944 1175 5007; x_wconf 84' lang='grc' dir='ltr'>εἰς</span> <span class='ocrx_word' id='word_1_637' title='bbox 1228 4941 1322 4994; x_wconf 78' lang='grc' dir='ltr'><strong>τὸν</strong></span> <span class='ocrx_word' id='word_1_638' title='bbox 1355 4939 1452 4994; x_wconf 89' lang='grc' dir='ltr'><strong>τοῦ</strong></span> <span class='ocrx_word' id='word_1_639' title='bbox 1517 4941 1790 5008; x_wconf 84' lang='grc' dir='ltr'>στόματος</span> <span class='ocrx_word' id='word_1_640' title='bbox 1844 4941 1937 4993; x_wconf 81' lang='grc' dir='ltr'>οὺ-</span> 
     </span>
    </p>
   </div>
   <div class='ocr_carea' id='block_1_87' title="bbox 349 5034 1936 5110">
    <p class='ocr_par' dir='ltr' id='par_1_87' title="bbox 349 5034 1936 5110">
     <span class='ocr_line' id='line_1_87' title="bbox 349 5034 1936 5110; baseline -0.004 -17"><span class='ocrx_word' id='word_1_641' title='bbox 349 5039 534 5110; x_wconf 82' lang='grc' dir='ltr'>ρανὺν,</span> <span class='ocrx_word' id='word_1_642' title='bbox 561 5038 816 5093; x_wconf 80' lang='grc' dir='ltr'>κάκεῖθεν</span> <span class='ocrx_word' id='word_1_643' title='bbox 852 5036 1147 5107; x_wconf 86' lang='grc' dir='ltr'>τεινομένη</span> <span class='ocrx_word' id='word_1_644' title='bbox 1180 5034 1323 5105; x_wconf 81' lang='grc' dir='ltr'>φλὲψ</span> <span class='ocrx_word' id='word_1_645' title='bbox 1353 5037 1434 5099; x_wconf 74' lang='grc' dir='ltr'><strong>εἰς</strong></span> <span class='ocrx_word' id='word_1_646' title='bbox 1477 5035 1572 5089; x_wconf 81' lang='grc' dir='ltr'><strong>τὸν</strong></span> <span class='ocrx_word' id='word_1_647' title='bbox 1608 5035 1936 5104; x_wconf 75' lang='grc' dir='ltr'>ἐγκέφαλον,</span> 
     </span>
    </p>
   </div>
   <div class='ocr_carea' id='block_1_88' title="bbox 349 5127 1938 5204">
    <p class='ocr_par' dir='ltr' id='par_1_88' title="bbox 349 5127 1938 5204">
     <span class='ocr_line' id='line_1_88' title="bbox 349 5127 1938 5204; baseline -0.003 -20"><span class='ocrx_word' id='word_1_648' title='bbox 349 5133 488 5204; x_wconf 82' lang='grc' dir='ltr'>πρὸς</span> <span class='ocrx_word' id='word_1_649' title='bbox 515 5133 558 5164; x_wconf 81' lang='grc'>³⁷</span> <span class='ocrx_word' id='word_1_650' title='bbox 586 5132 750 5186; x_wconf 77' lang='grc' dir='ltr'>αὐτὸν</span> <span class='ocrx_word' id='word_1_651' title='bbox 785 5128 1094 5194; x_wconf 78' lang='grc' dir='ltr'>διαϐιόάζει</span> <span class='ocrx_word' id='word_1_652' title='bbox 1125 5128 1218 5182; x_wconf 78' lang='grc' dir='ltr'><strong>τὸν</strong></span> <span class='ocrx_word' id='word_1_653' title='bbox 1266 5127 1463 5199; x_wconf 76' lang='grc' dir='ltr'>ψόφον.</span> <span class='ocrx_word' id='word_1_654' title='bbox 1509 5127 1756 5182; x_wconf 86' lang='grc' dir='ltr'>Ἐκεῖθεν</span> <span class='ocrx_word' id='word_1_655' title='bbox 1798 5127 1856 5180; x_wconf 78' lang='grc' dir='ltr'>δὲ</span> <span class='ocrx_word' id='word_1_656' title='bbox 1910 5127 1938 5179; x_wconf 90' lang='grc' dir='ltr'>ὁ</span> 
     </span>
    </p>
   </div>
   <div class='ocr_carea' id='block_1_89' title="bbox 349 5217 1938 5291">
    <p class='ocr_par' dir='ltr' id='par_1_89' title="bbox 349 5217 1938 5291">
     <span class='ocr_line' id='line_1_89' title="bbox 349 5217 1938 5291; baseline -0.004 -14"><span class='ocrx_word' id='word_1_657' title='bbox 349 5223 475 5287; x_wconf 89' lang='grc' dir='ltr'>νοῦς</span> <span class='ocrx_word' id='word_1_658' title='bbox 516 5223 618 5287; x_wconf 85' lang='grc' dir='ltr'><strong>τὰς</strong></span> <span class='ocrx_word' id='word_1_659' title='bbox 667 5221 1006 5285; x_wconf 79' lang='grc' dir='ltr'>ἁκουστικὰς</span> <span class='ocrx_word' id='word_1_660' title='bbox 1041 5220 1363 5291; x_wconf 77' lang='grc' dir='ltr'>ἀντιλήψεις</span> <span class='ocrx_word' id='word_1_661' title='bbox 1407 5219 1504 5274; x_wconf 72' lang='lat' dir='ltr'><strong>xui.</strong></span> <span class='ocrx_word' id='word_1_662' title='bbox 1562 5217 1803 5290; x_wconf 84' lang='grc' dir='ltr'>δέχεται,</span> <span class='ocrx_word' id='word_1_663' title='bbox 1843 5217 1938 5271; x_wconf 73' lang='grc' dir='ltr'><strong>καὶ</strong></span> 
     </span>
    </p>
   </div>
   <div class='ocr_carea' id='block_1_90' title="bbox 349 5309 1944 5383">
    <p class='ocr_par' dir='ltr' id='par_1_90' title="bbox 349 5309 1944 5383">
     <span class='ocr_line' id='line_1_90' title="bbox 349 5309 1944 5383; baseline -0.002 -17"><span class='ocrx_word' id='word_1_664' title='bbox 349 5315 631 5382; x_wconf 84' lang='grc' dir='ltr'>γνωρίζει,</span> <span class='ocrx_word' id='word_1_665' title='bbox 664 5315 761 5367; x_wconf 72' lang='grc' dir='ltr'><strong>καὶ</strong></span> <span class='ocrx_word' id='word_1_666' title='bbox 791 5313 1065 5382; x_wconf 88' lang='grc' dir='ltr'>διακρίνει</span> <span class='ocrx_word' id='word_1_667' title='bbox 1094 5312 1425 5383; x_wconf 87' lang='grc' dir='ltr'>πρεπόντως</span> <span class='ocrx_word' id='word_1_668' title='bbox 1447 5311 1494 5343; x_wconf 80' lang='grc'>³³</span> <span class='ocrx_word' id='word_1_669' title='bbox 1519 5309 1621 5382; x_wconf 83' lang='grc' dir='ltr'>τήν</span> <span class='ocrx_word' id='word_1_670' title='bbox 1668 5328 1730 5363; x_wconf 91' lang='grc' dir='ltr'><strong>τε</strong></span> <span class='ocrx_word' id='word_1_671' title='bbox 1761 5309 1944 5374; x_wconf 84' lang='grc' dir='ltr'>ὀξεῖαν</span> 
     </span>
    </p>
   </div>
   <div class='ocr_carea' id='block_1_91' title="bbox 352 5401 1940 5476">
    <p class='ocr_par' dir='ltr' id='par_1_91' title="bbox 352 5401 1940 5476">
     <span class='ocr_line' id='line_1_91' title="bbox 352 5401 1940 5476; baseline -0.003 -16"><span class='ocrx_word' id='word_1_672' title='bbox 352 5406 448 5460; x_wconf 78' lang='grc' dir='ltr'><strong>καὶ</strong></span> <span class='ocrx_word' id='word_1_673' title='bbox 471 5407 737 5476; x_wconf 86' lang='grc' dir='ltr'>τραχεῖαν</span> <span class='ocrx_word' id='word_1_674' title='bbox 768 5406 972 5474; x_wconf 85' lang='grc' dir='ltr'>φωνὴν,</span> <span class='ocrx_word' id='word_1_675' title='bbox 1011 5405 1110 5457; x_wconf 76' lang='grc' dir='ltr'><strong>καὶ</strong></span> <span class='ocrx_word' id='word_1_676' title='bbox 1139 5404 1238 5475; x_wconf 82' lang='grc' dir='ltr'><strong>τὴν</strong></span> <span class='ocrx_word' id='word_1_677' title='bbox 1273 5405 1481 5475; x_wconf 81' lang='grc' dir='ltr'>ἡδεῖαν,</span> <span class='ocrx_word' id='word_1_678' title='bbox 1512 5403 1608 5456; x_wconf 77' lang='grc' dir='ltr'><strong>καὶ</strong></span> <span class='ocrx_word' id='word_1_679' title='bbox 1647 5401 1748 5473; x_wconf 83' lang='grc' dir='ltr'><strong>τὴν</strong></span> <span class='ocrx_word' id='word_1_680' title='bbox 1776 5402 1940 5473; x_wconf 82' lang='grc' dir='ltr'>ἀηδῆ,</span> 
     </span>
    </p>
   </div>
   <div class='ocr_carea' id='block_1_92' title="bbox 357 5493 1942 5569">
    <p class='ocr_par' dir='ltr' id='par_1_92' title="bbox 357 5493 1942 5569">
     <span class='ocr_line' id='line_1_92' title="bbox 357 5493 1942 5569; baseline -0.003 -17"><span class='ocrx_word' id='word_1_681' title='bbox 357 5495 649 5569; x_wconf 84' lang='grc' dir='ltr'>βραγχὼδη</span> <span class='ocrx_word' id='word_1_682' title='bbox 682 5514 743 5550; x_wconf 89' lang='grc' dir='ltr'><strong>τε</strong></span> <span class='ocrx_word' id='word_1_683' title='bbox 766 5498 862 5550; x_wconf 75' lang='grc' dir='ltr'>καὶ</span> <span class='ocrx_word' id='word_1_684' title='bbox 889 5495 1198 5566; x_wconf 84' lang='grc' dir='ltr'>κακόμελον</span> <span class='ocrx_word' id='word_1_685' title='bbox 1223 5497 1287 5550; x_wconf 85' lang='grc'><strong>³⁹.</strong></span> <span class='ocrx_word' id='word_1_686' title='bbox 1319 5515 1337 5548; x_wconf 73' lang='grc' dir='ltr'><strong>ι</strong></span> <span class='ocrx_word' id='word_1_687' title='bbox 1377 5498 1452 5550; x_wconf 82' lang='grc' dir='ltr'><strong>Οὐ</strong></span> <span class='ocrx_word' id='word_1_688' title='bbox 1482 5497 1591 5568; x_wconf 86' lang='grc' dir='ltr'>γὰρ</span> <span class='ocrx_word' id='word_1_689' title='bbox 1609 5496 1696 5549; x_wconf 79' lang='grc' dir='ltr'>ἐπ’</span> <span class='ocrx_word' id='word_1_690' title='bbox 1724 5493 1942 5559; x_wconf 82' lang='grc' dir='ltr'>εὐθείας</span> 
     </span>
    </p>
   </div>
   <div class='ocr_carea' id='block_1_93' title="bbox 354 5587 1939 5661">
    <p class='ocr_par' dir='ltr' id='par_1_93' title="bbox 354 5587 1939 5661">
     <span class='ocr_line' id='line_1_93' title="bbox 354 5587 1939 5661; baseline 0 -22"><span class='ocrx_word' id='word_1_691' title='bbox 354 5589 606 5661; x_wconf 71' lang='grc' dir='ltr'>ἧνοικται</span> <span class='ocrx_word' id='word_1_692' title='bbox 627 5589 661 5659; x_wconf 82' lang='grc' dir='ltr'><strong>ἡ</strong></span> <span class='ocrx_word' id='word_1_693' title='bbox 684 5587 847 5659; x_wconf 84' lang='grc' dir='ltr'>ἀκοὴ,</span> <span class='ocrx_word' id='word_1_694' title='bbox 872 5589 1082 5658; x_wconf 73' lang='grc' dir='ltr'>φησὶνό</span> <span class='ocrx_word' id='word_1_695' title='bbox 1110 5587 1286 5659; x_wconf 82' lang='grc' dir='ltr'>μέγας</span> <span class='ocrx_word' id='word_1_696' title='bbox 1325 5588 1634 5655; x_wconf 83' lang='grc' dir='ltr'>Βασίλειος,</span> <span class='ocrx_word' id='word_1_697' title='bbox 1672 5587 1793 5641; x_wconf 83' lang='grc' dir='ltr'>ἀλλ’</span> <span class='ocrx_word' id='word_1_698' title='bbox 1827 5587 1939 5640; x_wconf 82' lang='grc' dir='ltr'>ἐλι-</span> 
     </span>
    </p>
   </div>
   <div class='ocr_carea' id='block_1_94' title="bbox 2041 4656 3639 4735">
    <p class='ocr_par' dir='ltr' id='par_1_94' title="bbox 2041 4656 3639 4735">
     <span class='ocr_line' id='line_1_94' title="bbox 2041 4656 3639 4735; baseline -0.008 -15"><span class='ocrx_word' id='word_1_699' title='bbox 2041 4665 2192 4735; x_wconf 90' lang='lat' dir='ltr'><strong>paris</strong></span> <span class='ocrx_word' id='word_1_700' title='bbox 2223 4664 2412 4735; x_wconf 80' lang='lat' dir='ltr'><strong>ﬁgurae</strong></span> <span class='ocrx_word' id='word_1_701' title='bbox 2439 4677 2568 4719; x_wconf 92' lang='lat' dir='ltr'><strong>osse</strong></span> <span class='ocrx_word' id='word_1_702' title='bbox 2592 4662 2646 4715; x_wconf 93' lang='lat' dir='ltr'><strong>in</strong></span> <span class='ocrx_word' id='word_1_703' title='bbox 2677 4675 2868 4715; x_wconf 89' lang='lat' dir='ltr'><strong>earum</strong></span> <span class='ocrx_word' id='word_1_704' title='bbox 2903 4669 3155 4715; x_wconf 80' lang='lat' dir='ltr'><strong>extremo</strong></span> <span class='ocrx_word' id='word_1_705' title='bbox 3178 4656 3476 4712; x_wconf 83' lang='lat' dir='ltr'><strong>exsistente</strong></span> <span class='ocrx_word' id='word_1_706' title='bbox 3500 4668 3639 4724; x_wconf 80' lang='lat' dir='ltr'><strong>prae-</strong></span> 
     </span>
    </p>
   </div>
   <div class='ocr_carea' id='block_1_95' title="bbox 2040 4746 3636 4822">
    <p class='ocr_par' dir='ltr' id='par_1_95' title="bbox 2040 4746 3636 4822">
     <span class='ocr_line' id='line_1_95' title="bbox 2040 4746 3636 4822; baseline -0.005 -14"><span class='ocrx_word' id='word_1_707' title='bbox 2040 4754 2183 4809; x_wconf 88' lang='lat' dir='ltr'><strong>ditas</strong></span> <span class='ocrx_word' id='word_1_708' title='bbox 2206 4761 2446 4818; x_wconf 88' lang='lat' dir='ltr'><strong>constat,</strong></span> <span class='ocrx_word' id='word_1_709' title='bbox 2461 4753 2514 4807; x_wconf 91' lang='lat' dir='ltr'><strong>in</strong></span> <span class='ocrx_word' id='word_1_710' title='bbox 2535 4751 2703 4822; x_wconf 90' lang='lat' dir='ltr'><strong>quod,</strong></span> <span class='ocrx_word' id='word_1_711' title='bbox 2723 4751 2830 4822; x_wconf 76' lang='grc'><strong>72</strong></span> <span class='ocrx_word' id='word_1_712' title='bbox 2845 4766 2945 4807; x_wconf 90' lang='lat' dir='ltr'><strong>ceu</strong></span> <span class='ocrx_word' id='word_1_713' title='bbox 2975 4750 3032 4804; x_wconf 91' lang='lat' dir='ltr'><strong>in</strong></span> <span class='ocrx_word' id='word_1_714' title='bbox 3052 4764 3149 4804; x_wconf 87' lang='lat' dir='ltr'><strong>vas</strong></span> <span class='ocrx_word' id='word_1_715' title='bbox 3170 4749 3354 4811; x_wconf 85' lang='lat' dir='ltr'><strong>inane,</strong></span> <span class='ocrx_word' id='word_1_716' title='bbox 3374 4746 3636 4816; x_wconf 87' lang='lat' dir='ltr'><strong>strepitus</strong></span> 
     </span>
    </p>
   </div>
   <div class='ocr_carea' id='block_1_96' title="bbox 2041 4838 3635 4918">
    <p class='ocr_par' dir='ltr' id='par_1_96' title="bbox 2041 4838 3635 4918">
     <span class='ocr_line' id='line_1_96' title="bbox 2041 4838 3635 4918; baseline -0.007 -15"><span class='ocrx_word' id='word_1_717' title='bbox 2041 4847 2336 4916; x_wconf 86' lang='lat' dir='ltr'><strong>cujuslibet</strong></span> <span class='ocrx_word' id='word_1_718' title='bbox 2380 4847 2530 4902; x_wconf 89' lang='lat' dir='ltr'><strong>vocis</strong></span> <span class='ocrx_word' id='word_1_719' title='bbox 2567 4847 2895 4918; x_wconf 87' lang='lat' dir='ltr'><strong>ingreditur.</strong></span> <span class='ocrx_word' id='word_1_720' title='bbox 2932 4844 2998 4899; x_wconf 89' lang='lat' dir='ltr'><strong>Et</strong></span> <span class='ocrx_word' id='word_1_721' title='bbox 3029 4843 3290 4914; x_wconf 89' lang='lat' dir='ltr'><strong>quoniam</strong></span> <span class='ocrx_word' id='word_1_722' title='bbox 3331 4841 3441 4896; x_wconf 88' lang='lat' dir='ltr'><strong>tale</strong></span> <span class='ocrx_word' id='word_1_723' title='bbox 3473 4855 3538 4894; x_wconf 88' lang='lat' dir='ltr'><strong>os</strong></span> <span class='ocrx_word' id='word_1_724' title='bbox 3567 4838 3635 4892; x_wconf 91' lang='lat' dir='ltr'><strong>ad</strong></span> 
     </span>
    </p>
   </div>
   <div class='ocr_carea' id='block_1_97' title="bbox 2045 4933 3634 5010">
    <p class='ocr_par' dir='ltr' id='par_1_97' title="bbox 2045 4933 3634 5010">
     <span class='ocr_line' id='line_1_97' title="bbox 2045 4933 3634 5010; baseline -0.008 -15"><span class='ocrx_word' id='word_1_725' title='bbox 2045 4940 2331 4995; x_wconf 89' lang='lat' dir='ltr'><strong>cerebrum</strong></span> <span class='ocrx_word' id='word_1_726' title='bbox 2371 4948 2684 5010; x_wconf 85' lang='lat' dir='ltr'><strong>vergentem</strong></span> <span class='ocrx_word' id='word_1_727' title='bbox 2738 4947 2979 4995; x_wconf 89' lang='lat' dir='ltr'><strong>meatum</strong></span> <span class='ocrx_word' id='word_1_728' title='bbox 3015 4935 3333 5005; x_wconf 89' lang='lat' dir='ltr'><strong>neutiquam</strong></span> <span class='ocrx_word' id='word_1_729' title='bbox 3369 4933 3634 4994; x_wconf 87' lang='lat' dir='ltr'><strong>continet,</strong></span> 
     </span>
    </p>
   </div>
   <div class='ocr_carea' id='block_1_98' title="bbox 2049 5023 3641 5102">
    <p class='ocr_par' dir='ltr' id='par_1_98' title="bbox 2049 5023 3641 5102">
     <span class='ocr_line' id='line_1_98' title="bbox 2049 5023 3641 5102; baseline -0.006 -18"><span class='ocrx_word' id='word_1_730' title='bbox 2049 5032 2229 5102; x_wconf 89' lang='lat' dir='ltr'><strong>ipsum</strong></span> <span class='ocrx_word' id='word_1_731' title='bbox 2252 5032 2320 5086; x_wconf 86' lang='lat' dir='ltr'><strong>ad</strong></span> <span class='ocrx_word' id='word_1_732' title='bbox 2336 5031 2448 5086; x_wconf 86' lang='lat' dir='ltr'><strong>oris</strong></span> <span class='ocrx_word' id='word_1_733' title='bbox 2466 5032 2707 5102; x_wconf 87' lang='lat' dir='ltr'><strong>palatum</strong></span> <span class='ocrx_word' id='word_1_734' title='bbox 2727 5040 2924 5086; x_wconf 88' lang='lat' dir='ltr'><strong>natura</strong></span> <span class='ocrx_word' id='word_1_735' title='bbox 2951 5028 3220 5091; x_wconf 83' lang='lat' dir='ltr'><strong>adhibuit,</strong></span> <span class='ocrx_word' id='word_1_736' title='bbox 3250 5041 3281 5080; x_wconf 88' lang='lat' dir='ltr'><strong>a</strong></span> <span class='ocrx_word' id='word_1_737' title='bbox 3310 5040 3421 5094; x_wconf 87' lang='lat' dir='ltr'><strong>quo</strong></span> <span class='ocrx_word' id='word_1_738' title='bbox 3443 5023 3641 5092; x_wconf 87' lang='lat' dir='ltr'><strong>strepi-</strong></span> 
     </span>
    </p>
   </div>
   <div class='ocr_carea' id='block_1_99' title="bbox 2047 5118 3640 5193">
    <p class='ocr_par' dir='ltr' id='par_1_99' title="bbox 2047 5118 3640 5193">
     <span class='ocr_line' id='line_1_99' title="bbox 2047 5118 3640 5193; baseline -0.009 -13"><span class='ocrx_word' id='word_1_739' title='bbox 2047 5135 2156 5188; x_wconf 88' lang='lat' dir='ltr'><strong>tus,</strong></span> <span class='ocrx_word' id='word_1_740' title='bbox 2176 5138 2328 5179; x_wconf 64' lang='lat' dir='ltr'><strong>venae</strong></span> <span class='ocrx_word' id='word_1_741' title='bbox 2351 5123 2512 5179; x_wconf 90' lang='lat' dir='ltr'><strong>unius</strong></span> <span class='ocrx_word' id='word_1_742' title='bbox 2533 5123 2839 5180; x_wconf 89' lang='lat' dir='ltr'><strong>ministerio</strong></span> <span class='ocrx_word' id='word_1_743' title='bbox 2859 5137 2982 5193; x_wconf 74' lang='lat' dir='ltr'><strong>quae</strong></span> <span class='ocrx_word' id='word_1_744' title='bbox 3009 5121 3078 5175; x_wconf 92' lang='lat' dir='ltr'><strong>ad</strong></span> <span class='ocrx_word' id='word_1_745' title='bbox 3106 5118 3393 5174; x_wconf 90' lang='lat' dir='ltr'><strong>cerebrum</strong></span> <span class='ocrx_word' id='word_1_746' title='bbox 3419 5123 3640 5185; x_wconf 78' lang='lat' dir='ltr'><strong>proterr-</strong></span> 
     </span>
    </p>
   </div>
   <div class='ocr_carea' id='block_1_100' title="bbox 2045 5211 3638 5288">
    <p class='ocr_par' dir='ltr' id='par_1_100' title="bbox 2045 5211 3638 5288">
     <span class='ocr_line' id='line_1_100' title="bbox 2045 5211 3638 5288; baseline -0.008 -15"><span class='ocrx_word' id='word_1_747' title='bbox 2045 5218 2195 5273; x_wconf 89' lang='lat' dir='ltr'><strong>ditur</strong></span> <span class='ocrx_word' id='word_1_748' title='bbox 2212 5217 2278 5273; x_wconf 92' lang='lat' dir='ltr'><strong>ad</strong></span> <span class='ocrx_word' id='word_1_749' title='bbox 2299 5218 2477 5288; x_wconf 88' lang='lat' dir='ltr'><strong>ipsum</strong></span> <span class='ocrx_word' id='word_1_750' title='bbox 2507 5216 2698 5272; x_wconf 80' lang='lat' dir='ltr'><strong>fertur.</strong></span> <span class='ocrx_word' id='word_1_751' title='bbox 2731 5218 2814 5273; x_wconf 86' lang='lat' dir='ltr'><strong>Ab</strong></span> <span class='ocrx_word' id='word_1_752' title='bbox 2841 5216 2934 5271; x_wconf 91' lang='lat' dir='ltr'><strong>illo</strong></span> <span class='ocrx_word' id='word_1_753' title='bbox 2963 5214 3234 5286; x_wconf 88' lang='lat' dir='ltr'><strong>siquidem</strong></span> <span class='ocrx_word' id='word_1_754' title='bbox 3284 5211 3431 5276; x_wconf 90' lang='lat' dir='ltr'><strong>loco,</strong></span> <span class='ocrx_word' id='word_1_755' title='bbox 3481 5222 3638 5262; x_wconf 84' lang='lat' dir='ltr'><strong>mens</strong></span> 
     </span>
    </p>
   </div>
   <div class='ocr_carea' id='block_1_101' title="bbox 2047 5307 3639 5373">
    <p class='ocr_par' dir='ltr' id='par_1_101' title="bbox 2047 5307 3639 5373">
     <span class='ocr_line' id='line_1_101' title="bbox 2047 5307 3639 5373; baseline -0.01 -6"><span class='ocrx_word' id='word_1_756' title='bbox 2047 5320 2235 5368; x_wconf 85' lang='lat' dir='ltr'><strong>nostra</strong></span> <span class='ocrx_word' id='word_1_757' title='bbox 2295 5311 2620 5368; x_wconf 89' lang='lat' dir='ltr'><strong>audibilium</strong></span> <span class='ocrx_word' id='word_1_758' title='bbox 2671 5325 2855 5366; x_wconf 90' lang='lat' dir='ltr'><strong>rerum</strong></span> <span class='ocrx_word' id='word_1_759' title='bbox 2918 5307 3184 5373; x_wconf 88' lang='lat' dir='ltr'><strong>rationes,</strong></span> <span class='ocrx_word' id='word_1_760' title='bbox 3251 5311 3538 5370; x_wconf 82' lang='lat' dir='ltr'><strong>acutaeque</strong></span> <span class='ocrx_word' id='word_1_761' title='bbox 3574 5312 3639 5352; x_wconf 87' lang='lat' dir='ltr'><strong>ac</strong></span> 
     </span>
    </p>
   </div>
   <div class='ocr_carea' id='block_1_102' title="bbox 2044 5395 3637 5473">
    <p class='ocr_par' dir='ltr' id='par_1_102' title="bbox 2044 5395 3637 5473">
     <span class='ocr_line' id='line_1_102' title="bbox 2044 5395 3637 5473; baseline -0.01 -15"><span class='ocrx_word' id='word_1_762' title='bbox 2044 5417 2248 5473; x_wconf 66' lang='lat' dir='ltr'><strong>asperae</strong></span> <span class='ocrx_word' id='word_1_763' title='bbox 2306 5403 2497 5470; x_wconf 89' lang='lat' dir='ltr'><strong>vocis;</strong></span> <span class='ocrx_word' id='word_1_764' title='bbox 2529 5402 2622 5458; x_wconf 89' lang='lat' dir='ltr'><strong>sed</strong></span> <span class='ocrx_word' id='word_1_765' title='bbox 2656 5409 2711 5457; x_wconf 91' lang='lat' dir='ltr'><strong>et</strong></span> <span class='ocrx_word' id='word_1_766' title='bbox 2750 5398 2958 5466; x_wconf 85' lang='lat' dir='ltr'><strong>suavis,</strong></span> <span class='ocrx_word' id='word_1_767' title='bbox 3005 5413 3072 5453; x_wconf 90' lang='lat' dir='ltr'><strong>ac</strong></span> <span class='ocrx_word' id='word_1_768' title='bbox 3111 5395 3379 5458; x_wconf 85' lang='lat' dir='ltr'><strong>insuavis,</strong></span> <span class='ocrx_word' id='word_1_769' title='bbox 3423 5404 3637 5446; x_wconf 89' lang='lat' dir='ltr'><strong>necnon</strong></span> 
     </span>
    </p>
   </div>
   <div class='ocr_carea' id='block_1_103' title="bbox 2039 5481 3642 5566">
    <p class='ocr_par' dir='ltr' id='par_1_103' title="bbox 2039 5481 3642 5566">
     <span class='ocr_line' id='line_1_103' title="bbox 2039 5481 3642 5566; baseline -0.012 -11"><span class='ocrx_word' id='word_1_770' title='bbox 2039 5494 2302 5566; x_wconf 62' lang='lat' dir='ltr'><strong>fragosae;</strong></span> <span class='ocrx_word' id='word_1_771' title='bbox 2356 5509 2590 5566; x_wconf 66' lang='lat' dir='ltr'><strong>qumque</strong></span> <span class='ocrx_word' id='word_1_772' title='bbox 2647 5493 2778 5548; x_wconf 90' lang='lat' dir='ltr'><strong>mali</strong></span> <span class='ocrx_word' id='word_1_773' title='bbox 2817 5488 3213 5548; x_wconf 65' lang='lat' dir='ltr'><strong>medulaminis</strong></span> <span class='ocrx_word' id='word_1_774' title='bbox 3266 5497 3352 5541; x_wconf 87' lang='lat' dir='ltr'><strong>est</strong></span> <span class='ocrx_word' id='word_1_775' title='bbox 3408 5481 3642 5554; x_wconf 88' lang='lat' dir='ltr'><strong>percipit</strong></span> 
     </span>
    </p>
   </div>
   <div class='ocr_carea' id='block_1_104' title="bbox 2039 5589 3642 5662">
    <p class='ocr_par' dir='ltr' id='par_1_104' title="bbox 2039 5589 3642 5662">
     <span class='ocr_line' id='line_1_104' title="bbox 2039 5589 3642 5662; baseline -0.006 -15"><span class='ocrx_word' id='word_1_776' title='bbox 2039 5601 2206 5662; x_wconf 87' lang='lat' dir='ltr'><strong>atque</strong></span> <span class='ocrx_word' id='word_1_777' title='bbox 2231 5591 2527 5662; x_wconf 86' lang='lat' dir='ltr'><strong>dijudicat;</strong></span> <span class='ocrx_word' id='word_1_778' title='bbox 2553 5601 2607 5646; x_wconf 91' lang='lat' dir='ltr'><strong>et</strong></span> <span class='ocrx_word' id='word_1_779' title='bbox 2632 5591 2703 5645; x_wconf 90' lang='lat' dir='ltr'><strong>ita</strong></span> <span class='ocrx_word' id='word_1_780' title='bbox 2723 5606 2817 5660; x_wconf 88' lang='lat' dir='ltr'><strong>per</strong></span> <span class='ocrx_word' id='word_1_781' title='bbox 2834 5589 3132 5644; x_wconf 89' lang='lat' dir='ltr'><strong>audibilem</strong></span> <span class='ocrx_word' id='word_1_782' title='bbox 3159 5600 3404 5646; x_wconf 88' lang='lat' dir='ltr'><strong>sensum,</strong></span> <span class='ocrx_word' id='word_1_783' title='bbox 3426 5591 3642 5637; x_wconf 60' lang='lat' dir='ltr'><strong>natura</strong></span> 
     </span>
    </p>
   </div>
   <div class='ocr_carea' id='block_1_105' title="bbox 428 5713 3636 5837">
    <p class='ocr_par' dir='ltr' id='par_1_105' title="bbox 428 5713 3636 5837">
     <span class='ocr_line' id='line_1_105' title="bbox 428 5713 3636 5837; baseline 0.002 -22"><span class='ocrx_word' id='word_1_784' title='bbox 428 5763 474 5795; x_wconf 78' lang='lat'><strong>&quot;’</strong></span> <span class='ocrx_word' id='word_1_785' title='bbox 502 5763 598 5815; x_wconf 76' lang='grc' dir='ltr'><strong>καὶ</strong></span> <span class='ocrx_word' id='word_1_786' title='bbox 618 5761 855 5837; x_wconf 27' lang='grc' dir='ltr'><strong>εξ-λμὲνᾼ</strong></span> <span class='ocrx_word' id='word_1_787' title='bbox 879 5761 972 5837; x_wconf 70' lang='grc' dir='ltr'>,αἱ</span> <span class='ocrx_word' id='word_1_788' title='bbox 999 5760 1056 5814; x_wconf 80' lang='grc' dir='ltr'>δὲ</span> <span class='ocrx_word' id='word_1_789' title='bbox 1089 5764 1357 5837; x_wconf 52' lang='grc' dir='ltr'>σερογλῖ.</span> <span class='ocrx_word' id='word_1_790' title='bbox 1417 5764 1476 5837; x_wconf 74' lang='lat'><strong>_“</strong></span> <span class='ocrx_word' id='word_1_791' title='bbox 1514 5765 1680 5833; x_wconf 79' lang='grc' dir='ltr'>μαλὸς</span> <span class='ocrx_word' id='word_1_792' title='bbox 1714 5765 1808 5819; x_wconf 83' lang='lat' dir='ltr'><strong>BC</strong></span> <span class='ocrx_word' id='word_1_793' title='bbox 1843 5769 1908 5822; x_wconf 84' lang='lat' dir='ltr'><strong>P.</strong></span> <span class='ocrx_word' id='word_1_794' title='bbox 1984 5769 2028 5800; x_wconf 85' lang='grc'><strong>³¹</strong></span> <span class='ocrx_word' id='word_1_795' title='bbox 2049 5767 2275 5823; x_wconf 82' lang='grc' dir='ltr'>δεκτικὰ</span> <span class='ocrx_word' id='word_1_796' title='bbox 2302 5769 2366 5828; x_wconf 82' lang='grc' dir='ltr'>Α,</span> <span class='ocrx_word' id='word_1_797' title='bbox 2395 5767 2669 5820; x_wconf 73' lang='grc' dir='ltr'>δεικτικαὶ</span> <span class='ocrx_word' id='word_1_798' title='bbox 2701 5767 2763 5822; x_wconf 85' lang='lat' dir='ltr'><strong>C.</strong></span> <span class='ocrx_word' id='word_1_799' title='bbox 2841 5768 2884 5800; x_wconf 86' lang='grc'>³³</span> <span class='ocrx_word' id='word_1_800' title='bbox 2905 5768 2934 5837; x_wconf 75' lang='grc' dir='ltr'><strong>ἡ</strong></span> <span class='ocrx_word' id='word_1_801' title='bbox 2958 5713 3110 5820; x_wconf 81' lang='grc' dir='ltr'>κάτω</span> <span class='ocrx_word' id='word_1_802' title='bbox 3134 5764 3173 5816; x_wconf 88' lang='grc' dir='ltr'>Β</span> <span class='ocrx_word' id='word_1_803' title='bbox 3194 5763 3253 5818; x_wconf 86' lang='grc' dir='ltr'>Ρ.</span> <span class='ocrx_word' id='word_1_804' title='bbox 3333 5763 3374 5794; x_wconf 69' lang='grc'><strong>³³</strong></span> <span class='ocrx_word' id='word_1_805' title='bbox 3408 5761 3440 5834; x_wconf 81' lang='grc' dir='ltr'>ἢ</span> <span class='ocrx_word' id='word_1_806' title='bbox 3475 5758 3550 5833; x_wconf 81' lang='grc' dir='ltr'>μὴ</span> <span class='ocrx_word' id='word_1_807' title='bbox 3571 5760 3636 5816; x_wconf 67' lang='grc' dir='ltr'><strong>Δ.</strong></span> 
     </span>
    </p>
   </div>
   <div class='ocr_carea' id='block_1_106' title="bbox 361 5831 1228 5908">
    <p class='ocr_par' dir='ltr' id='par_1_106' title="bbox 361 5831 1228 5908">
     <span class='ocr_line' id='line_1_106' title="bbox 361 5831 1228 5908; baseline 0.002 -21"><span class='ocrx_word' id='word_1_808' title='bbox 361 5831 635 5908; x_wconf 68' lang='grc' dir='ltr'><strong>⁸ἐἴρηται</strong></span> <span class='ocrx_word' id='word_1_809' title='bbox 663 5833 723 5888; x_wconf 87' lang='grc' dir='ltr'>Β.</span> <span class='ocrx_word' id='word_1_810' title='bbox 801 5833 844 5864; x_wconf 70' lang='grc'>³⁸</span> <span class='ocrx_word' id='word_1_811' title='bbox 866 5831 1075 5903; x_wconf 80' lang='grc' dir='ltr'>γίνεται</span> <span class='ocrx_word' id='word_1_812' title='bbox 1108 5831 1228 5889; x_wconf 84' lang='grc' dir='ltr'><strong>ΒΡ.</strong></span> 
     </span>
    </p>
   </div>
   <div class='ocr_carea' id='block_1_107' title="bbox 1308 5835 2626 5910">
    <p class='ocr_par' dir='ltr' id='par_1_107' title="bbox 1308 5835 2626 5910">
     <span class='ocr_line' id='line_1_107' title="bbox 1308 5835 2626 5910; baseline 0.003 -22"><span class='ocrx_word' id='word_1_813' title='bbox 1308 5836 1350 5866; x_wconf 81' lang='grc'><strong>³⁷</strong></span> <span class='ocrx_word' id='word_1_814' title='bbox 1383 5835 1462 5899; x_wconf 75' lang='grc' dir='ltr'><strong>εἰς</strong></span> <span class='ocrx_word' id='word_1_815' title='bbox 1498 5837 1554 5889; x_wconf 84' lang='grc' dir='ltr'>Β.</span> <span class='ocrx_word' id='word_1_816' title='bbox 1636 5837 1678 5868; x_wconf 69' lang='grc'><strong>⁸⁸</strong></span> <span class='ocrx_word' id='word_1_817' title='bbox 1712 5839 2043 5908; x_wconf 79' lang='grc' dir='ltr'>προπάντως</span> <span class='ocrx_word' id='word_1_818' title='bbox 2076 5843 2142 5895; x_wconf 78' lang='grc' dir='ltr'>Α.</span> <span class='ocrx_word' id='word_1_819' title='bbox 2223 5842 2265 5871; x_wconf 67' lang='grc'><strong>³9</strong></span> <span class='ocrx_word' id='word_1_820' title='bbox 2296 5838 2538 5910; x_wconf 72' lang='grc' dir='ltr'>κόμαλον</span> <span class='ocrx_word' id='word_1_821' title='bbox 2561 5839 2626 5892; x_wconf 82' lang='grc' dir='ltr'>Λ.</span> 
     </span>
    </p>
   </div>
  </div>
