4138 6478
501 388 641 444 H83

500 588 620 644 Non
661 587 808 642 enim
858 583 1076 639 auditus
1122 582 1238 652 ipse
1288 590 1437 634 recto
1494 578 1734 640 tramite,
1766 590 1825 632 ut
1851 591 2084 646 magnus

503 677 743 733 Basilius
786 675 984 745 inquit,
1035 673 1276 728 directus
1306 672 1496 730 fertur.
1529 669 1626 725 sed
1665 668 1951 738 strepitum
1991 668 2084 737 qui

505 769 560 822 in
596 783 721 822 aere
774 767 851 830 lit,
909 781 1008 820 ceu
1062 779 1158 834 per
1211 761 1492 816 anfractus
1530 761 1794 830 quosdam
1845 760 2090 814 ﬂexuoso

507 869 688 914 meatu
713 859 942 928 percipit
967 877 979 910 :
1007 863 1338 924 quapropter
1383 869 1485 908 vox
1528 854 1677 907 nullo
1703 853 2089 922 impedimento

1776 369 2056 426 MELETII
2094 364 2404 424 MONACHI

504 510 687 554 rerum
704 494 1101 566 dignoscuntur
1129 498 1312 560 atque,
1332 499 1393 544 ut
1419 488 1679 551 diximus,
1697 484 2086 556 dijudieantur.

2205 481 2375 552 ιοειδῆ
2410 479 2491 550 τῷ
2525 480 2677 551 πόρῳ
2703 476 2810 530 τῶν
2835 477 2877 507 ⁸ο
2913 476 2968 528 έν
2997 474 3075 546 τῷ
3105 475 3228 546 ἀέρι
3259 474 3450 545 ψόφων
3491 465 3779 566 ἀντιλαμοὲ

3623 362 3778 450 usi

2193 543 2418 628 ὅάνεται
2455 543 2474 602 ί
2501 543 2770 638 ὣστε-τὴν
2805 569 2906 638 μὲν
2951 543 3135 636 φωνὴν
3162 543 3458 630 ἀκωλύτως
3486 543 3782 636 διεξιέναιί

2193 667 2226 736 ἦ
2255 665 2347 718 καὶ
2373 661 2576 734 μᾶλλον
2611 661 2829 732 ἐνηχεῖν
2855 659 3281 729 περικλωμένην
3306 662 3426 723 ταῖς
3455 659 3766 728 κοιλότησι⁶

2197 755 2366 827 μηδὲν
2396 754 2453 806 δὲ
2484 752 2595 805 τῶν
2626 752 2669 782 δι
2724 749 2926 815 ἔξωθεν
2979 750 3484 820 παρεμπιπτόντων
3538 748 3774 820 κώλυμα

2196 844 2336 901 εἶναι
2363 843 2624 900 δύνασθαι
2647 845 2713 913 τῇ
2739 841 3012 911 αἰσθήσει.
3055 860 3074 892 ι

507 951 827 1022 ingreditur.
869 949 974 1004 Sed
1014 950 1057 1003 si
1087 965 1258 1003 sonus
1291 948 1406 1018 ipse
1431 949 1647 1003 aurium
1689 963 1820 1002 cava
1889 946 2128 1002 maxime
2201 940 2620 1014 pet-turbaverit,
2654 937 2791 992 nihil
2847 951 3038 992 eorum
3087 952 3208 1008 qua:
3259 938 3602 994 extrinsecus
3641 954 3771 1008 pro-

506 1043 732 1096 veniunt
764 1057 961 1096 sensus
1013 1041 1129 1110 ipse
1169 1041 1447 1110 percipere
1500 1041 1718 1110 poterit.

572 1135 884 1190 Concavum
918 1149 1045 1186 vero
1077 1135 1224 1202 quod
1267 1135 1318 1187 in
1365 1149 1499 1188 aure
1547 1143 1650 1196 est,
1681 1133 1916 1196 alveare,
1947 1130 2092 1199 quod

507 1226 579 1278 illi
604 1224 809 1294 κυψελὴ
831 1224 919 1276 διὰ
947 1225 1004 1276 τὸ
1029 1224 1220 1293 κῦφον,
1254 1228 1347 1279 καὶ
1372 1227 1686 1296 κογχοειδὲς
1708 1228 1917 1290 dicunt,
1947 1224 2095 1296 quod

505 1332 802 1370 concavum
826 1316 1076 1371 videlicet
1099 1318 1602 1388 conchiliatumque
1629 1320 1733 1384 sit,
1775 1319 1904 1388 quia
1947 1316 2093 1370 vasis

506 1409 818 1476 hujusmodi
841 1408 1255 1463 similitudinem
1289 1410 1470 1464 habet.
1504 1410 1669 1464 Auris
1700 1424 1938 1478 namque
1979 1409 2094 1478 ipsa

503 1498 571 1551 ad
609 1499 838 1569 cymbali
890 1500 1112 1553 modum
1142 1501 1444 1554 consistere
1476 1501 1692 1565 visitur;
1722 1501 1865 1568 quod
1899 1509 2092 1554 natura

501 1587 735 1641 ornandi
767 1589 963 1658 capitis
1003 1591 1185 1659 gravia
1213 1591 1494 1660 produxit,
1529 1606 1596 1646 ne
1633 1592 1844 1646 scilicet
1875 1591 1994 1661 ejus
2033 1592 2094 1644 li-

504 1694 638 1748 gura
685 1683 887 1748 passim
932 1681 1164 1734 rotunda
1211 1683 1506 1746 exsistens,
1565 1698 1673 1736 non
1734 1683 1896 1736 modo
1954 1684 2095 1738 visui

2268 1127 2342 1180 Τὸ
2379 1127 2478 1197 μὲν
2497 1118 2594 1179 οὗν
2620 1124 2800 1180 κοῖλον
2826 1122 2920 1178 τοῦ
2951 1122 3093 1186 ὠτὸς
3121 1123 3366 1192 κυψελὴ
3387 1121 3629 1191 λέγεται,
3685 1123 3774 1176 διὰ

2194 1221 2258 1274 τὸ
2286 1219 2461 1289 κῦφόν
2485 1236 2544 1272 τε
2569 1219 2664 1274 καὶ
2687 1217 3014 1289 κογχοειδὲς,
3066 1215 3163 1270 καλ⁹
3215 1218 3329 1281 τοῖς
3387 1215 3635 1284 ἀγγείοις
3667 1217 3774 1269 ὲοι-

2194 1313 2385 1367 κέναιο
2442 1312 2576 1366 αὐτὸ
2604 1312 2660 1364 δὲ
2701 1310 2987 1382 κύμϐαλον
3033 1309 3224 1380 ὥσπερ
3282 1311 3350 1380 τῇ
3403 1308 3611 1380 Θεωρία
3658 1311 3775 1363 ἐστὶ

2195 1406 2400 1474 κόσμος
2421 1406 2487 1474 τῇ
2517 1402 2726 1474 κεφαλῇ
2757 1402 3066 1472 γινόμενος,
3097 1400 3183 1453 ἵνα
3203 1399 3278 1470 μὴ
3307 1399 3489 1469 πάντη
3517 1401 3675 1468 ὁλόγυ
3686 1417 3776 1472 ρος

2201 1492 2359 1560 οὖσα,
2397 1494 2472 1565 μὴ
2507 1494 2669 1565 μόνον
2699 1494 2971 1564 ἀτερπὴς,
3010 1491 3148 1545 ἀλλὰ
3177 1491 3376 1564 κολοὸὴ
3391 1491 3437 1523 ⁸⁸
3474 1490 3770 1545 δείκνυται.

2214 1589 2273 1640 ’0
2308 1588 2365 1640 δὲ
2387 1589 2445 1640 ὲν
2479 1585 2556 1656 τῷ
2572 1585 2718 1658 ὠτίῳ
2748 1587 2918 1659 ῥύπος
2951 1585 3307 1654 ὲγγινόμενος
3349 1583 3611 1652 κυψελὶς
3662 1585 3778 1636 dvo-

2209 1681 2555 1749 μάζεται,ὲκ
2578 1679 2678 1749 τῆς
2739 1677 3165 1748 ἀναθυμιάσεως
3209 1679 3308 1746 τῆς
3364 1673 3567 1746 ξανθῆς
3612 1674 3778 1746 χολῆς

507 1770 832 1838 injucunda,
881 1770 974 1824 Sed
1003 1771 1188 1823 mutila
1215 1771 1376 1824 etiam
1405 1771 1798 1841 decurtataque
1820 1772 2095 1826 videatur.

2205 1774 2596 1842 συνιστάμενος
2622 1787 2635 1800 '
2670 1770 2783 1842 ἠδὲ
2806 1769 3236 1840 ἀποτελεύτησις
3276 1767 3372 1821 τοῦ
3414 1768 3552 1831 ὠτὸς
3583 1768 3777 1836 σάρκι-

507 1861 714 1916 Sordes
742 1878 870 1916 vero
901 1877 1022 1931 quae
1081 1862 1133 1915 in
1183 1864 1410 1918 auribus
1447 1865 1622 1928 ﬁunt,
1679 1879 1744 1918 ex
1775 1863 1926 1918 ﬂava-
1965 1863 2090 1918 bilis

510 1955 859 2010 exhalatione
884 1956 1320 2019 constituuntur,
1345 1972 1466 2024 qua:
1502 1956 1571 2008 ab
1602 1956 1710 2010 illis
1740 1955 1963 2025 κυψελὶς
1997 1955 2092 2008 (le-

511 2046 844 2100 nominatur.
889 2044 964 2099 Ea
1013 2045 1159 2097 enim
1214 2061 1363 2114 pars,
1398 2046 1452 2098 in
1481 2059 1646 2115 quam
1669 2055 1909 2100 extrema
1940 2046 2090 2100 auris

2202 1863 2291 1915 νόν
2310 1863 2352 1894 ⁵³
2379 1862 2519 1942 ἐστι,
2547 1862 2642 1916 καὶ
2661 1861 2721 1914 οὐ
2747 1861 2970 1932 χόνδρος
2994 1860 3251 1928 ’λέγεται
3272 1860 3329 1914 δὲ
3358 1860 3541 1926 λοϐὸς
3562 1859 3608 1890 ⁸⁸
3628 1858 3779 1927 παρὰ

2197 1955 2296 2025 τὴν
2323 1953 2531 2024 λώόην,
2556 1953 2732 2018 λωϐός
2761 1971 2776 1986 ·
2813 1953 3188 2023 ἀποτέμνεται
3223 1952 3333 2023 γὰρ
3362 1951 3538 2004 ταῦτα
3567 1949 3656 2003 διὰ
3681 1949 3780 2019 τὴν

2199 2045 2421 2110 κακίαν,
2451 2044 2526 2108 ὡς
2562 2045 2727 2114 φησὶν
2764 2044 3037 2115 Ὄμηρος

509 2135 738 2198 desinit,
771 2133 1092 2197 caruncula,
1132 2149 1239 2187 non
1268 2143 1448 2188 autem
1475 2135 1738 2203 cartilago
1763 2141 1850 2188 est
1877 2149 1890 2185 :
1920 2133 2078 2196 λοὸός

2205 2143 2300 2188 Lcm
2343 2133 2530 2188 Graece
2589 2133 2913 2203 appellatur,
2969 2131 3122 2202 παρὰ
3176 2131 3236 2184 τὸ
3279 2131 3493 2195 λοεεῦν,
3517 2133 3661 2198 quod
3689 2131 3778 2184 de-

512 2238 733 2295 turpare
772 2225 856 2280 vel
892 2223 1197 2278 abscindere
1235 2225 1468 2291 diceres,
1501 2240 1626 2279 nam
1653 2226 1770 2295 ipsa
1827 2224 1899 2280 ob
1931 2225 2136 2280 scelera
2177 2226 2419 2280 truncari
2465 2225 2638 2291 solet;
2667 2225 2812 2294 quod
2879 2234 2933 2279 et
2963 2223 3103 2294 apud
3144 2222 3437 2279 Homerum
3467 2232 3551 2279 est
3584 2227 3677 2293 qui
3711 2223 3782 2278 ita

515 2320 592 2373 ait
631 2337 646 2373 :

654 2429 754 2485 Cui
794 2445 946 2482 nares
981 2429 1125 2498 turpi
1168 2443 1342 2498 parua,
1384 2435 1704 2481 (runcantur
1731 2439 1780 2483 et
1815 2444 1994 2482 aures.

510 2543 692 2597 Aures
743 2556 981 2610 namque
1029 2541 1084 2594 in
1142 2539 1396 2609 supinam
1451 2548 1504 2594 et
1546 2539 1901 2610 profundam,
1939 2547 2103 2608 atque

512 2635 659 2688 inter
711 2633 812 2687 has
858 2632 1088 2686 mediam
1114 2629 1466 2697 dividuntur;
1497 2640 1550 2686 et
1580 2647 1700 2701 quae
1729 2630 2105 2686 mediocritate

512 2725 751 2795 quadam
771 2732 900 2779 sunt
921 2721 1256 2792 prreditae,ad
1286 2723 1532 2776 auditum
1561 2723 1928 2777 accommoda:
1957 2737 2099 2792 pra!-

2279 2431 2387 2494 "Oc
2420 2428 2474 2481 κ’
2495 2427 2616 2483 ἀπὸ
2648 2428 2793 2496 ῥῖνα
2826 2428 3053 2496 τάμῃσι
3075 2427 3174 2480 καὶ
3201 2429 3391 2481 οὔατα
3416 2427 3514 2498 (g).

2277 2541 2626 2612 Διαιροῦνται
2659 2539 2716 2592 δὲ
2750 2539 2818 2592 τὰ
2850 2533 2965 2592 ὦτα
3004 2539 3084 2600 εἰς
3114 2538 3271 2607 ψιλὰ,
3319 2539 3412 2592 καὶ
3447 2539 3642 2609 βαθέα,
3686 2542 3784 2594 καὶ⁸

2210 2632 2352 2704 μέσα
2375 2651 2387 2662 ·
2420 2632 2488 2684 τὰ
2515 2633 2574 2685 δὲ
2610 2632 2709 2700 τῆς
2746 2631 3045 2702 μεσότητος
3094 2632 3332 2701 ἐχόμενα
3369 2632 3627 2702 βέλτιστά
3679 2637 3783 2688 εἱσι

2207 2724 2346 2794 πρὸς
2379 2725 2555 2794 ἀκοήν
2586 2741 2600 2755 ·
2631 2719 2764 2794 ἦθος
2790 2723 2847 2776 δὲ
2864 2725 3017 2776 οὐδὲν
3047 2723 3258 2787 τούτοις
3289 2726 3781 2798 χαρακτηρίζεται,

513 2817 678 2887 cipue
726 2815 1041 2868 laudantur.
1086 2812 1164 2866 Ex
1215 2815 1350 2884 ipsis
1396 2829 1632 2882 namque
1677 2815 1904 2868 auribus
1951 2813 2099 2867 nulla

2205 2817 2247 2868 εἰ
2286 2817 2360 2885 μή
2383 2833 2436 2868 τι
2459 2816 2567 2867 τῶν
2605 2814 2818 2884 μικρῶν
2848 2815 2880 2885 ἦ
2919 2813 3175 2884 μεγάλων
3197 2831 3212 2845 ο
3246 2817 3388 2887 μήτε
3439 2817 3548 2870 τῶν
3578 2817 3786 2886 σφόδρα

514 2921 732 2960 morum
793 2903 1120 2973 signiﬁcatio
1188 2903 1611 2973 deprehenditur
1645 2945 1660 2970 ,
1738 2913 2100 2975 praeterquam

2206 2905 2686 2975 ἑπανεστηκότων,
2740 2904 2918 2974 ἡτῶν
2979 2906 3157 2976 πάντη
3209 2909 3697 2976 συμπεπτωκότων
3716 2909 3782 2960 ³⁵.

519 2995 668 3066 quod
705 3009 901 3064 parvas
926 2993 1244 3061 admodum,
1276 3009 1634 3064 magnasque,
1667 3010 1733 3049 ac
1763 2997 1886 3066 plus
1934 2997 2100 3052 nimio

2208 2995 2289 3048 Τὰ
2339 2995 2522 3064 μέντοι
2573 2994 2785 3064 μεγάλα
2830 2996 2927 3048 καὶ
2978 2997 3391 3068 ἐπανεστηκότα
3443 2997 3786 3068 μωρολογίας

518 3084 849 3147 eminentes,
906 3081 1175 3137 fatuitatis
1212 3084 1670 3154 loquacitatisque
1735 3085 1938 3140 indicia
1979 3101 2102 3142 esse

516 3175 624 3246 73
660 3173 903 3244 plerique
924 3181 1252 3229 statuerunt.
1283 3173 1421 3228 Tum
1445 3190 1511 3228 ex
1555 3176 1726 3242 signis
1750 3177 2101 3245 quibusdam,

516 3281 643 3336 quae
680 3267 734 3318 in
789 3265 921 3335 ipsis
971 3265 1244 3332 visuntur,
1285 3266 1409 3320 vitae
1463 3266 1878 3322 diuturnitatem
1934 3285 2105 3340 agno-

521 3366 707 3411 scmtt.
739 3354 901 3410 Solus
945 3355 1200 3424 equidem
1253 3357 1418 3410 homo
1464 3373 1529 3412 ac
1560 3358 1719 3413 simia
1749 3376 1810 3413 ex
1851 3361 2098 3414 omnium

517 3447 837 3502 animalium
904 3463 1103 3518 genere
1151 3448 1456 3504 immobiles
1505 3466 1668 3505 aures
1718 3452 1897 3506 sortiti
1953 3463 2102 3520 sunt,

517 3554 644 3593 cum
695 3548 888 3593 caetera
934 3540 1187 3594 universa
1241 3541 1537 3598 mobilibus
1582 3552 1826 3598 utantur.

592 3629 728 3695 Qua:
769 3644 899 3685 vero
926 3641 1108 3700 partes
1132 3633 1234 3686 sub
1256 3633 1484 3687 auribus
1507 3643 1637 3688 sunt
1660 3636 1914 3699 maxillae,
1954 3635 2106 3690 Grat-

517 3736 602 3782 ce,
636 3719 826 3789 γνάθοι
850 3762 864 3787 ,
895 3721 989 3774 καὶ
1034 3721 1240 3790 χαλινοί
1260 3723 1536 3776 dicuntur.
1563 3722 1699 3776 Nam
1738 3723 1925 3791 γνάθοι
1955 3725 2106 3795 παρὰ

518 3813 618 3883 τὴν
645 3810 887 3881 γνάμψιν
906 3851 922 3875 ,
941 3813 1034 3865 καὶ
1061 3813 1271 3883 κάμψιν
1296 3813 1401 3866 τῶν
1436 3814 1628 3878 όστῶν,
1679 3815 1826 3884 quod
1857 3816 2109 3870 videlicet

520 3904 879 3958 incurvantur
907 3904 1332 3973 ﬂectunturque,
1382 3905 1616 3959 maxilla:
1647 3907 1928 3974 appellata:
1954 3917 2104 3972 sunt,

521 4006 582 4049 ut
614 3995 934 4051 Homerus:
985 3993 1088 4050 Sed
1137 3996 1357 4064 ﬂexerat
1411 4011 1588 4048 omnes
1642 3994 1786 4051 Juno
1843 3999 1952 4051 suis
1991 4014 2108 4066 pre-

521 4089 688 4142 cibus.
721 4087 965 4152 Χαλινοί,
1013 4087 1067 4142 id
1135 4098 1221 4142 est
1280 4088 1497 4143 chaleni
1564 4088 1865 4156 dicuntur,
1911 4091 2002 4145 διὰ
2047 4093 2108 4145 τὸ

521 4175 750 4245 χαίνειν,
803 4176 956 4245 quod
1007 4178 1157 4230 hiare
1203 4185 1308 4242 est,
1349 4193 1474 4232 nam
1535 4194 1646 4248 prae
1703 4196 1890 4236 earum
1957 4183 2107 4238 hiatu

517 4267 641 4336 cjus
667 4268 814 4336 quod
839 4267 906 4322 ad
939 4269 1198 4323 interiora
1243 4268 1583 4326 demittimus
1630 4271 1688 4325 lit
1721 4273 2102 4328 comminutio.

2211 3087 2430 3154 λέγουσι
2463 3089 2558 3140 κοιλ¹
2581 3087 2962 3158 ἁδολεσχίας⁸⁶
2990 3089 3329 3159 σημαντικά.
3369 3089 3530 3153 Τινὲς
3564 3090 3622 3142 δὲ
3689 3091 3786 3144 καὶ

2208 3176 2596 3249 πολυζωήτους
2655 3180 2784 3242 τοὺς
2837 3180 2895 3232 ὲν
2930 3175 3012 3243 οἷς
3067 3182 3208 3234 εἰσὶν
3248 3183 3782 3255 ἐχαρακτηρίσαντο.

2208 3269 2384 3331 Μόνος
2420 3269 2477 3322 δὲ
2503 3269 2792 3340 ἄνθρωπος
2821 3271 2917 3324 καὶ
2937 3271 3170 3343 πίθηκος
3200 3275 3262 3326 οὐ
3288 3274 3502 3329 κινοῦσι
3540 3276 3610 3330 τὰ
3647 3271 3781 3341 ὦτα,

2207 3361 2319 3413 τῶν
2353 3360 2530 3414 ἄλλων
2560 3362 2784 3416 πάντων
2811 3361 2968 3427 ζώων
2997 3363 3110 3417 τῶν
3145 3363 3382 3434 ἐχόντων
3428 3365 3543 3419 ὦτα
3573 3365 3785 3421 κινούν-

2207 3471 2316 3506 των
2348 3454 2508 3508 αὑτά.

2278 3634 2360 3686 Τὰ
2393 3633 2449 3686 δὲ
2480 3633 2742 3687 ὑποκάτω
2775 3632 2872 3686 τοῦ
2905 3633 3044 3696 ὠτὸς
3093 3632 3301 3703 γνάθοι
3321 3633 3366 3665 ⁸⁷
3397 3633 3648 3701 λέγονται
3689 3635 3786 3688 καὶ

2208 3727 2452 3795 χαλινοί
2484 3742 2498 3755 ⁶
2537 3725 2747 3795 γνάθοι
2774 3725 2820 3755 ’⁸³
2856 3725 2978 3794 μὲν,
3018 3725 3173 3794 παρὰ
3201 3725 3298 3794 τὴν
3334 3725 3575 3794 γνάμψιν
3607 3727 3650 3757 ⁸³
3692 3724 3786 3778 καὶ

2208 3817 2418 3887 κάμψιν
2447 3817 2556 3868 τῶν
2594 3816 2770 3868 ὀστῶν
2802 3833 2816 3847 ⁸
2855 3817 2920 3869 ὲκ
2979 3816 3078 3868 τοῦ
3121 3816 3364 3886 κάμπτω
3420 3813 3514 3870 οὖν
3563 3816 3686 3870 ἐστὶ
3726 3816 3787 3869 τὸ

2207 3908 2456 3977 γνάμψαι
2477 3907 2523 3938 ⁸⁸
2554 3923 2568 3936 ·
2642 3908 2740 3960 καὶ
2775 3908 3026 3978 Ὄμηρος
3053 3924 3069 3939 ο
3129 3909 3548 3978 Ἐπέγναμψεν
3582 3913 3627 3943 ⁵¹
3676 3912 3788 3978 τὰρ

2207 4000 2478 4064 ἅπαντας
2509 4015 2523 4028 ⁸
2569 4000 2722 4067 ’Ἡρη
2769 3999 3116 4066 λισσομένη
3158 4000 3256 4071 (It).
3294 4003 3539 4055 Χαλινοὶ
3583 4002 3662 4067 δὲ,
3703 4003 3787 4055 ὅτι

2207 4091 2275 4144 δι’
2302 4089 2482 4143 αὐτῶν
2510 4090 2717 4158 καίνειν
2735 4089 2948 4157 γίνεται
2967 4095 2982 4109 ⁸
3008 4092 3056 4143 οἱ
3088 4091 3146 4144 δέ
3173 4107 3328 4158 φασι,
3352 4091 3602 4160 χαλινούς
3632 4109 3786 4155 τινας

2208 4178 2349 4236 εἶναι
2373 4183 2442 4214 ⁵³⁸
2494 4182 2773 4252 χαινοντες
2818 4181 2928 4250 γὰρ
2967 4182 3168 4245 αὐτοὺς
3199 4183 3299 4253 τὴν
3317 4181 3573 4251 αἴσθησιν
3607 4184 3790 4238 ποιούο

2214 4275 2354 4344 μεθα
2381 4275 2488 4330 τῶν
2529 4274 2955 4344 εἰσφερομένων.

593 4357 729 4414 Pars
768 4367 952 4414 autem
1007 4375 1117 4430 qua
1182 4375 1247 4415 os
1279 4362 1500 4431 tegitur,
1527 4361 1703 4432 χείλη,
1740 4363 1792 4415 id
1827 4371 1912 4418 est
1964 4364 2100 4418 labia

2280 4365 2361 4420 Τὰ
2390 4367 2446 4419 δὲ
2476 4366 2924 4420 ἐπικαλύπτοντα
2961 4366 3024 4418 τὸ
3064 4367 3264 4436 στόμα,
3293 4368 3450 4439 χείλη
3493 4368 3788 4422 καλοῦνται

522 4450 930 4514 denominatur,
983 4447 1094 4504 οἷον
1122 4453 1328 4522 ὲχείλη,
1391 4454 1552 4523 quasi
1598 4454 1745 4522 quod
1806 4454 1984 4524 ipsum
2045 4470 2107 4510 os

523 4549 768 4608 teneant,
798 4551 854 4595 et
878 4541 1002 4610 ejus
1032 4542 1391 4613 dentiumque
1413 4560 1515 4599 ceu
1565 4544 1748 4599 aeditui
1780 4545 2102 4600 habeantur.

527 4629 654 4684 Sive
679 4631 807 4684 inde
837 4631 945 4684 dici
986 4632 1100 4700 ipsa
1147 4633 1288 4687 labia
1327 4633 1540 4696 volunt,
1565 4635 1823 4703 quoniam
1850 4637 2108 4692 alimenta

521 4735 648 4789 quae
695 4735 792 4790 per
817 4722 932 4790 ipsa
966 4721 1238 4777 sumimus
1267 4723 1320 4777 in
1353 4738 1579 4778 succum
1609 4733 1917 4792 vertuntur,
1945 4743 2104 4796 quem

523 4812 600 4865 illi
633 4811 784 4882 χιλόν
819 4811 1090 4868 dictitant.
1120 4812 1239 4883 Ipsa
1280 4829 1520 4886 namque
1567 4817 1708 4871 labia
1753 4819 1898 4872 molli
1944 4835 2109 4875 carne

523 4919 838 4975 ventosaque
864 4914 1124 4960 constant
1152 4923 1166 4970 ;
1200 4915 1259 4962 et
1288 4917 1419 4963 sunt
1452 4909 1506 4964 in
1540 4911 1676 4981 ipsis
1713 4913 1945 4966 musculi
1975 4928 2113 4982 qua-

523 5005 674 5063 tuor,
734 5014 765 5053 a
803 4999 1004 5068 quibus
1053 5008 1238 5056 motus
1283 5001 1444 5056 labiis
1489 5019 1614 5057 cum
1667 5019 1839 5073 genus
1891 5004 2111 5073 aliquod

525 5089 802 5146 idiematis
851 5093 1274 5160 pronuntiamus
1323 5094 1814 5150 subministratur.
1871 5094 1978 5149 Sed
2009 5096 2113 5150 tria

2213 4459 2322 4511 ἀπὸ
2372 4459 2466 4511 τοῦ
2525 4459 2725 4512 κλείω·
2784 4458 2955 4511 οἱονεῖ⁹
3009 4458 3187 4528 γείλη,
3241 4460 3312 4513 τὰ
3369 4460 3643 4528 Θυροῦντοι
3694 4463 3788 4514 καὶ

2214 4547 2464 4600 κλείονται
2493 4548 2554 4600 τὸ
2594 4549 2771 4617 στόμα
2803 4548 3042 4610 καὶτοὺς
3075 4547 3329 4610 ὀδόντας·
3371 4547 3403 4618 ἢ
3444 4547 3554 4600 ἀπό
3581 4548 3675 4600 τοῦ
3719 4549 3786 4600 δι’

2212 4637 2392 4690 αὐτῶν
2422 4637 2515 4688 τὸν
2547 4637 2698 4708 χιλὸν
2724 4635 3026 4706 λαμϐάνειν
3049 4653 3065 4669 ·
3087 4634 3235 4703 χιλὸς
3255 4635 3313 4688 δὲ
3342 4637 3596 4707 ἡτροφή.
3629 4634 3788 4689 Μαλ-

2211 4727 2534 4796 Θακόσαρκα
2563 4727 2619 4779 δέ
2650 4728 2754 4780 εἱσι
2793 4728 2888 4781 καὶ
2927 4725 3199 4796 φλεϐώδη,
3249 4725 3391 4797 μῦας
3424 4726 3615 4796 ἔχοντα
3661 4725 3789 4778 τέσο

2216 4835 2392 4886 σαρας
2423 4835 2436 4849 ·
2472 4818 2540 4871 δι’
2561 4811 2636 4870 ὧν
2667 4819 2700 4888 ἡ
2732 4817 2949 4887 κίνησις
2974 4817 3157 4880 αὐτοῖς
3175 4819 3275 4888 τῆς
3299 4816 3585 4869 διαλέκτου
3618 4833 3796 4887 προσ-

2209 4910 2464 4979 γίνεται·
2533 4908 2828 4977 σύγκειται
2866 4899 2924 4960 δὲ
2966 4910 3030 4961 ἐκ
3074 4907 3241 4976 τριῶν
3292 4909 3325 4977 ἡ
3365 4906 3575 4960 τούτων
3609 4908 3787 4962 οὐσία.

2209 5002 2472 5055 Λαόοὖσα
2501 5001 2610 5074 γὰρ
2647 5005 2680 5072 ἡ
2705 4999 3080 5072 δημιουργικὴ
3114 4999 3275 5067 φύσις
3318 4999 3639 5069 δερματώδη
3669 4999 3791 5052 τινὰ

2209 5093 2394 5162 φύσιν,
2433 5096 2526 5146 καὶ
2555 5093 2888 5164 σηραγγώδη
2916 5093 2962 5125 ⁵³
2997 5093 3090 5145 καὶ
3123 5091 3330 5162 μυώδη,
3375 5093 3467 5143 καὶ
3507 5092 3791 5160 κεράσασα

525 5191 676 5245 sunt,
713 5197 780 5236 ex
811 5183 1015 5252 quibus
1049 5184 1420 5252 substantiam
1452 5185 1724 5241 labiorum
1747 5188 2100 5258 compositam

2205 5186 2332 5249 ὅλας
2360 5188 2428 5238 δι’
2450 5187 2610 5252 ὅλων,
2645 5188 2740 5238 καὶ
2771 5186 2903 5256 μίαν
2935 5185 2995 5252 ἐξ
3026 5184 3206 5236 αὐτῶν
3231 5185 3512 5254 ποιήσασα
3562 5187 3786 5255 κρᾶσιν,

598 5357 646 5392 ⁵⁸
673 5359 753 5429 τῷ
919 5361 959 5394 ⁶¹
991 5362 1062 5415 τὰ
1089 5364 1154 5416 Α.
1230 5363 1276 5394 ⁸⁸
1307 5363 1404 5414 καὶ
1432 5362 1548 5416 κολ.
1585 5365 1626 5416 Β
1675 5363 1736 5417 Ρ.
1813 5363 1859 5395 ⁸³
1903 5365 2100 5431 σαρκίον

2205 5408 2215 5418 .
2328 5364 2374 5396 ’⁸⁸
2406 5367 2500 5418 καὶ
2551 5365 2724 5430 λωϐὸς
2755 5367 2816 5420 Β.
2893 5366 3242 5433 “posteriora
3285 5381 3396 5418 om.
3435 5364 3494 5414 Β.
3571 5364 3616 5394 ⁵⁸
3644 5361 3788 5415 ἀδολ.

527 5426 886 5505 ςξηιαι-ταᾷτα
1063 5434 1126 5505 _"’
1169 5433 1344 5505 {ina
1365 5434 1456 5505 _B.
1533 5433 1579 5505 ξε
1626 5434 1885 5505 γνάΘαΒ.
1964 5426 2007 5466 ‘9
2053 5436 2251 5504 γνάψιν
2282 5435 2324 5486 Β
2366 5437 2428 5487 Ρ.
2507 5437 2552 5467 ⁵ο
2581 5426 2778 5505 γνάιρις
2823 5439 2882 5490 Β.
2943 5426 3000 5469 ’⁵¹
3031 5437 3298 5504 ἐπεγναψε
3343 5435 3404 5505 B.
3482 5433 3792 5505 ⁸¹λέγονται

527 5499 819 5590 δὲὶχαλινοὶ
842 5501 990 5590 παρὰ
1028 5503 1089 5554 τδ
1123 5499 1336 5590 μινεεῖ
1357 5503 1420 5556 Ρ.
1503 5504 1552 5590 δῖ
1572 5499 1886 5590 σιραγγώδη
1905 5505 2006 5590 Α,
2046 5499 2370 5590 συραγγωδη
2390 5507 2468 5590 'B,
2519 5499 2904 5590 συραγγώδους
2931 5505 2996 5590 C‘,
3033 5510 3100 5589 ἐκ
3139 5499 3544 5590 ’σηραγγώδους
3576 5499 3792 5590 tetidem;

651 5569 1032 5688 baptigttbﬁou;
1061 5569 1157 5624 κει
1187 5572 1432 5641 μυώδους
1455 5589 1467 5601 ·
1499 5573 1555 5626 αἱ
1591 5569 1647 5626 δὲ
1688 5569 2082 5646 σὐγκραθεϊσαι
2113 5569 2248 5644 μίαν
2279 5569 2548 5646 ἐποίησαν
2582 5569 2777 5647 κρᾶσιν
2818 5569 2911 5631 καὶ
2939 5577 3000 5630 τὸ
3035 5578 3142 5631 τῶν
3187 5569 3382 5647 χειλῶν
3419 5571 3790 5640 ἀπετελέσθη·

565 5653 579 5684 ι
643 5653 736 5688 κα.
815 5677 828 5688 .

565 5653 610 5686 ιο
643 5653 736 5689 και
763 5653 805 5688 ι’
815 5677 828 5689 .

603 5783 676 5852 (9)
711 5782 812 5839 Od.
839 5788 899 5844 Σ.
929 5789 1020 5847 85.

2293 5798 2369 5868 (It)
2400 5796 2457 5852 ll.
2489 5799 2548 5852 Β.
2576 5809 2661 5854 14.
