4138 6478
563 345 699 428 mi

1844 356 2130 414 MELETII
2174 358 2487 415 MONACIII

3696 358 3845 418 “88

637 485 745 553 Qui
776 492 960 541 autem
989 481 1057 539 ad
1089 480 1246 537 faciei
1280 480 1454 550 ipsius
1489 477 1654 534 situm
1684 474 1997 530 accuratius
2026 489 2149 545 spe-

2324 479 2388 531 υἱ
2417 476 2475 530 δὲ
2510 476 2567 529 ἐν
2595 476 2855 550 ἀκριϐείᾳ
2880 475 3249 548 τετηρηκότες
3275 480 3378 548 τὴν
3405 478 3501 532 τοῦ
3542 477 3844 551 προσώπου

563 577 864 635 culandum
888 576 1280 639 adhibuerunt,
1307 587 1414 626 non
1438 570 1603 624 modo
1626 584 1690 623 ex
1723 566 1861 621 facie
1881 568 1998 637 ipsa
2019 581 2151 621 ocu-

564 672 761 742 lisque,
780 685 969 726 verum
992 669 1156 723 etiam
1174 665 1369 720 frontis
1392 671 1445 717 et
1471 661 1686 715 narium
1710 660 1882 714 forma
1901 659 2173 715 animadr

565 772 860 825 vertentes,
880 776 1061 816 mores
1081 757 1363 811 hominum
1385 753 1776 823 diiudicarunt.
1798 749 1933 805 Nam
1953 751 2152 805 immo-

566 857 689 910 dica
715 853 892 909 l'ronte
914 846 1420 921 praeditos,hebetis
1449 844 1741 913 obtusique
1770 841 1973 912 ingenii
1996 856 2148 909 esse;

567 962 732 1016 parva
785 957 915 997 vero
975 955 1046 995 ac
1101 937 1352 1001 modica,
1399 934 1604 1005 ingenii
1656 933 1911 989 acumine
1948 930 2151 1003 praedi-

567 1049 674 1104 tos,
717 1045 772 1091 et
829 1034 895 1087 a'd
945 1031 1050 1102 75
1087 1028 1377 1085 dicendum
1424 1040 1729 1098 propensos
1765 1025 1971 1095 opinati
2000 1029 2148 1078 sunt.

567 1128 744 1182 Frons
811 1133 992 1179 autem
1054 1121 1293 1191 amplius
1344 1119 1402 1174 in
1465 1117 1811 1173 latitudinem
1868 1124 2148 1185 protensa,

567 1216 797 1288 stupith
848 1214 1046 1269 mentis
1101 1212 1301 1268 indicia
1346 1226 1456 1281 prae
1496 1224 1559 1267 se
1611 1208 1751 1264 fert:
1781 1209 1982 1279 quibus
2022 1222 2151 1261 vero

565 1310 870 1365 orbiculata
920 1305 1319 1373 circularisque
1340 1311 1445 1371 est,
1480 1300 1884 1372 pusillanimem
1930 1299 2150 1353 iracun-

567 1404 810 1471 dnmque
843 1414 966 1453 esse
989 1397 1187 1467 arguit.
1216 1397 1284 1449 At
1309 1395 1403 1465 qui
1434 1393 1726 1464 supercilia
1753 1392 1808 1446 in
1838 1401 2044 1445 rectum
2070 1388 2155 1443 di-

566 1505 717 1548 recta
756 1491 1022 1553 obtinent,
1041 1489 1227 1559 probis
1264 1486 1628 1554 mitibusque,
1662 1500 1728 1539 ac
1771 1484 1877 1553 piis
1907 1481 2153 1536 moribus

564 1587 928 1648 decorantur;
949 1597 1073 1651 qua:
1093 1595 1221 1635 vero
1256 1578 1548 1649 supercilia
1569 1593 1706 1632 naso
1722 1577 1962 1632 dilfusim
1994 1576 2157 1631 accli-

567 1686 790 1738 nantur,
810 1676 890 1730 sic
924 1682 983 1728 ut
1018 1672 1277 1743 appellari
1322 1686 1550 1725 recurva
1600 1681 1841 1741 queant,
1875 1670 2150 1724 hominem

575 1770 730 1824 duris
758 1768 1026 1830 moribus,
1051 1765 1420 1833 stolidumque
1463 1773 1627 1833 atque
1675 1764 1905 1833 stupida
1954 1761 2153 1816 mentis

2253 567 2519 631 διάθεσιν,
2544 567 2606 620 ού
2636 567 2799 638 μόνον
2827 569 2892 621 ὲκ
2925 566 3020 620 τοῦ
3051 566 3347 639 προσώπου
3376 570 3474 623 καὶ
3497 569 3608 625 τῶν
3633 569 3846 641 ὀφθαλ-

2255 659 2374 731 μῶν
2398 702 2414 725 ,
2441 658 2583 712 ἀλλά
2616 659 2713 713 καὶ
2737 660 2832 713 τοῦ
2858 658 3115 730 μετώπου
3143 662 3238 715 καλ⁵
3264 664 3363 732 τῆς
3389 661 3537 733 ρινδς
3559 680 3848 736 χαρακτη-

2255 752 2467 825 ρίζουσι
2508 752 2603 805 τὸν
2650 751 2959 824 ἄνθρωπον.
3003 753 3143 817 Τοὺς
3196 753 3309 826 γὰρ
3356 753 3504 825 μέγα
3546 754 3773 826 ἔχοντας
3795 757 3846 791 ⁸⁸

2253 845 2509 916 μέτωπον
2535 843 2933 915 βραδυνοήτους
2966 846 3132 913 φασὶν
3158 841 3300 900 εἶναι
3320 862 3336 876 ⁸
3368 846 3497 910 τοὺς
3526 846 3584 900 δὲ
3616 852 3843 919 μικρὸν,

2250 938 2442 1006 ταχεῖς
2472 938 2557 999 εἰς
2586 935 2648 989 τὸ
2672 934 2869 1005 νοῆσαι
2903 937 3000 990 καὶ
3031 937 3215 1006 λέγειν
3243 938 3728 1009 προχειροτάτους.
3769 939 3844 992 Τὸ

2250 1029 2308 1083 δὲ
2340 1029 2476 1098 πρὸς
2510 1028 2555 1059 ⁸⁸
2594 1027 2932 1100 πλατύτερον
2965 1028 3152 1099 σχῆμα
3197 1029 3701 1099 παρατεινόμενον,
3751 1031 3845 1083 ὲκ-

2255 1119 2532 1175 στατικῶν
2565 1118 2877 1191 ἀνθρώπων
2920 1121 3195 1191 σύμϐολον
3223 1120 3498 1174 τίθενται’
3539 1120 3603 1174 τὸ
3639 1120 3697 1174 δὲ
3744 1137 3845 1174 πε-

2255 1214 2482 1285 ριφερὲς
2508 1214 2541 1283 ἢ
2570 1212 2922 1285 κυκλοτερὲς,
2958 1212 3316 1285 μικροψύχων
3343 1213 3438 1268 xui
3467 1212 3738 1284 θυμικῶν.
3774 1214 3845 1266 Δί

2251 1306 2309 1360 δὲ
2360 1307 2581 1375 ὁρρύες
2620 1306 2707 1359 ἐπ’
2746 1305 2964 1371 εὐθείας
3011 1305 3266 1376 κείμεναι
3308 1307 3392 1373 ⁸⁷,
3452 1306 3689 1378 χρηστὸν
3745 1308 3845 1361 καὶ

2254 1398 2430 1469 πρᾶον
2491 1396 2590 1449 καὶ
2647 1396 2934 1466 συμπαθὲς
2969 1392 3104 1468 ἦθος
3147 1396 3604 1467 διασημαίνουσιν
3642 1412 3659 1428 θ
3686 1397 3745 1451 αἱ
3783 1396 3844 1449 δὲ

2255 1491 2852 1561 προσεπικεκιμμέναι
2873 1489 2920 1522 ⁸⁸
2950 1488 3047 1543 καὶ⁵
3075 1489 3577 1561 προσεπικείμεναι
3606 1491 3674 1562 τῇ
3707 1489 3842 1557 ῥινὶ,

2255 1584 2352 1636 καὶ
2381 1584 2425 1615 ⁸⁸
2462 1581 2892 1651 καμπυλώδεις
2928 1581 3227 1652 λεγόμεναι
3253 1620 3269 1646 ,
3324 1584 3527 1651 στῦφον
3572 1577 3706 1653 ἦθος
3746 1582 3845 1634 καὶ

2256 1676 2521 1746 βλοσυρὸν
2557 1675 2601 1706 ⁷⁰
2620 1715 2636 1739 ,
2667 1674 2762 1728 καὶ
2794 1675 3245 1746 καταπληκτικόν
3268 1690 3282 1704 ⁸
3318 1676 3374 1727 αἱ
3398 1674 3453 1727 δὲ
3489 1674 3691 1745 μᾶλλον
3720 1674 3844 1727 ἑπι-

2254 1768 2579 1839 κεκλιμέναι
2610 1767 2750 1839 πρὸς
2782 1767 2913 1829 τοὺς
2944 1768 3255 1837 κροτάφους
3280 1808 3297 1833 ,
3343 1766 3578 1838 εἷρωνας
3618 1765 3842 1837 δηλοῦσι

568 1859 866 1913 denotant:
898 1871 1085 1910 verum
1125 1855 1327 1924 quibus
1364 1853 1434 1908 ad
1501 1865 1747 1924 tempora
1785 1853 1958 1922 magis
1989 1852 2155 1907 decli-

2259 1863 2382 1926 τοὺς
2412 1860 2636 1932 ἔχοντας
2656 1900 2673 1927 ,
2708 1862 2806 1915 καὶ
2835 1860 3166 1925 ἀπατεῶνας
3196 1860 3293 1916 καὶ
3318 1860 3644 1931 χλευαστάς.

573 1956 727 2013 nant,
764 1946 1112 2002 simulatores
1177 1958 1473 2012 rerumque
1547 1943 2031 2007 dissimulatorcs,
2087 1956 2153 1997 ac

572 2035 948 2094 subsannandi
972 2036 1102 2090 vitio
1129 2036 1379 2091 laborare
1423 2035 1743 2090 creduntur.

644 2168 751 2223 Sed
778 2177 834 2222 et
873 2167 1017 2221 oculi
1066 2166 1168 2235 ipsi
1204 2165 1513 2220 reconditos
1552 2165 1949 2234 abstrusosque
1984 2163 2152 2217 animi

573 2275 757 2315 mores
826 2258 1116 2329 perspicue
1181 2264 1597 2327 repraesentant.
1659 2254 1734 2309 lix
1782 2256 1916 2324 ipsis
1975 2255 2155 2327 siqni-

574 2355 700 2408 dem
771 2351 984 2414 oculis,
1031 2349 1258 2422 pavidos
1289 2391 1305 2416 ,
1355 2349 1525 2405 fortes
1565 2389 1581 2415 ,
1631 2349 1915 2404 amoribus
1976 2347 2157 2417 impli-

575 2443 753 2509 citos,
803 2441 1053 2505 invidos,
1116 2440 1172 2494 in
1236 2438 1374 2493 iram
1452 2438 1762 2509 proclives,
1822 2437 2159 2493 somniculo-

576 2547 704 2596 sos,
748 2531 1053 2601 vigilantes,
1092 2544 1310 2597 avaros,
1366 2528 1676 2600 simplices,
1715 2539 2005 2598 rectosque
2060 2543 2159 2583 co-

573 2638 847 2692 gnosces,
879 2631 934 2678 et
981 2622 1058 2675 uti
1122 2631 1319 2676 cuncta
1382 2621 1438 2675 in
1498 2635 1772 2676 summam
1828 2620 2161 2690 complecta-

574 2732 720 2779 mur,
767 2716 883 2785 ipsa
936 2714 1051 2769 oris
1113 2713 1381 2769 variantia
1433 2713 1588 2783 signa
1617 2752 1633 2777 ,
1680 2712 1996 2779 affectuum,
2037 2727 2161 2767 mu-

577 2807 783 2877 tatique
827 2804 996 2859 animi
1037 2804 1513 2860 evidentissimum
1570 2814 1953 2874 argumentum
2007 2814 2155 2860 sunt.

2335 2174 2399 2227 υἱ
2426 2172 2485 2227 δὲ
2510 2170 2786 2242 ὀφθαλμοὶ
2812 2168 3030 2240 ἔλεγχοι
3063 2169 3171 2222 εἰσι
3203 2170 3299 2223 καὶ
3323 2169 3562 2239 κήρυκες
3592 2168 3849 2237 ἐναργεῖς

2261 2265 2373 2319 τῶν
2422 2265 2526 2335 τῆς
2567 2262 2748 2335 ψυχῆς
2802 2261 3234 2333 κεκρυμμένων.
3286 2261 3586 2331 Γνωρίσεις
3631 2258 3741 2329 γὰρ
3781 2259 3851 2312 ὲκ

2263 2354 2473 2409 τούτων
2530 2357 2626 2408 τὸν
2667 2353 2865 2419 δειλὸν,
2902 2351 2998 2405 τδν
3046 2350 3316 2422 ἀνδρεῖον,
3361 2350 3455 2404 τὸν
3491 2350 3724 2421 ἐρῶντα,
3756 2347 3850 2400 τὸν

2267 2448 2654 2520 βασκαίνοντα,
2697 2446 2793 2501 τὸν
2823 2444 3074 2516 θυμώδη,
3109 2444 3203 2499 τὸν
3241 2443 3503 2515 ύπνηλδν,
3541 2442 3633 2496 τὸν
3680 2443 3850 2513 ἐγρή-

2266 2557 2452 2613 γορον,
2478 2540 2570 2593 τὸν
2605 2538 2964 2611 φιλάργυρον,
2995 2537 3088 2591 τὸν
3119 2535 3327 2592 ἁπλοῦν
3349 2551 3363 2567 ⁸
3396 2535 3489 2589 καὶ
3511 2533 3849 2599 ἁπαξαπλῶς

2266 2633 2450 2702 πάσης
2480 2629 2777 2693 διαθέσεως
2818 2629 2913 2682 καὶ
2934 2629 3147 2699 τροπῆς
3175 2628 3209 2696 ἡ
3244 2625 3338 2679 τοῦ
3371 2625 3668 2696 προσώπου
3702 2624 3853 2678 διδά-

2242 2716 2469 2787 ὀκαλος
2522 2721 2815 2792 ὲναλλαγή.
2871 2720 2972 2773 Διά
3017 2719 3182 2772 τοῦτο
3235 2718 3296 2771 δέ
3335 2734 3420 2770 σοι
3472 2715 3582 2769 τῶν
3625 2713 3852 2784 ἀφανῶν

2264 2815 2581 2882 διαθάσεων,
2605 2817 2699 2869 καὶ
2723 2830 2833 2867 των
2861 2811 3264 2882 κεκρυμμένων
3290 2809 3430 2864 ἐθῶν
3460 2808 3683 2879 ἐμφανῆ
3710 2822 3854 2877 παρ-

579 2899 764 2968 ltaque
810 2897 1220 2953 clementissimi
1270 2895 1364 2951 Dei
1423 2896 1734 2966 benignitas
1788 2912 1990 2952 arcana
2043 2898 2157 2968 ipsa

2267 2910 2428 2981 ἑσχεν
2469 2910 2500 2962 ό
2531 2909 2666 2971 Θεὸς
2693 2906 2762 2960 τὰ
2788 2908 2993 2977 σημεῖα
3015 2905 3113 2959 καὶ
3143 2903 3391 2975 σύμϐολα
3416 2900 3851 2971 φιλανθρώπως,

579 2990 945 3043 humanorum
966 2988 1258 3044 aﬂ'ectuum
1286 3002 1579 3059 moresque
1609 2988 1941 3056 reconditos,
1962 2989 2157 3045 talibus

2269 3005 2358 3058 ἵνα
2409 3004 2510 3074 τῆς
2547 3003 2683 3066 ἰδίας
2714 3000 3173 3073 προμηθούμενος
3217 2997 3517 3070 σωτηρίας,
3555 2994 3852 3066 συναυλίζῃ

579 3098 721 3152 quos
765 3083 1137 3151 expressimus
1182 3081 1354 3149 signis
1392 3080 1447 3135 in
1495 3082 1781 3153 propatulo
1833 3081 2157 3150 constituit;

2272 3098 2372 3169 μὲν
2398 3099 2514 3160 τοῖς
2542 3096 2800 3166 χρηστοῖς
2831 3094 2925 3147 καὶ
2953 3093 3289 3157 σπουδαίοις,
3316 3087 3609 3158 ὲκφεύγεις
3639 3087 3696 3141 δὲ
3724 3088 3854 3150 τοὺς

578 3188 690 3244 quo
737 3173 977 3244 propriae
1017 3172 1181 3227 saluti
1214 3171 1445 3242 quilibet
1490 3172 1853 3238 consulendo,
1909 3174 2157 3228 fidelibus

2271 3189 2510 3260 φαύλους
2564 3189 2660 3241 καὶ
2714 3183 3007 3257 πονηρούς.
3042 3183 3214 3237 Τοῦτο
3271 3181 3381 3253 γὰρ
3432 3179 3761 3276 διδάσκουσα
3817 3179 3853 3249 ἡ

582 3263 876 3333 probisque
906 3263 1154 3317 moribus
1186 3262 1482 3333 insignitus
1507 3263 1823 3329 iuba-reret,
1853 3280 2157 3335 pravosque

2268 3278 2439 3349 Σοφία
2476 3278 2575 3348 βοᾷ
2599 3294 2613 3307 ·
2687 3275 2878 3344 Ἀνδρὶ
2944 3272 3199 3343 θυμώδει
3237 3273 3281 3304 ⁷⁸
3318 3270 3405 3341 μὴ
3445 3265 3850 3328 συναυλίζουο

587 3370 652 3409 ac
693 3354 960 3409 scelestos
1007 3368 1405 3424 usquequaque
1451 3354 1724 3409 declinare
1778 3365 1960 3426 queat.
2014 3354 2157 3410 idem

2259 3371 2347 3442 μὴ
2382 3370 2452 3424 δὲ
2476 3368 2831 3425 συνδείπνει
2855 3365 3153 3433 βασκάνῳ
3171 3383 3184 3397 ·
3208 3364 3296 3435 μὴ
3323 3365 3393 3418 δὲ
3425 3363 3684 3430 καθίσῃς
3704 3358 3853 3431 μετὰ

581 3444 865 3513 sapientiae
914 3445 1221 3515 Prmceptor
1278 3459 1381 3500 nos
1428 3445 1591 3499 etiam
1650 3447 1832 3510 docet,
1877 3464 2000 3502 cum
2033 3448 2158 3502 ait:

581 3537 716 3592 Cum
744 3537 951 3591 homine
980 3536 1236 3591 iracundo
1269 3554 1371 3591 non
1396 3539 1683 3603 cohabitcs,
1723 3556 1885 3610 neque
1924 3558 2044 3595 cum
2076 3544 2163 3594 in-

582 3631 701 3683 vido
746 3629 1012 3693 comedas,
1082 3645 1173 3683 nec
1214 3630 1370 3683 abeas
1427 3631 1482 3683 in
1525 3632 1806 3685 consilium
1856 3633 2160 3702 impiarum,

582 3730 743 3790 atque
785 3720 1079 3786 vanitatis;
1133 3736 1225 3775 nec
1264 3723 1319 3776 in
1353 3722 1605 3777 cathedra
1664 3724 1980 3793 pestilentia:
2041 3726 2162 3778 sed-

580 3828 694 3866 eas.
738 3809 800 3866 Si
822 3812 1119 3866 vocaverint
1152 3821 1200 3865 te
1224 3827 1243 3866 :
1297 3810 1426 3868 Veni
1457 3815 1757 3884 nobiscum,
1787 3832 1905 3870 cum
1936 3818 2063 3885 ipsis
2100 3833 2164 3871 ne

583 3902 939 3970 proﬁciscaris
970 3914 1018 3957 ι,
1077 3902 1191 3959 llac
1265 3904 1333 3960 de
1416 3920 1616 3975 causa,
1671 3906 1816 3963 Deus
1876 3909 2033 3964 nobis
2095 3909 2164 3963 ab

584 3999 702 4066 ipsa
757 3997 895 4055 facie
950 4000 1268 4071 hujusmodi
1301 4004 1552 4061 homines
1605 4005 2047 4077 deprehendendi
2082 4005 2165 4060 fa—

582 4089 840 4145 cultatem
866 4091 1035 4157 dedit,
1067 4108 1177 4163 quo
1198 4110 1386 4151 eorum
1406 4098 1862 4153 consuetudinem
1885 4098 2164 4154 declinare

582 4181 883 4238 valeamus.
921 4186 1057 4239 Cum
1094 4196 1274 4242 autem
1305 4198 1360 4243 et
1384 4188 1554 4245 Iacob
1577 4206 1641 4245 ex
1672 4189 1812 4247 facie
1836 4190 2021 4247 laban
2044 4194 2164 4259 ejus

585 4272 641 4327 in
679 4288 739 4329 se
773 4274 959 4330 odium
991 4276 1443 4349 deprehenderet,
1498 4281 1565 4337 ad
1607 4298 1808 4340 uxores
1859 4300 1989 4340 suas
2033 4300 2166 4339 eon-

583 4381 776 4422 vcrsus
809 4366 949 4424 dixit
980 4387 994 4423 :
1026 4369 1254 4443 Cognovi
1281 4390 1345 4427 ea:
1367 4374 1504 4444 facie
1531 4378 1702 4446 patris
1728 4377 1886 4431 vestri
1925 4393 2027 4431 non
2055 4394 2166 4432 esse

584 4459 813 4527 amplius
854 4462 911 4514 in
947 4478 1028 4516 me
1065 4463 1241 4533 qualis
1279 4466 1392 4520 lteri
1435 4466 1609 4536 fuerat
1641 4468 1694 4520 ι).
1745 4467 1900 4534 Quod
1921 4477 1974 4523 et
1996 4467 2161 4524 David

2264 3462 2591 3530 συνεδρίου
2639 3462 3039 3532 ματαιότητος
3074 3460 3174 3514 καὶ
3212 3458 3443 3527 λοιμῶν
3475 3474 3491 3490 ο
3532 3459 3620 3528 μὴ
3658 3455 3723 3510 δὲ
3739 3468 3847 3508 που

2256 3554 2487 3625 ρευθῇς
2509 3555 2638 3624 μετ’
2674 3551 2875 3608 αὐτῶν
2897 3553 3008 3607 ἐὰν
3045 3550 3519 3620 παρακαλέσωσι
3546 3565 3621 3603 σε
3643 3546 3844 3616 lirar-

2264 3664 2366 3713 τες
2388 3687 2402 3709 ,
2450 3644 2618 3701 Ἐλθὲ
2651 3645 2780 3715 μεθ’
2811 3643 3001 3715 ήμῶν.
3043 3645 3141 3701 Ἐκ
3166 3643 3262 3698 τοῦ
3303 3641 3596 3716 προσώπου
3619 3640 3727 3712 γὰρ
3755 3638 3850 3693 καὶ

2264 3740 2293 3791 ό
2340 3735 2536 3791 Ἰακὼϐ
2574 3736 2671 3790 τοῦ
2702 3735 2892 3791 Λάϐαν
2934 3738 2980 3769 ⁷¹
3013 3736 3106 3790 τὸν
3150 3735 3350 3804 φθόνον
3377 3735 3669 3805 ἐγνωκὼς,
3699 3733 3850 3798 ἔλεγε

2263 3832 2385 3892 ταῖς
2412 3827 2608 3881 ἑαυτοῦ
2644 3826 2895 3895 γυναιξίν
2917 3844 2932 3860 ·
2976 3826 3116 3897 Ὀρῶ
3141 3827 3258 3897 ἐγὼ
3296 3826 3365 3882 τὸ
3388 3829 3709 3896 πρόσωπον
3744 3822 3851 3877 τοῦ

2265 3920 2492 3990 πατρὸς
2533 3917 2724 3991 ὑμῶν,
2761 3919 2853 3974 ὅτι
2886 3922 3001 3975 οὐκ
3027 3921 3202 3976 ἔστιν
3237 3922 3320 3986 ώς
3351 3918 3495 3988 χθὲς
3524 3917 3627 3973 καὶ
3668 3915 3851 3984 τὴν-⁷³

2264 4013 2475 4082 τρίτην
2500 4010 2750 4082 ἡμέραν.
2782 4012 2955 4067 Τοῦτο
2981 4012 3077 4067 καὶ
3105 4014 3135 4066 ό
3159 4013 3461 4085 Προφήτης
3492 4009 3651 4075 εἰδὼς
3673 4009 3845 4077 λέγει·

2264 4103 2364 4173 Μὴ
2390 4102 2786 4174 ἀποστρέψεις
2807 4102 2876 4158 τὸ
2904 4105 3235 4175 πρόσωπόν
3273 4118 3391 4159 σου
3420 4104 3519 4159 ἀπ’
3547 4102 3693 4173 ἐμοῦ
3712 4143 3726 4166 ,
3753 4100 3852 4154 καὶ

2264 4197 2599 4266 ἑπίϐλεψον
2623 4196 2718 4251 ἐπ’
2757 4196 2884 4267 ἐμὲ,
2930 4197 3029 4253 καί
3067 4196 3333 4265 ἐλέησόν
3354 4213 3451 4267 με.
3495 4194 3693 4249 Εἰώθει
3740 4192 3852 4262 γὰρ

2266 4292 2294 4343 ό
2328 4289 2427 4361 μὲν
2449 4289 2496 4321 ⁷⁸
2542 4289 2719 4361 μισῶν
2767 4290 3168 4362 ἀποστρέφειν,
3211 4291 3239 4343 ό
3274 4288 3331 4342 δὶ
3363 4287 3583 4360 θσῤῥῶν
3630 4283 3851 4339 ἐπιϐλέ-

2266 4398 2389 4436 πειν
2415 4381 2483 4449 ⁷⁸,
2531 4382 2626 4437 καὶ
2672 4382 2984 4453 ἐπιχαίρειν
3038 4381 3132 4435 καὶ
3183 4380 3419 4451 μειδιᾷν.
3471 4381 3628 4442 Τινὲς
3666 4379 3723 4432 δὲ
3757 4377 3853 4431 καὶ

2265 4476 2393 4538 τοὺς
2421 4475 2652 4546 ἀραιοὺς
2680 4473 2907 4543 ιχοντας
2931 4473 3154 4533 ὀδόντας
3179 4469 3507 4539 ὀλιγώτερον
3534 4469 3581 4501 ⁷⁸
3617 4468 3716 4538 ζῇν
3740 4468 3851 4520 τῶν

584 4550 667 4605 sic
696 4551 949 4621 inquiens
999 4554 1225 4611 innuit:
1280 4556 1404 4611 Non
1453 4567 1661 4613 avertas
1702 4559 1892 4628 {aciem
1943 4570 2089 4614 tuam
2130 4579 2157 4616 a

2268 4564 2489 4629 πυκνῶς
2539 4564 2773 4636 ἑχόντων
2817 4564 3292 4634 ἑχαρακτήρισαν.
3353 4558 3496 4613 Ἀλλ’
3532 4560 3566 4629 ἡ
3606 4558 3703 4627 μὲν
3751 4557 3849 4610 τοῦ

586 4657 667 4696 me
689 4654 712 4682 ο
734 4660 749 4711 ;
775 4653 849 4710 et,
873 4644 1086 4716 Respice
1132 4649 1191 4702 in
1245 4666 1349 4716 me,
1376 4660 1425 4704 et
1478 4652 1725 4705 miserere
1778 4651 1948 4708 maid.
1976 4652 2165 4711 Solent

582 4733 728 4786 enim
757 4736 851 4804 qui
886 4752 989 4793 nos
1033 4740 1159 4795 odio
1182 4751 1617 4811 prosequuntur,
1651 4752 1895 4800 avertere
1927 4762 1954 4799 ιι
2002 4749 2161 4803 nobis

583 4819 815 4893 faciem;
851 4830 945 4898 qui
982 4846 1109 4885 vero
1149 4846 1340 4887 amore
1388 4833 1873 4907 benevolentiaque
1903 4848 2033 4893 sunt
2059 4840 2157 4895 de-

2269 4661 2565 4733 προσώπου
2620 4659 2924 4731 σημείωσις
2974 4656 3254 4730 ἀρκείσθω
3285 4672 3302 4689 ⁸
3360 4656 3472 4710 τῶν
3532 4655 3592 4709 δὲ
3642 4652 3850 4707 λοιπῶν

2269 4753 2475 4824 μορίων
2501 4754 2534 4822 ἠ
2587 4753 2752 4819 φύσις
2776 4791 2792 4816 ,
2828 4754 2986 4823 καὶὴ
3023 4750 3276 4813 σύνθεσις
3300 4791 3315 4817 ,
3350 4753 3447 4805 καὶ
3484 4752 3518 4822 ἡ
3557 4742 3860 4821 ἐνέργεια,

2263 4842 2574 4913 ἐρευνᾶσθω
2598 4846 2662 4901 ’⁷.

581 4918 769 4984 vincti,
812 4920 994 4975 laetum
1040 4924 1155 4978 oris
1194 4934 1498 4994 aspectum,
1541 4927 1898 5000 hilaremque,
1972 4948 2039 4987 ac.
2112 4934 2227 4989 risu
2267 4935 2637 4992 blandientem
2687 4940 2797 5011 76
2833 4940 3114 4996 exhibere.
3153 4939 3291 4994 Sunt
3335 4940 3430 5010 qni
3481 4954 3547 4993 ex
3601 4936 3846 4993 dentium

582 5011 825 5079 raritate,
858 5014 981 5070 vitae
1008 5015 1440 5074 brevitatemzex
1469 5020 1738 5078 densitate
1798 5041 1949 5089 vero,
2003 5026 2441 5083 diuturnitatem
2473 5028 2921 5102 interpretantur.
2979 5032 3256 5087 Hactenus
3308 5032 3528 5101 quidem
3572 5030 3641 5085 de
3678 5026 3848 5097 signis

581 5105 921 5203 faciei-satis
962 5109 1170 5166 dictum
1214 5114 1338 5203 psit,
1386 5115 1657 5188 reliquum
1688 5128 1775 5175 est
1828 5121 1906 5175 uti
1941 5121 2009 5177 de
2060 5121 2291 5176 aliarum
2343 5125 2580 5193 partium
2620 5135 2852 5192 natura,
2892 5124 3312 5195 compositione,
3354 5137 3568 5179 necnon
3619 5117 3850 5176 actioni-

582 5193 685 5253 bus
745 5198 1106 5259 disseramus.

649 5386 675 5414 ι
710 5374 865 5430 Prov.
899 5393 936 5443 ι,
968 5378 1055 5443 ll,
1085 5390 1189 5438 etc.
1290 5385 1317 5425 δ
1350 5387 1485 5444 Gen.
1522 5407 1669 5458 xxxr,

1764 5404 1786 5431 ο
1823 5391 1968 5448 Psal.
2007 5410 2200 5461 ext'lzt,
2234 5395 2287 5452 8.
2363 5394 2388 5433 ἀ
2418 5394 2562 5450 Psal.
2600 5412 2745 5462 xxiv,
2781 5397 2867 5452 l6.

651 5567 1320 5669 liquata.““‘3’:ch
1385 5579 1446 5669 σεο
1614 5583 2013 5669 θτηκινούμεναι
2041 5588 2103 5640 B.
2181 5589 2226 5669 ξε
2254 5590 2896 5669 προσεπικεκραμμέγαι
2951 5591 3017 5645 Α.
3094 5592 3138 5624 ‘9
3183 5592 3277 5645 καὶ
3329 5608 3436 5645 om.
3479 5592 3539 5646 Β.
3617 5593 3661 5624 ὀ
3689 5590 3851 5661 βλοσ-

863 5643 1056 5779 φζὲγῖῒί

589 5771 638 5805 ⁷³
663 5772 763 5843 τὴν
796 5771 904 5833 oni.
942 5771 1003 5838 BI.

1064 5647 1311 5739 ξ,
1590 5652 1752 5739 τοῦτο
1780 5647 2216 5739 γὰρκξέδωκενιό
2243 5647 2385 5739 pes,-
2416 5661 2481 5739 é}
2510 5647 2937 5739 196:_npds£brtou
2965 5662 3094 5739 τοὺς
3124 5662 3404 5739 τοιούτους
3441 5647 3848 5739 χαρακτηρίζε-

1059 5716 1463 5818 εεξῒ.ξὲιγ..έξεε;
1490 5721 2060 5818 abscessem“
2107 5729 2207 5818 ξεῖ
2239 5729 2342 5799 δρα
2370 5727 2560 5818 sea?
2586 5716 2806 5818 ,ξιαξὼσ
2833 5735 2898 5784 εκ
2918 5732 3034 5818 ,ξοδ
3384 5716 3501 5818 his
3519 5716 3531 5733 '
3549 5716 3736 5787 Αάσέίν
3765 5716 3846 5788 Ῥ·

1149 5785 1385 5855 pavoni.
1422 5789 1483 5845 Β.
1562 5793 1606 5824 π
1638 5791 1666 5845 δ
1690 5791 1745 5846 δὲ
1765 5792 1938 5863 ψιλῶν
1968 5785 2336 5867 προσϐλέπὲιν
2365 5796 2427 5852 B.
2482 5785 2551 5831 ’τε
2577 5798 2890 5871 όλιγότερον
2918 5802 2980 5858 B.
3019 5785 3022 5786 ί
3062 5785 3467 5873 ⁷⁷’ὲρευνείσοω
3497 5785 3560 5857 Ας
