4138 6480
361 403 496 461 HS’)

717 525 861 593 Κεφ.
906 524 964 576 l'.
998 553 1072 562 —
1109 522 1251 591 Περὶ
1290 523 1615 591 στόματος.

429 637 506 692 Τδ
529 638 728 708 στόμα
769 638 928 708 τομεῖ
946 635 994 668 ⁷⁸
1033 635 1178 689 ἔοικε
1197 652 1213 666 ’
1255 634 1527 705 τμητικὸν
1555 632 1668 706 γάρ
1710 636 1860 688 ἐστιν
1885 627 1960 688 ὧν

355 731 652 806 λαμϐάνει.
701 730 828 785 Εἰσὶ
865 730 922 783 δὲ
948 727 1147 782 τούτου
1193 727 1420 795 ἔσωθεν,
1457 725 1740 796 γλῶσσα,
1784 725 1960 780 ὀδόν-

355 845 478 893 τες,
518 821 696 886 οὖλα,
727 825 796 879 τὰ
824 825 867 857 ⁷⁸
902 821 1286 894 φατνώματα,
1314 820 1682 891 γαργαρεὼν,
1722 821 1962 890 οὐρανί-

356 935 533 985 σκος,
560 919 919 987 παρίσθμια,
942 915 1178 986 λάρυγξ
1192 916 1260 979 ⁸⁸,
1288 915 1350 968 τὸ
1377 914 1553 984 πέρας
1572 913 1675 984 τῆς
1697 912 1963 985 τραχείας

357 1009 634 1082 ἀρτηρίας
665 1009 762 1062 καὶ
800 1007 898 1062 τοῦ
924 1009 1229 1078 οἰσοφάγου
1253 1007 1323 1072 ⁸⁸,
1364 1007 1460 1061 καὶ
1491 1007 1525 1078 ὴ
1560 1006 1916 1076 summatq
1945 1024 1960 1039 ·

356 1103 579 1172 λέγεται
609 1102 667 1156 δὲ
701 1106 736 1174 η
778 1103 929 1155 πᾶσα
955 1100 1052 1154 τοῦ
1086 1100 1363 1170 στόματος
1402 1097 1560 1172 χώρα
1593 1097 1834 1169 φάρυγξ
1867 1099 1965 1154 καὶ

356 1196 593 1266 λαιμὸς.
646 1194 712 1248 Ἦ
753 1193 979 1264 γλῶσσα
1006 1189 1104 1247 οὖν
1144 1191 1432 1264 φλεϐώδης
1461 1193 1580 1246 ἐστὶ
1612 1193 1966 1264 καίσαρκὼ-

358 1288 456 1359 δης
483 1304 496 1320 ο
551 1286 928 1358 ὑποπίμελος,
981 1285 1283 1357 αἰσθητικὴ
1320 1285 1535 1355 χυμῶν.
1590 1285 1865 1357 Συνεργὸς
1896 1288 1961 1357 τῇ

360 1381 520 1434 πόσει
545 1381 639 1434 καὶ
669 1380 1008 1451 διαμασὴσει
1033 1380 1101 1444 δ’,
1133 1378 1228 1432 καὶ
1256 1377 1590 1450 διαρθρώσει
1617 1378 1720 1449 τῆς
1749 1379 1959 1450 φωνῆς.

361 1476 492 1527 Συνε
504 1476 626 1547 ργεῖ
653 1474 764 1546 γὰρ
797 1473 878 1544 τῷ
904 1473 1140 1544 στόματι
1178 1474 1212 1542 ή
1244 1473 1472 1541 γλῶσσα
1504 1473 1602 1526 καὶ
1629 1475 1680 1526 oi
1709 1472 1930 1536 ὀδόντες
1949 1489 1962 1502 ·

357 1568 488 1621 re”
531 1569 634 1639 μὲν
660 1568 772 1639 γὰρ
819 1568 1011 1638 τέμνει
1061 1568 1130 1622 τά
1165 1569 1350 1634 σιτία,
1383 1567 1432 1621 oi
1463 1567 1521 1620 δὲ
1551 1566 1896 1633 λεαίνουσιν,
1930 1569 1962 1637 ἠ

355 1661 415 1714 δὲ
457 1661 829 1734 παραπέμπει
858 1665 976 1727 τοῖς
1019 1661 1315 1735 τέμνουσιν
1363 1660 1397 1732 ἢ
1432 1660 1742 1716 λεαίνουσιν
1777 1660 1829 1693 ⁸⁸
1855 1660 1968 1714 τῶν

355 1752 612 1808 ὀδόντων.
1888 1764 1891 1766 ’

1624 400 1714 455 DE
1756 401 2046 458 NATURA
2089 401 2400 458 "OMNIS.

3531 408 3665 466 H90

2575 523 2709 596 Cap.
2746 524 2812 580 Χ.
2852 555 2922 566 -—
2957 525 3033 581 De
3063 544 3169 581 ore.

2133 632 2208 689 Os
2231 643 2411 689 autem
2452 636 2678 690 secandi
2710 637 2928 691 cuidam
2964 637 3338 694 instrumento
3370 638 3554 698 simile
3586 641 3665 706 fit.

2069 727 2216 798 quod
2249 743 2314 782 ea
2345 744 2468 798 quae
2491 743 2587 798 per
2616 729 2798 798 ipsum
2840 729 3216 787 immittuntur
3244 732 3456 790 incidat
3496 748 3672 793 secet-

2070 836 2199 891 que.
2225 821 2361 888 Quae
2409 837 2541 877 vero
2573 821 2627 876 in
2675 823 2796 894 ipso
2822 823 2974 879 intus
3018 836 3169 892 sunt,
3205 825 3322 883 haec
3365 827 3667 885 habentur:

2072 916 2282 987 lingua,
2316 915 2531 984 dentes,
2570 917 2836 988 gingivae;
2873 926 2928 974 et
2976 920 3266 990 praesepia,
3299 924 3676 994 gurgulio,pa-

2071 1006 2245 1061 latum
2267 1048 2280 1070 ,
2302 1008 2559 1072 tonsillae,
2583 1019 2792 1078 guttur,
2815 1024 3026 1080 asperae
3053 1013 3290 1081 arteriae,
3303 1015 3554 1086 gulaeque
3580 1032 3673 1070 ex-

2073 1107 2338 1167 tremum,
2359 1110 2415 1157 et
2445 1102 2643 1173 ligula;
2672 1103 3279 1176 siquidem,univcrsus
3305 1108 3421 1162 oris
3443 1118 3671 1175 tractus,

2074 1194 2315 1263 gutturis
2384 1192 2592 1258 fauces,
2653 1205 2708 1249 et
2750 1195 2980 1265 jugulus
3027 1205 3400 1268 nuncupatur.
3461 1199 3674 1272 Lingua

2073 1293 2258 1340 autem
2317 1285 2472 1342 venis
2531 1287 2709 1342 obsita
2769 1287 2855 1342 sui
2909 1297 3108 1344 natura
3171 1305 3545 1362 carnosaque,
3610 1309 3675 1348 ac

2073 1378 2448 1448 pinguesceus
2472 1387 2580 1440 est,
2601 1385 2654 1432 et
2689 1393 2812 1449 quae
2831 1393 3092 1449 saporum
3122 1378 3449 1436 discrimina
3472 1382 3676 1437 discer-

2074 1485 2208 1526 nere
2254 1478 2442 1540 queat.
2485 1467 2612 1525 llaac
2646 1470 2774 1525 item
2809 1471 2876 1526 ad
2911 1486 3068 1526 esum
3105 1481 3404 1544 potumque
3451 1489 3674 1529 accom-

2074 1561 2237 1616 moda
2294 1561 2531 1617 habetur
2591 1562 2826 1633 vocique
2898 1563 3258 1620 articulaudte
3306 1566 3673 1622 obseeundat.

2078 1653 2376 1709 Enimvero
2398 1693 2414 1720 ,
2446 1669 2509 1710 os
2540 1654 2720 1725 ipsum
2768 1655 3067 1726 linguaque
3094 1673 3159 1712 ac
3204 1657 3395 1715 dentes
3425 1675 3670 1716 comnm-

2079 1751 2171 1806 nia
2227 1750 2476 1822 quaedam
2531 1753 2720 1808 munia
2781 1753 3023 1823 explent.
3077 1751 3152 1809 Os
3207 1770 3448 1828 namque
3493 1757 3673 1828 ipsum

359 1845 582 1901 secandi
663 1845 794 1915 cibi,
855 1847 1047 1902 dentes
1102 1860 1234 1900 vero
1299 1845 1541 1902 molendi
1607 1847 1792 1904 ofﬁcio
1867 1843 2173 1912 sufficiunt,
2209 1845 2395 1917 lingua
2457 1855 2642 1902 autem
2713 1847 2896 1902 cibum
2976 1847 3160 1919 ipsum
3222 1849 3483 1907 dentibus
3565 1866 3677 1922 quo

359 1940 431 1994 ab
477 1939 611 2008 ipsis
659 1941 991 1996 conﬁciatur
1041 1941 1290 1996 adhibet.

431 2032 546 2104 Τὴν
576 2031 828 2102 γλῶτταν
855 2032 964 2101 γὰρ
993 2035 1022 2087 ὀ
1051 2032 1406 2104 Δημιουργός
1425 2032 1516 2088 διὰ
1547 2032 1756 2098 πολλὰς
1785 2032 1963 2098 αἰτίας

2142 2031 2705 2105 Creterum,linguam
2745 2032 2922 2103 ipsam
2974 2050 3160 2092 rerum
3195 2036 3391 2110 Opifex
3427 2039 3677 2111 pluribus

360 2125 591 2197 ἐποίησε
618 2141 633 2155 ⁸
678 2124 885 2196 μᾶλλον
910 2124 970 2177 δὲ
997 2125 1090 2178 διὰ
1130 2127 1324 2198 χρείαν
1354 2127 1448 2180 καὶ
1475 2127 1765 2199 ἐνέργειαν
1785 2126 1854 2180 ⁸⁸.
1890 2125 1968 2179 Δι’

359 2213 536 2284 αὐτῆς
561 2213 672 2285 γὰρ
702 2213 948 2283 γίνονται
984 2215 1041 2268 αί
1075 2213 1435 2280 καταπόσεις,
1467 2214 1969 2286 ἀντανακλωμένης

362 2305 458 2359 καὶ
498 2306 991 2378 παραπεμπούσης
1030 2307 1103 2360 τὰ
1133 2307 1282 2361 σιτία
1321 2305 1399 2378 τῷ
1443 2307 1730 2378 οίσοφάγῳ
1751 2309 1821 2363 ³⁸.
1859 2307 1971 2361 Καὶ

359 2401 419 2452 at
441 2398 722 2453 διάλεκτοι
742 2399 791 2430 ⁸⁷
816 2399 884 2452 δι’
917 2399 1094 2470 αὐτῆς
1121 2399 1367 2468 γίνονται
1395 2398 1828 2470 ὲνδιπλουμένης
1857 2399 1972 2454 τισὶ

359 2491 472 2544 τῶν
495 2490 728 2545 ὀδόντων
757 2491 792 2562 ἢ
825 2491 1210 2563 κυρτουμένης
1234 2509 1249 2523 ·
1275 2492 1404 2563 ἥτις
1432 2492 1836 2565 περιαγομένη,
1869 2491 1968 2546 καὶ

357 2583 554 2639 ἄλλοτε
583 2585 732 2657 ἄλλῳ
764 2585 876 2640 τῶν
903 2586 1137 2640 ὀδόντων
1181 2586 1540 2658 προσθεμένη
1562 2628 1578 2652 ,
1619 2590 1686 2660 τῇ
1721 2587 1968 2659 διαφόρῳ

362 2676 535 2750 ταύτῃ
557 2678 603 2710 ⁸⁸
633 2679 869 2748 κινήσει,
902 2678 994 2732 διὰ
1021 2679 1120 2750 τῆς
1148 2679 1257 2732 τῶν
1291 2679 1580 2749 στοιχείων
1621 2697 1682 2733 τε
1707 2681 1804 2734 καὶ
1842 2683 1969 2734 συλ-

359 2769 543 2824 λαδῶν
585 2770 875 2839 ὲνώσεως,
915 2771 1014 2842 τὴν
1055 2772 1168 2825 τῶν
1207 2771 1384 2841 λόγων
1417 2772 1688 2844 διαφορὰν
1730 2761 1965 2830 ὲκτελεῖ.

357 2863 472 2915 Καὶ
509 2863 687 2916 ταῦτα
721 2864 823 2935 μὲν
858 2865 935 2927 ὡς
969 2865 1242 2929 άπόλυτος
1270 2861 1410 2920 οὖσα
1436 2870 1614 2921 ποιεῖ·
1651 2869 1967 2924 συνδέδεται

355 2954 416 3007 δὲ
455 2954 622 3010 πάλιν
661 2957 720 3009 ἐν
761 2956 840 3028 τῷ
883 2956 1123 3029 λάρυγγι
1149 2959 1220 3025 ⁸⁸,
1256 2960 1345 3014 ἵνα
1376 2960 1452 3031 μὴ
1492 2961 1844 3016 ἐκπίπτουσα
1869 2963 1969 3017 τοῦ

359 3048 632 3118 στόματος
659 3049 740 3112 είς
768 3049 870 3114 τὰς
896 3051 1198 3122 εἰρημένας
1232 3053 1518 3124 ἐνεργείας
1536 3055 1827 3128 ἀπρακτῇ.

2078 2127 2145 2181 de
2172 2127 2378 2187 causis,
2395 2126 2482 2181 vel
2503 2126 2568 2182 ad
2593 2127 2780 2197 plures
2809 2129 2989 2197 potius
3018 2145 3154 2185 usus
3175 2131 3534 2203 actionesque
3552 2149 3681 2204 pro-

2079 2218 2303 2273 creavit.
2322 2216 2442 2287 lpsa
2465 2221 2612 2274 enim
2632 2225 2738 2283 est,
2758 2234 2880 2288 quae
2918 2219 3253 2290 deglutiendi
3273 2222 3579 2278 ministerio
3597 2231 3682 2279 tn-

2079 2307 2251 2362 servit
2272 2308 2401 2362 dum
2426 2324 2539 2379 prte
2561 2309 2648 2364 sui
2679 2309 2978 2366 inﬂexione
3001 2311 3162 2367 cibus
3192 2313 3262 2368 ad
3296 2315 3481 2386 gulam
3499 2316 3682 2389 dirigi-

2079 2408 2190 2454 tur.
2206 2398 2312 2455 Sed
2334 2411 2388 2456 et
2406 2401 2473 2456 ad
2498 2401 2823 2456 idiomatum
2861 2419 2998 2459 usus
3041 2405 3233 2460 eadem
3268 2408 3496 2464 utimur.
3514 2410 3677 2474 Nam,

2074 2510 2200 2550 cum
2244 2495 2408 2550 verba
2455 2495 2704 2567 proferre
2747 2497 3152 2566 contendimus,
3177 2500 3362 2571 lingua
3407 2502 3524 2574 ipsa
3570 2505 3680 2560 cir-

2075 2608 2202 2649 cum
2244 2593 2436 2660 dentes
2462 2602 2642 2648 certos
2683 2607 2806 2650 sese
2835 2595 3162 2664 explicando
3193 2595 3679 2671 iucurvandoqun,

2075 2693 2132 2740 et
2155 2685 2609 2756 circumagendo,
2642 2701 2706 2741 ac
2753 2703 2875 2744 sese
2901 2705 3047 2745 nunc
3078 2689 3186 2756 liis,
3222 2707 3370 2748 nunc
3398 2709 3531 2749 vero
3572 2695 3680 2750 illis

2077 2778 2298 2834 diverso
2352 2778 2671 2848 hujusmodi
2737 2787 2892 2837 motu
2949 2783 3299 2854 applicando,
3363 2788 3679 2844 orationum

2076 2873 2418 2941 discrimina,
2440 2875 2746 2932 litterarum
2763 2878 3212 2951 syllabarumque
3233 2882 3301 2937 ad
3322 2883 3432 2940 hoc
3457 2900 3680 2957 compo-

2081 2966 2283 3021 sttione
2307 2977 2655 3039 suppetente,
2681 2981 2830 3026 recte
2854 2974 3210 3044 exsequitur:
3230 2986 3284 3032 et
3309 2978 3415 3033 hoc
3432 2980 3680 3051 quidem,

2004 3070 2010 3078 '
2081 3072 2190 3126 qua
2217 3058 2395 3114 soluta
2429 3062 2782 3135 est,peragit.
2813 3064 2976 3135 Atqui
3019 3066 3216 3123 eadem
3261 3072 3469 3138 gutturi
3499 3072 3684 3129 denuo

357 3138 673 3210 colligatur,
706 3155 776 3194 ne
801 3141 1013 3198 scilicet
1045 3143 1414 3217 undequaque
1432 3147 1721 3218 abjuncta,
1751 3148 1807 3203 in
1863 3150 1980 3206 oris
2019 3149 2231 3206 hiatum
2270 3153 2541 3220 incidens,
2588 3155 2660 3210 ab
2731 3157 3007 3216 universis
3067 3175 3209 3232 quos
3275 3163 3522 3224 diximus
3568 3169 3682 3224 usi-

357 3229 461 3286 bus
489 3230 754 3288 immunis
788 3233 1130 3290 redderetur.

438 3320 499 3376 '0
531 3323 734 3395 δεσμὸς
757 3324 814 3379 δὲ
846 3325 1057 3399 ταύτης
1079 3323 1196 3382 οἷον
1227 3328 1448 3399 χαλινὸς
1473 3329 1610 3404 αὐτῇ
1639 3333 1789 3416 ἐστι,
1818 3334 1963 3390 ἁπά-

2140 3334 2344 3392 Verum
2418 3339 2703 3396 vinculum
2761 3342 2990 3413 ipsum,
3040 3346 3118 3401 illi
3177 3363 3280 3418 pro
3335 3350 3491 3406 freno
3550 3363 3675 3418 est,

355 3432 460 3480 σας
525 3416 628 3480 τὰς
696 3419 982 3488 ἐνεργείας
1047 3423 1449 3492 συμφερόντως
1507 3425 1604 3478 καὶ
1677 3412 1964 3491 εὐτάκτως

356 3509 551 3571 ποιῶν,
580 3506 743 3580 εἴπερ
774 3509 1058 3580 ἔμμετρος
1099 3515 1566 3570 κατεσκεύασται.
1605 3517 1674 3578 Et
1701 3519 1759 3571 δὲ
1793 3518 1964 3590 χαλα-

355 3598 600 3670 ρώτερος
621 3601 670 3632 ⁸⁸
699 3599 932 3672 γένηται
949 3603 1021 3668 ’³,
1047 3603 1365 3675 προκύπτει
1399 3607 1606 3678 μᾶλλον
1632 3608 1725 3662 τοῦ
1749 3609 1963 3680 δέοντος

355 3691 392 3760 ἡ
417 3691 672 3760 γλῶττα,
709 3694 805 3748 καὶ
835 3693 1177 3766 βλάπτονται
1213 3699 1270 3751 αί
1315 3700 1612 3777 εἰρημέναι
1647 3701 1958 3774 ἐνέργειαν

357 3783 436 3856 μὴ
474 3784 788 3858 δυναμένης
825 3789 1001 3860 αὐτῆς
1031 3790 1561 3862 χαλιναγωγεῖσθαι.
1595 3796 1660 3848 Et
1702 3796 1760 3850 δὲ
1793 3797 1961 3853 πάλιν

355 3879 545 3935 πλεῖον
600 3881 875 3956 συνδεθῇ,
926 3885 985 3939 at
1040 3885 1206 3938 αὐταὶ
1259 3885 1458 3957 βλάϐαι
1519 3889 1953 3947 ἀκολουθοῦσιν·

352 3973 498 4029 ὥστε
536 3976 634 4032 καὶ
671 3977 744 4034 τά
784 3977 976 4049 χείλη,
1007 3978 1078 4034 τὰ
1121 3977 1418 4046 διαλέξεως
1461 3981 1659 4052 μόρια,
1689 3983 1787 4038 καὶ
1832 3983 1962 4056 τοὺς

351 4067 612 4134 ὀδόντας,
643 4071 741 4126 καὶ
778 4072 928 4128 ἅπαν
957 4071 1019 4126 τὸ
1065 4071 1245 4143 στόμα
1277 4071 1695 4144 ἐμποδίζεσθαι,
1738 4079 1834 4132 καὶ
1869 4097 1963 4134 κε-

354 4162 644 4218 κακῶσθαι
671 4164 773 4229 τὰς
805 4166 1148 4231 διαλέκτους.

2066 3425 2216 3496 quod
2279 3427 2325 3482 si
2407 3429 2694 3486 moderato
2755 3434 2950 3490 ordine
3022 3441 3391 3496 constitutum
3469 3441 3675 3513 fuerit,

2065 3519 2341 3581 universa:
2396 3522 2521 3593 ejus
2574 3526 2826 3584 actiones
2881 3529 3091 3601 optimo
3146 3533 3242 3587 [ini
3299 3550 3363 3591 ac
3424 3552 3678 3608 percom-

2070 3611 2249 3682 posite
2306 3614 2644 3688 diriguntur.
2712 3619 2771 3675 Si
2826 3636 2959 3677 vero
3019 3623 3170 3680 illam
3224 3637 3436 3696 partem
3497 3631 3676 3687 laxio-

2065 3727 2184 3768 rem
2243 3717 2733 3792 remissioremque
2782 3738 2909 3779 esse
2959 3727 3288 3798 contigerit,
3336 3730 3525 3804 lingua
3557 3735 3674 3805 ipsa

2065 3803 2191 3874 plus
2241 3806 2395 3878 justo
2457 3811 2773 3870 inclinatur.
2843 3817 3062 3888 Cujus,
3115 3820 3248 3877 dum
3311 3803 3439 3880 eam
3480 3803 3676 3898 regen—

2065 3897 2120 3952 di
2165 3899 2272 3972 77
2309 3901 2464 3959 freno
2521 3905 2625 3976 ipsi
2689 3907 2924 3965 facultas
2982 3910 3353 3984 intercipitur,
3424 3897 3674 3974 actiones

2066 4006 2213 4061 quas
2238 3994 2502 4063 diximus,
2531 3996 2693 4055 facile
2725 3999 3019 4059 laeduntur.
3075 4005 3132 4060 Si
3166 4023 3298 4064 vero
3323 4025 3521 4069 rursus
3553 4029 3673 4069 eam

2070 4081 2289 4139 frenum
2335 4087 2460 4156 plus
2518 4091 2694 4147 nimio
2735 4097 3070 4172 coercuerit,
3126 4098 3254 4158 inde
3314 4103 3516 4161 damna
3560 4107 3678 4163 haec

2067 4177 2488 4270 subsequuntur
2522 4200 2536 4238 :
2571 4185 2732 4242 labiis
2791 4188 3018 4260 utique,
3053 4193 3197 4263 parti
3250 4195 3524 4260 videlicet,
3553 4215 3678 4270 qua;

354 4257 488 4310 dum
523 4257 688 4314 verba
711 4259 1141 4330 pronuntiamus
1171 4271 1446 4326 movetur,
1481 4262 1851 4334 dentibusque
1895 4281 1962 4323 ac
2001 4267 2100 4323 toti
2155 4270 2240 4325 ori
2317 4273 2600 4344 negotium
2657 4257 2909 4349 facessit,
2946 4289 3001 4337 et
3053 4257 3161 4338 illa
3207 4257 3521 4358 perperam
3545 4257 3677 4361 pro-

355 4351 489 4421 priis
521 4351 722 4409 ofﬁciis
753 4354 1002 4425 fungitur
1064 4357 1328 4415 idiomate
1354 4359 1566 4416 vitiato.

420 4444 541 4515 Τῆς
588 4444 647 4498 δὲ
674 4445 927 4518 γλώττης
971 4449 1006 4518 ή
1044 4448 1181 4522 σὰρξ
1225 4452 1370 4524 μανὴ
1401 4453 1614 4523 πέφυκε
1650 4453 1748 4508 καὶ
1788 4470 1961 4526 στομ-

353 4535 576 4609 φώδηςσ
628 4539 728 4594 καὶ
766 4539 856 4595 διὰ
894 4543 1059 4597 τοῦτο
1093 4543 1293 4598 θᾶττον
1342 4545 1816 4618 ἀντιλαμϐάνεται
1861 4548 1964 4618 τῆς

353 4630 601 4700 γεύσεως
641 4631 753 4687 τῶν
813 4635 1030 4705 χυμῶν.
1086 4637 1209 4690 Τῶν
1242 4637 1300 4696 δὲ
1343 4639 1535 4713 χυμῶν
1572 4641 1629 4693 αἱ
1672 4641 1965 4709 γευστικαὶ

355 4723 690 4794 καλούμεναι
738 4729 1029 4798 ποιότητες
1061 4731 1205 4784 είσὶν
1233 4725 1395 4788 αὗται
1424 4751 1438 4766 ο
1484 4732 1767 4806 γλυκύτης
1787 4775 1804 4802 ,
1830 4733 1958 4804 ὀξύ-

354 4833 475 4888 της,
518 4819 818 4890 δριμύτης,
852 4824 1220 4895 στυφότης⁹²,
1254 4827 1630 4901 αύστηρότης,
1662 4828 1956 4902 πικρότης,

352 4910 692 4984 ἁλμυρότης,
729 4914 1058 4987 λιπαρότης.
1095 4916 1318 4972 Τούτων
1355 4919 1466 4991 γάρ
1492 4922 1646 4975 ἐστιν
1673 4922 1706 4993 ή
1735 4918 1960 4990 γλῶσσα

350 5002 722 5079 διαγνωστικὴ
742 5023 756 5038 ⁸
789 5007 887 5063 καὶ
919 5009 1128 5080 μᾶλλον
1156 5010 1220 5064 τὺ
1247 5013 1422 5083 ἄκρον
1453 5013 1629 5084 αὐτῆς
1657 5030 1671 5045 ·
1720 5014 1958 5085 ὄργανον

349 5098 460 5169 γάρ
499 5100 620 5154 ἐστι
651 5100 755 5172 τῆς
779 5101 1063 5170 γεύσεως·
1109 5104 1208 5158 σὺν
1242 5105 1384 5177 αὐτῇ
1425 5103 1482 5160 δὲ
1514 5107 1611 5164 καὶ
1639 5109 1672 5178 ἡ
1703 5108 1953 5180 ὑπερῷα,

348 5188 408 5240 ὲν
522 5189 592 5244 τά
626 5191 1060 5265 πεπλατυσμένα
1102 5194 1280 5268 νεῦρα
1322 5195 1383 5261 ἐξ
1430 5197 1740 5267 ἐγκεφάλου
1791 5201 1957 5272 φερό-

353 5296 488 5350 μενα
504 5283 570 5347 ’³,
608 5283 707 5355 τὴν
739 5285 1030 5357 ἀντίληψιν
1059 5286 1170 5342 τῶν
1201 5287 1452 5357 γευστῶν
1479 5290 1619 5363 πρὸς
1659 5289 1720 5344 τὸ
1751 5293 1957 5363 ἠγεμο-

349 5373 501 5428 νικὸν
548 5376 986 5446 ἀπαγγέλλουσι.
1046 5381 1359 5452 Κατάμαθε
1398 5381 1507 5452 γὰρ
1545 5382 1645 5454 τῆς
1704 5383 1954 5456 γλώττης
1987 5389 1998 5397 ’

2135 4456 2346 4532 Lingua
2377 4471 2556 4519 autem
2607 4481 2774 4522 carne
2799 4468 2921 4528 laxa
2966 4469 3310 4546 fungosaque
3339 4488 3676 4546 constat,ut-

2066 4563 2175 4622 que
2206 4555 2460 4624 protinus
2515 4574 2774 4630 saporum
2827 4571 3054 4635 gustum
3109 4570 3532 4641 animadvertat,
3569 4577 3677 4632 hoc

2071 4659 2254 4700 causa;
2283 4647 2539 4705 habetur.
2564 4651 2837 4724 Saporum
2862 4673 2992 4714 vero
3007 4661 3307 4731 qualitates
3323 4681 3448 4736 quae
3479 4678 3676 4740 gustus

2069 4741 2220 4802 sunt,
2262 4736 2364 4794 bos
2397 4739 2633 4803 dicimus
2663 4763 2675 4799 :
2707 4745 2888 4814 dulce,
2922 4751 3168 4820 acidum,
3197 4771 3344 4825 acre,
3380 4736 3671 4825 acerbum.

2070 4838 2380 4898 austerum,
2417 4847 2694 4903 amarum,
2737 4840 3227 4917 salsum,pingue;
3263 4851 3446 4906 omnia
3485 4861 3670 4908 autem

2066 4916 2188 4979 haec
2211 4924 2399 4998 lingua
2424 4927 2663 4999 ipsa,vel
2688 4935 2872 5004 potius
2894 4916 3128 4996 acumen
3143 4940 3286 5011 ejus,
3303 4945 3448 5012 quod
3473 4956 3668 5016 gustus

2067 5015 2498 5083 instrumentum
2539 5034 2645 5091 est,
2687 5025 3044 5094 discernendi
3083 5029 3401 5090 facultatem
3435 5037 3667 5094 obtinet.

2066 5106 2204 5166 Huic
2257 5108 2441 5167 officio
2485 5113 2652 5170 simul
2710 5133 2835 5184 cum
2896 5119 3083 5192 lingua
3126 5123 3370 5193 palatum
3422 5141 3667 5187 commu-

2065 5197 2121 5254 ni
2151 5199 2458 5258 ministerio
2490 5203 2716 5272 sufficit,
2774 5208 2831 5264 in
2893 5225 3006 5280 quo
3048 5228 3344 5270 nervorum
3373 5217 3666 5288 explicatio

2063 5292 2160 5364 qui
2210 5308 2240 5348 a
2303 5297 2531 5352 cerebro
2587 5302 2993 5370 protenduntur
3046 5321 3110 5362 ea
3143 5323 3267 5379 quae
3318 5309 3386 5366 ad
3447 5320 3667 5384 gustum

2065 5385 2816 5462 attinentdeprehendentcs,
2839 5395 3137 5470 principali
3161 5401 3364 5457 anima:
3397 5405 3540 5476 parti
3575 5405 3670 5471 dc-

411 5597 460 5630 "
481 5600 689 5692 τομῇ-Δ
710 5599 777 5684 C_.
838 5603 897 5687 ,ζ’
921 5602 1016 5656 καὶ
1041 5603 1113 5692 τά
1131 5603 1221 5692 Ba.
1270 5605 1315 5636 ⁸ο
1346 5606 1517 5692 λάρυξ
1670 5607 1732 5640 ’⁸⁸
1755 5609 2018 5692 ίσοφάγου
2035 5611 2436 5692 ἑλκύσσοερ-ἀγου
2466 5616 2527 5669 Β.
2603 5618 3036 5692 8’ξόιαμμασσήσει
3060 5626 3124 5682 Β.
3203 5626 3328 5682 "ea
3348 5631 3411 5687 B.
3486 5633 3534 5666 ”
3555 5636 3670 5691 lucc

345 5671 597 5768 θημξξμη
629 5672 678 5726 λ.
825 5673 1134 5768 ὀδ.οιη.ιΡ.
1175 5671 1863 5768 ⁸⁸ηχρειαξ.ξ.ιὲνεργείας⁷
1887 5671 1949 5768 Β,
1984 5671 2478 5768 μᾶλλον...ςιένξε“ργἶ
2509 5702 2624 5768 om.
3197 5671 3672 5760 Βζωδιῖδιαλεζιῖίλ

347 5741 444 5815 καὶ
466 5744 526 5796 δὲ
706 5743 1160 5815 ἰδιαφοροτάτῳ

1198 5745 1402 5847 ξέὲτ-
1429 5745 1763 5847 ageses
1798 5745 2292 5847 τεεεξέξτρεεξά
2316 5745 2708 5847 θέεν·
2740 5764 2864 5847 tu:
2882 5745 3314 5844 (zemas:
3341 5745 3667 5847 antarii;

347 5811 404 5897 δὲ
429 5814 747 5897 cinaede-ra}.
766 5815 828 5868 ὲν
857 5811 1402 5897 τ“ῷ’λαρ..ξ..είςιτᾲις
1427 5811 1734 5897 οίκεηίαςλΡ.
1785 5823 1860 5897 _’°
1886 5811 2277 5897 χαλαρότερος.
2316 5811 2379 5881 ii.
2455 5811 2500 5861 ἀί
2523 5811 2577 5882 εί

2601 5828 3093 5910 μὲνοῦν-ἔμμετρα
3118 5828 3350 5898 κατεσκ.
3387 5828 3667 5910 εὐτάκτως

346 5885 580 5957 ἐνεργεῖ,
628 5887 677 5940 εί
702 5885 759 5939 δὲ
787 5884 1149 5959 χαλερώτερα
1181 5887 1302 5942 ὲστί
1344 5887 1406 5957 Ρ,
1443 5889 1743 5964 σομφώδης
1785 5893 1850 5948 P..
1886 5884 1976 5974 '1"
2007 5884 2350 5970 ἐτρυῷνότης
2393 5899 2436 5952 Β
2461 5898 2504 5956 C
2650 5884 2748 5937 ﬂ”.
2765 5884 3093 5980 Γ

671 5980 946 6044 Parnm.
993 5981 1109 6044 Gn.
1158 5981 1367 6050 LXIV.

3265 6009 3339 6070 40
