4138 6472
489 377 620 432 “9|

1773 374 2048 431 MELETII
2096 374 2410 433 MONACIII

3633 379 3774 434 “9‘2

487 491 760 549 nuntiant.
787 492 1104 558 Enimvero,
1136 490 1298 548 divus
1342 491 1470 546 item
1498 490 1727 546 Basilius
1752 491 1952 559 lingua:
1983 491 2067 560 ip-

2184 493 2270 564 ςὴν
2300 494 2464 564 φύσιν
2485 539 2503 565 ,
2533 497 2562 552 ό
2593 497 2738 564 θεῖος
2772 496 3056 560 Βασίλειός
3091 512 3260 568 φησιν
3279 535 3295 562 ,
3322 497 3473 556 ὅπως
3500 493 3685 566 ἀπαλή
3711 513 3772 548 τε

487 586 603 641 sius
629 593 884 640 naturam
919 584 1324 639 animadvertit.
1376 581 1441 637 Et
1468 597 1706 652 quonam
1736 591 1907 651 pacto
1953 584 2071 653 ipsa

488 678 716 735 mollitie
748 680 820 734 sit
853 679 1098 748 prmdita,
1145 677 1212 731 ad
1239 674 1527 743 .llexusquc
1559 674 1736 730 facilis
1778 675 2069 740 habeatur,

487 786 709 841 quoque
744 773 908 825 modo
935 770 1100 824 variis
1130 769 1323 824 usibus
1345 767 1570 822 cuilibet
1621 767 1858 822 orationi
1917 767 2074 823 sulti-

489 865 621 928 riat,
661 863 752 917 ille
791 859 1203 917 accuratissime
1235 858 1613 930 deprehendit.
1649 858 1771 929 Ipsa
1798 859 2070 930 siquidem

489 957 700 1026 lingua,
751 966 864 1009 tum
913 954 1126 1023 amplae,
1176 962 1293 1008 tum
1351 960 1599 1022 angustae
1657 952 2071 1022 magnitudinis,

491 1048 585 1103 sed
615 1056 669 1102 et
690 1046 878 1101 media“:
899 1054 1004 1112 est;
1042 1061 1166 1100 cum
1209 1059 1338 1100 vero
1371 1044 1620 1098 latiorem
1649 1044 1762 1098 ﬁeri
1795 1045 2076 1112 acciderit,

489 1141 618 1193 dum
656 1139 770 1193 oris
829 1146 1068 1192 meatum
1140 1138 1266 1208 plus
1335 1137 1506 1192 nimio
1557 1137 1822 1206 repletum
1877 1137 2078 1203 reddit,

491 1233 645 1286 tardo
662 1230 1010 1300 cessantique
1033 1244 1308 1295 sermone,
1327 1242 1490 1299 atque
1510 1229 1859 1283 inarticulato
1884 1228 2078 1285 utitur.

2178 587 2274 641 καὶ
2300 586 2602 659 εὔστροφος
2629 591 2698 656 ⁸⁸,
2745 590 2841 643 καί
2873 588 3009 660 πρὸς
3042 591 3227 643 πᾶσαν
3259 589 3452 659 χρείαν
3486 588 3649 657 λόγου
3695 587 3778 658 τῷ

2179 681 2413 752 ποικίλῳ
2438 681 2541 752 τῆς
2572 683 2846 754 κινήσεως
2875 681 3218 754 ὲξαρκοῦσα.
3255 682 3491 736 Ἐστιδέ
3514 682 3610 736 καί
3641 681 3782 735 πλα·

2177 775 2299 825 τεῖα
2342 773 2438 826 καὶ
2481 773 2644 846 στενὴ
2697 774 2778 846 τῷ
2832 773 3055 846 μεγέθει
3107 776 3203 828 καί
3249 774 3390 846 μέση
3417 790 3431 804 '
3465 774 3562 828 καὶ
3602 776 3636 845 ἡ
3676 774 3782 844 μέν

2178 865 2412 918 πλατεῖα
2438 865 2502 920 τὸ
2523 867 2700 936 στόμα
2728 867 3053 934 γεμίζουσα,
3082 865 3260 938 ἀργὴν
3289 865 3390 937 τὴν
3423 865 3644 937 ὁμιλίαν
3681 867 3782 918 καὶ

2177 958 2452 1030 ἄναρθρον
2485 959 2668 1012 ποιεῖ·
2702 960 2736 1030 ἡ
2786 959 2842 1012 δὲ
2895 959 3056 1031 στενὴ
3097 961 3193 1013 καὶ
3230 958 3438 1031 μικρὰ,
3497 957 3783 1028 ἐπερείδε-

2181 1049 2306 1103 σθαι
2344 1051 2481 1121 πρὸς
2521 1052 2651 1114 τοὺς
2700 1051 2920 1115 ὀδόντας
2956 1052 3033 1124 μὴ
3080 1051 3365 1118 σώζουσα,
3410 1050 3627 1123 φαύλην
3675 1051 3780 1119 τὴν

2180 1141 2375 1196 λαλιὰν
2420 1143 2750 1197 ἀποδίδωσιν
2774 1158 2788 1174 ⁶
2829 1146 2866 1216 η
2908 1145 3048 1215 μέση
3075 1144 3134 1197 δέ
3172 1144 3317 1199 κατά
3359 1143 3617 1214 μέγεθος,
3647 1143 3778 1214 τού·

2181 1251 2291 1288 των
2321 1235 2669 1307 ἀπήλλακται
2699 1237 2809 1291 τῶν
2835 1237 3028 1292 παθῶν
3048 1278 3064 1303 ,
3093 1239 3191 1292 καὶ
3214 1237 3331 1292 ἐστι
3363 1237 3641 1308 βελτίστη.

488 1324 676 1392 Atqui.
737 1324 859 1392 ejus
924 1321 1104 1376 forma
1161 1329 1393 1392 angusta
1437 1320 1730 1389 brevisque
1768 1319 2072 1388 exsistens,
2113 1326 2261 1394 quod
2289 1342 2401 1397 prae
2430 1328 2520 1384 sui
2549 1329 2806 1400 angustia
2847 1329 3221 1399 brevitateque
3287 1343 3396 1384 non
3459 1329 3596 1385 satis
3624 1345 3778 1384 com-

490 1419 649 1472 mode
665 1416 920 1472 dentibus
940 1415 1100 1470 inniti
1129 1424 1316 1484 queat,
1337 1415 1531 1468 vitiato
1546 1413 1767 1482 eloquio
1781 1414 2073 1470 verborum
2115 1432 2274 1475 usum
2307 1421 2508 1493 explet.
2571 1420 2747 1478 Media
2792 1433 2974 1479 autem
2997 1423 3118 1495 ejus
3139 1423 3340 1489 forma,
3367 1423 3615 1478 omnium
3635 1439 3777 1494 quas

489 1510 1180 1582 adduximuspassionum,
1224 1523 1420 1580 expers
1475 1517 1562 1564 est
1611 1508 1932 1579 optimaque
1977 1507 2230 1567 habetur.

557 1605 776 1662 Partem
813 1615 996 1659 autem
1037 1603 1159 1674 ejus
1199 1617 1326 1672 qua:
1376 1617 1544 1673 supra
1568 1609 1677 1664 est,
1709 1600 1930 1671 ligulam
1993 1601 2080 1655 di-

491 1701 690 1764 cimus,
723 1698 810 1755 cui
837 1696 974 1752 illud
1007 1694 1157 1766 quod
1179 1694 1307 1764 gula
1333 1700 1684 1764 nuncupatur
1717 1693 1978 1748 adhaeret.
2005 1691 2078 1748 Et

2261 1606 2328 1659 'H
2346 1605 2415 1660 -δὲ
2439 1606 2796 1674 ἐπιγλωττὶς
2817 1605 3024 1680 ταύτης
3055 1609 3221 1681 μέρος
3246 1612 3369 1664 ἐστὶ
3401 1610 3464 1665 τὸ
3492 1608 3736 1682 ὕπερθεν
3755 1609 3771 1623 ⁸

2181 1696 2298 1768 ἔχει
2341 1697 2401 1752 δὲ
2433 1698 2577 1769 αὕτη
2615 1701 3053 1771 προσπεφυκότα
3085 1702 3178 1756 τὸν
3222 1703 3560 1775 καλούμενον
3605 1707 3773 1759 οἰσο-

493 1813 619 1853 cum
646 1793 902 1849 dentibus
915 1790 1165 1846 molitum
1185 1788 1501 1843 alimentum
1512 1785 1585 1841 ad
1601 1785 1872 1841 interiora
1891 1786 2080 1840 demit-

2184 1790 2379 1862 φάγον
2398 1793 2464 1846 ενι⁴
2499 1793 2613 1846 Καὶ
2634 1793 2768 1846 όταν
2789 1793 3270 1866 διαμασησάμεναι
3291 1797 3338 1830 u
3363 1796 3460 1851 καὶ
3485 1781 3776 1867 καταλὲιὴ,

493 1889 684 1949 timus,
735 1883 972 1950 arteria,
1023 1895 1196 1952 quoa
1248 1879 1416 1950 ligula
1463 1877 1698 1944 velatur,
1748 1893 1779 1932 a
1819 1893 1936 1933 sua:
1988 1892 2081 1932 ac-

492 1979 662 2034 tionis
711 1975 889 2031 ollicio
940 1980 1161 2038 cessat;
1200 1987 1324 2042 quae
1363 1986 1498 2027 cum
1560 1971 1630 2026 ab
1673 1985 1741 2026 eo
1787 1970 1881 2042 qui
1932 1970 2080 2026 intus

492 2081 580 2129 est
623 2071 817 2141 spiritu
862 2069 944 2124 sic
984 2067 1257 2121 exsistens
1285 2063 1492 2119 moveri
1529 2070 1786 2134 nequeat,
1843 2070 1959 2117 tuin
1993 2062 2078 2131 ip-

494 2180 636 2230 sam,
683 2174 799 2216 tum
848 2159 1163 2231 pulmonem
1208 2156 1463 2228 protinus
1495 2156 1803 2212 consistere
1850 2153 2075 2220 accidit,

493 2253 756 2326 quoniam
784 2263 908 2305 cum
939 2248 1058 2319 ipsa
1093 2245 1348 2316 spiritum
1385 2243 1518 2308 edit,
1550 2242 1714 2298 etiam
1748 2241 1924 2311 ipsius
1953 2255 2082 2294 suc-

493 2342 674 2400 cessio
713 2340 782 2396 ad
816 2353 950 2394 cava
995 2335 1271 2408 pulmonis
1309 2333 1505 2389 fertur.
1540 2331 1865 2387 Pulmonetn
1895 2338 2080 2384 autem

497 2437 681 2508 ipsum
717 2433 830 2504 78
858 2429 1180 2486 discrimina
1215 2424 1574 2496 cartilaginea
1633 2423 1836 2478 habere
1861 2430 2076 2476 certum

493 2536 600 2592 est,
650 2541 775 2597 quae
833 2521 1159 2579 contractim
1201 2519 1256 2574 in
1297 2527 1524 2573 acutum
1555 2515 1806 2581 tendunt;
1838 2529 1934 2585 per
1963 2513 2082 2568 hac

493 2620 640 2678 enim
667 2618 894 2690 spiritus
939 2615 994 2670 in
1027 2618 1147 2685 ejus
1186 2611 1460 2667 foramina
1488 2615 1758 2680 penetrat,
1796 2607 1923 2662 inde
1947 2622 2080 2662 vero

495 2713 563 2768 ad
591 2709 776 2768 cordis
809 2708 1003 2764 intima
1034 2704 1325 2761 revertitur
1358 2703 1559 2758 denuo.
1591 2697 1751 2764 Nam,
1780 2715 1907 2755 cum
1932 2707 2079 2754 arte-

496 2803 892 2874 riam,pulsum
923 2799 1192 2864 videlicet,
1249 2806 1309 2851 ut
1335 2795 1541 2851 dictum
1577 2801 1681 2859 est,
1713 2792 1878 2864 ligula
1910 2792 2074 2856 velet,

497 2896 820 2951 alimentum
851 2892 920 2947 ah
951 2906 1047 2946 ore
1079 2889 1147 2945 ad
1205 2887 1555 2944 stomachum
1609 2885 1936 2941 demittitur.
1977 2883 2084 2937 Ar-

500 2989 634 3045 teria
681 3001 919 3057 namque
979 2985 1118 3056 ipsa,
1145 2992 1200 3038 et
1251 2982 1441 3038 alteria
1491 2979 1816 3052 appellatur,
1845 2978 2083 3052 ἀρτηρία

496 3077 719 3151 quidem
746 3072 859 3131 οἷον
909 3073 1227 3147 ἀεροτηρία,
1264 3088 1387 3144 quae
1424 3073 1583 3144 quasi
1639 3086 1822 3126 aerem
1879 3078 2080 3135 servet,

2179 1902 2372 1950 ναντες
2400 1886 2446 1919 θ’
2492 1886 2959 1960 παραπέμπωμεν
2998 1889 3099 1960 τὴν
3139 1889 3350 1962 τροφὴν
3399 1891 3482 1954 εἰς
3520 1890 3593 1944 τὰ
3621 1889 3770 1956 ἔσω,

2181 1978 2595 2048 ἐπιπωματίζει
2642 1980 2676 2051 ὴ
2708 1980 3036 2049 ἐπιγλωττὶς
3065 1981 3165 2052 τὴν
3194 1981 3466 2054 ἀρτηρίαν
3489 2020 3505 2046 ,
3539 1982 3635 2036 καί
3665 1997 3770 2035 κω-

2183 2067 2302 2121 λύει
2331 2069 2502 2138 αύτὴν
2542 2071 2786 2140 ἐνεργεῖν
2807 2085 2824 2101 ⁸
2856 2071 2944 2141 ἐφ’
2975 2066 3058 2135 οἷς
3107 2071 3430 2142 συμϐαίνει,
3481 2071 3558 2143 μὴ
3590 2088 3776 2125 κινου-

2187 2161 2355 2232 μένης
2413 2163 2513 2233 τῆς
2567 2162 2842 2234 ἀρτηρίας
2893 2164 3001 2218 ὑπὸ
3047 2164 3143 2218 τοῦ
3206 2165 3358 2228 ἐντὸς
3415 2164 3774 2235 πνεύματος.

2185 2255 2441 2310 ἵστασθαι
2471 2257 2568 2310 καὶ
2612 2255 2706 2311 τὸν
2751 2256 3035 2327 πνεύμονα
3064 2258 3348 2331 παρευθύς
3368 2274 3382 2289 ·
3430 2259 3517 2313 ὅτι
3550 2274 3774 2326 φυσσω-

2185 2348 2356 2421 μένης
2383 2349 2480 2419 τῆς
2515 2349 2786 2423 ἀρτηρίας
2806 2351 2852 2384 ⁸⁸
2881 2350 3119 2415 διάδοσις
3151 2352 3420 2421 γίνεταιυ
3451 2351 3776 2419 πνεύματος

2182 2441 2266 2504 εἰς
2314 2440 2385 2494 τὰ
2410 2441 2565 2496 κοῖλα
2596 2441 2742 2512 μέρη
2768 2441 2864 2495 τοῦ
2909 2442 3238 2513 πνεύμονος.
3267 2443 3424 2514 Ἔχει
3470 2443 3581 2513 γάρ
3604 2444 3621 2475 ¹
3653 2443 3775 2497 δια-

2182 2529 2378 2601 φύσεις
2407 2530 2737 2602 χονδρώδεις
2768 2532 2796 2584 ὁ
2825 2531 3088 2603 πνεύμων
3112 2534 3192 2596 εἰς
3221 2532 3316 2600 ὀξὺ
3350 2532 3646 2605 διηκούσας
3679 2535 3777 2587 καὶ

2198 2624 2548 2696 συνηγμένας
2570 2641 2585 2656 ·
2630 2625 2698 2678 δι’
2735 2619 2812 2681 ὧν
2845 2625 3041 2680 είσεισι
3068 2627 3128 2679 τὸ
3157 2625 3376 2698 πνεῦμα
3405 2627 3486 2691 εἰς
3507 2627 3607 2690 τὰς
3634 2626 3777 2690 ὀπὰς

2189 2715 2398 2782 αὐτοῦ,
2457 2715 2716 2771 κάκεῖθεν
2762 2712 2924 2781 αὖθις
2972 2718 3054 2782 εἰς
3102 2718 3202 2789 τὴν
3243 2718 3475 2789 καρδίαν
3534 2719 3769 2790 ἐνίησιν.

2196 2805 2790 2877 Ἐπιπωματιζομένης
2820 2806 2878 2859 δέ
2907 2806 3006 2876 τῆς
3033 2807 3302 2878 ἀρτηρίας
3333 2806 3488 2878 παρά
3516 2805 3620 2876 τῆς
3649 2809 3774 2860 ἐπι-

2187 2898 2498 2967 γλωττίδος,
2517 2899 2594 2962 ὡς
2623 2897 2865 2969 εἴρηται,
2895 2899 3383 2970 παραπέμπεταιὴ
3407 2898 3582 2969 τροφὴ
3607 2897 3666 2951 ἐν
3695 2897 3778 2968 τῷ

2187 2991 2467 3062 στομάχῳ.
2503 2990 2740 3058 Λέγεται
2768 2990 2826 3044 δέ
2859 2991 3116 3059 ἀλτηρια
3150 2991 3246 3043 καὶ
3277 2990 3531 3059 ἀρτηρία
3551 2992 3572 3022 ²
3591 3006 3604 3019 ·
3637 2992 3729 3045 καὶ
3754 2992 3777 3023 ³

2184 3083 2436 3153 ἀρτηρία
2479 3085 2597 3154 μὲν,
2634 3076 2770 3148 οἷον,
2816 3082 3178 3154 ἀεροτηρίαδ,
3221 3082 3331 3136 ἀπὸ
3358 3082 3456 3135 τοῦ
3494 3081 3777 3155 περιέχειν

497 3170 1062 3242 comprehemlatque;
1112 3181 1237 3222 nam
1284 3164 1513 3236 spiritus
1545 3163 1614 3218 ab
1662 3162 1780 3233 ipsa
1831 3175 2079 3231 compre-

2187 3175 2286 3229 καί
2316 3175 2508 3246 τηρεῖν
2545 3174 2607 3227 τὸ
2639 3173 2895 3245 πνεῦμαο
2924 3173 3181 3241 rumpia
3205 3173 3288 3239 δὲ,
3327 3173 3478 3244 παρά
3511 3173 3574 3229 τὸ
3617 3172 3778 3229 ἅλλε-

500 3263 758 3319 henditur
779 3262 1225 3329 contineturque.
1260 3259 1326 3313 At
1357 3259 1473 3329 ipsa
1504 3257 1632 3312 item
1661 3255 1854 3310 alteria
1880 3253 2084 3310 dicitur

496 3356 650 3429 «apd:
677 3354 737 3408 τὸ
769 3352 1045 3419 ἅλλεσθαι,
1063 3366 1096 3408 a
1113 3349 1381 3415 saliendo,
1409 3347 1558 3420 quod
1574 3354 1836 3420 perpetuo
1859 3361 2082 3403 movea-

501 3462 589 3505 tur
615 3457 782 3519 atque
811 3446 994 3502 saliat.

567 3542 736 3613 Atqui
760 3540 945 3611 lingua
981 3538 1099 3609 ipsa
1145 3535 1217 3593 ab
1267 3534 1401 3607 ipsis
1433 3532 1655 3605 γλῶσσα
1682 3531 1905 3598 dicitur,
1930 3527 2086 3603 παρὰ

497 3638 560 3693 τὸ
617 3634 830 3701 κλώθω,
883 3650 913 3688 a
955 3629 1400 3701 circumagendo,
1445 3626 1591 3698 quod
1632 3627 1764 3682 dum
1820 3625 1941 3696 ipsa
1973 3622 2084 3678 cir-

496 3727 838 3798 euniagitnr,
885 3723 1185 3778 articulatm
1247 3719 1402 3775 vocis
1449 3717 1770 3774 constitutio
1809 3717 1925 3770 liat.
1987 3711 2086 3768 Vel

499 3824 571 3878 oh
629 3821 682 3876 id
738 3818 963 3890 γλῶσσα
1011 3808 1390 3880 ἀίοίιυτ,οἷον
1431 3811 1674 3880 γνῶσσα,
1734 3809 1881 3881 quod
1929 3807 2085 3864 vide-

492 3913 626 3990 licet
673 3912 961 3982 dignoscat
1016 3904 1587 3978 comprehendatque;
1638 3902 1758 3972 ipsa
1801 3899 1982 3966 enim,
2020 3906 2084 3953 ut

501 3989 677 4075 nuper
721 3999 1136 4072 explicavimus,
1169 3997 1458 4068 cujuslibet
1491 3995 1704 4064 saporis
1743 4007 1916 4064 genus
1941 3989 2086 4062 quod

501 4099 622 4169 ejus
677 4094 955 4166 peculiare
982 4091 1215 4146 habetur
1267 4086 1552 4144 discernit.
1599 4084 1928 4147 Enimvero,
1975 4084 2088 4138 hoc

502 4189 810 4246 sensorium
843 4201 874 4241 a
899 4185 1075 4240 tribus
1110 4181 1234 4236 aliis
1271 4179 1565 4246 discrepat,
1595 4177 1650 4232 in
1677 4191 1768 4241 eo,
1820 4173 1966 4247 quod
2004 4173 2088 4228 vi-

391 4270 401 4285 ’
502 4297 619 4344 sus,
653 4279 889 4335 olfactus
934 4275 1266 4343 auditusque
1290 4270 1526 4336 eminus,
1559 4285 1625 4325 ac
1661 4268 1863 4339 ubique
1907 4263 2087 4323 sensi-

503 4373 654 4437 hilia,
678 4386 800 4441 quae
823 4369 1023 4437 cuique
1045 4365 1554 4430 accommodantur,
1598 4361 2040 4417 animadvertunt
2067 4374 2085 4415 :

500 4463 737 4534 exempli
792 4460 988 4530 gratia,
1023 4459 1198 4521 visus,
1239 4471 1362 4526 quae
1403 4454 1697 4525 plurimum
1730 4453 1936 4506 distant
1963 4464 2091 4518 pro-

2185 3265 2314 3322 σθαι
2339 3265 2362 3299 ⁵
2385 3282 2401 3297 ⁸
2431 3268 2467 3338 ἠ
2499 3266 2586 3321 ἀεὶ
2612 3265 2887 3338 ἁλλομένη
2915 3266 3012 3319 καί
3039 3265 3288 3336 πηδῶσα.

2257 3523 2494 3594 Λέγεται
2517 3523 2576 3578 δὲ
2595 3522 2850 3594 γλῶσσα
2864 3541 2941 3579 πα
2949 3524 3019 3598 ρὰ
3039 3523 3106 3578 ’τὸ
3125 3523 3342 3579 κλώθω*
3378 3525 3724 3598 κλωθομένης
3741 3525 3766 3558 ⁸

2184 3615 2295 3689 γὰρ
2347 3615 2520 3688 αὐτῆς
2556 3618 2589 3688 η
2638 3615 2907 3688 ἔναρθρος
2950 3617 3106 3688 φωνὴ
3139 3617 3523 3673 ἀποτελεῖται’
3577 3614 3771 3688 ἧοῖον,

2185 3705 2439 3776 γνῶσσα·
2479 3707 2852 3778 διαγνωστικὴ
2897 3709 3008 3780 γάρ
3043 3710 3160 3762 ἐστι
3194 3708 3307 3762 τῶν
3337 3711 3398 3764 ἐν
3432 3712 3546 3776 τοῖς
3580 3711 3775 3780 χυμοῖς

2191 3799 2526 3870 ἰδιωμάτων,
2564 3798 2748 3864 καθὼς
2795 3802 2897 3873 ἠδη
2933 3800 3172 3871 εἴρηται.
3207 3802 3356 3874 Πλὴν
3401 3805 3436 3875 ὴ
3477 3803 3579 3874 μὲν
3605 3804 3733 3874 ὄψις
3755 3843 3769 3868 ,

2188 3891 2284 3945 καί
2310 3890 2580 3962 ὄσφρησις
2605 3928 2620 3953 ,
2653 3891 2750 3945 καὶ
2791 3891 2933 3963 ἀκοὴ
2971 3891 3266 3962 πόρρωθεν
3307 3893 3405 3947 καὶ
3433 3892 3776 3962 πανταχόθεν

2187 3981 2295 4036 τῶν
2333 3981 2479 4035 ἰδίων
2509 3980 2789 4052 αἰσθητῶν
2822 3981 3320 4054 ἀντιλαμϐάνονται
3339 3999 3355 4016 ο
3384 3978 3518 4046 οἷον,
3547 3985 3650 4055 δρᾷ
3682 3985 3778 4038 καὶ

2191 4074 2468 4147 μάκροθεν
2507 4077 2540 4147 ἡ
2573 4075 2718 4146 ὄψις,
2751 4077 2846 4130 καὶ
2877 4077 2910 4147 ἡ
2943 4077 3215 4149 ὄσφρησις
3252 4077 3612 4150 όσφραίνεται
3632 4119 3648 4144 ,
3682 4077 3779 4131 καὶ

2187 4172 2221 4241 ἡ
2254 4170 2396 4240 ἀκοὴ
2429 4167 2768 4232 ἐνωτίζεται’
2802 4167 2934 4239 ἁφὴ
2962 4169 3019 4223 δὲ
3063 4169 3160 4224 καὶ
3210 4169 3405 4238 γεῦσις
3441 4169 3568 4223 τότε
3616 4169 3781 4239 μόνον

2188 4263 2560 4324 αἰσθάνονται,
2596 4263 2726 4317 ὅταν
2757 4262 3109 4334 πλησιάσωσι
3132 4266 3250 4328 τοῖς
3282 4263 3436 4327 ἰδίοις
3467 4262 3778 4333 αἰσθητοῖς.

2187 4357 2257 4410 Δί
2290 4355 2390 4426 μὲν
2422 4351 2518 4410 οὗν
2547 4354 2798 4426 γλώττης
2828 4358 3012 4426 χρεῖαι
3049 4357 3144 4410 καὶ
3189 4357 3470 4428 ἐνέργειαι
3504 4356 3778 4427 εἴρηνται,

2189 4448 2274 4502 ὅτι
2304 4447 2443 4519 πρός
2477 4465 2540 4502 τε
2569 4449 2672 4520 τὴν
2704 4448 2891 4515 φωνὴν
2920 4449 3016 4502 καὶ
3047 4449 3148 4518 τὴν
3187 4449 3492 4520 διάλεκτον,
3538 4446 3632 4499 καί
3678 4447 3781 4516 τὴν

503 4557 714 4627 spicere
771 4553 1002 4608 idoneus
1062 4549 1332 4613 habetur;
1373 4545 1627 4612 olfactus.
1667 4554 1908 4599 remotos
1965 4556 1998 4597 a
2029 4556 2080 4597 se

2190 4542 2405 4610 γεῦσιν,
2449 4542 2548 4594 καὶ
2589 4541 2692 4611 τὴν
2735 4540 3074 4612 διαμάσησιν
3100 4541 3122 4573 ⁷
3170 4541 3305 4612 ἠτά
3334 4538 3517 4592 πάντα
3564 4537 3777 4590 οἰκονο-

503 4645 704 4701 odores
745 4641 1101 4714 deprehendit
1160 4651 1216 4696 et
1269 4639 1422 4694 auris
1472 4640 1602 4693 item
1636 4636 1856 4692 eminus
1913 4634 2086 4690 audit.

505 4736 620 4792 lloc
649 4751 781 4791 vero
829 4733 1160 4799 sensoriutn,
1184 4731 1330 4803 quod
1354 4738 1409 4785 et
1437 4728 1504 4784 de
1526 4736 1676 4783 tactu
1703 4726 1938 4791 diceres,
1978 4726 2088 4782 nisi

505 4827 739 4884 admotis
801 4826 1036 4883 sensatis
1090 4826 1146 4879 in
1201 4822 1403 4893 quibus
1452 4821 1634 4886 ipsum
1680 4833 1841 4889 agere
1896 4819 2085 4882 valet,

2189 4633 2368 4704 μοῦσα
2399 4633 2631 4702 δύναμις
2659 4633 3090 4703 ἐπιτηδειότητα
3132 4634 3272 4703 αὐτῇ
3304 4630 3618 4702 ἐχαρίσατο’
3660 4627 3776 4679 λοι-

2187 4727 2290 4781 πὸν
2320 4727 2523 4796 ἴδωμεν
2552 4727 2649 4780 καὶ
2693 4725 2804 4780 τῶν
2832 4726 3065 4781 ὀδόντων
3092 4724 3193 4798 τὴν
3222 4723 3526 4798 σύμπηξιν,
3555 4721 3652 4777 καί
3679 4720 3780 4792 τὴν

2188 4818 2375 4888 φύσιν,
2412 4817 2511 4870 καὶ
2543 4817 2646 4888 τὴν
2673 4816 2982 4888 ἐνέργειαν.

506 4923 704 4996 agendi
755 4920 1018 4978 facultate
1045 4917 1366 4974 frustratur.
1410 4913 1541 4979 Sed,
1569 4913 1637 4969 de
1693 4913 1899 4983 lingua:
1933 4913 2127 4969 usibus
2163 4911 2610 4981 actionibusque,
2681 4927 2925 4982 quonam
2967 4918 3131 4982 pacto
3161 4918 3404 4981 potestas
3429 4923 3552 4980 quae
3585 4919 3783 4963 cuncta

502 5019 782 5091 produxit,
813 5028 927 5073 tum
960 5015 1028 5071 ad
1052 5031 1214 5072 voces
1240 5023 1403 5083 atque
1451 5011 1737 5078 'idiomata,
1806 5021 1921 5066 tum
1989 5011 2156 5065 etiam
2193 5009 2265 5063 ad
2312 5016 2529 5078 gustum
2582 5016 2748 5078 atque
2783 5007 2978 5063 edendi
3005 5023 3182 5072 ,usum
3235 5005 3470 5062 reddidit
3508 5004 3782 5067 idoneam,

504 5114 640 5171 satis
671 5127 704 5168 a
731 5111 890 5167 nobis
931 5111 1047 5181 jam
1079 5110 1285 5164 dictum
1313 5114 1398 5162 est
1431 5123 1447 5161 :
1475 5114 1530 5161 et
1554 5107 1668 5161 haec
1705 5107 1773 5162 de
1803 5105 1985 5175 lingua
2013 5105 2220 5160 dixisse
2280 5100 2540 5159 sufliciat.
2572 5100 2789 5170 Restat,
2843 5101 2924 5156 uti
2974 5101 3043 5158 de
3069 5099 3319 5159 dentium
3357 5096 3779 5168 compositione,

513 5216 844 5276 naturaque,
869 5220 1082 5260 necnon
1139 5200 1450 5258 actionibus
1493 5199 1822 5256 referamus.

577 5301 780 5357 Dentes
819 5299 966 5356 enim
1022 5305 1174 5363 sunt,
1213 5296 1307 5367 qui
1363 5294 1584 5352 secandi
1615 5289 1861 5348 alimenti
1914 5289 2088 5347 conti-

2279 5253 2556 5352 Ὀδόντες
2603 5286 2746 5341 εἰσίν
2792 5287 2844 5340 οί
2889 5284 3233 5368 διαιροῦντες
3263 5284 3366 5356 τὴν
3412 5283 3645 5354 τροφὴν,
3691 5288 3784 5339 καὶ

506 5394 797 5464 cicndique
862 5403 1068 5444 munus
1117 5387 1339 5456 explent
1392 5393 1448 5442 et
1506 5385 1669 5439 iidem
1733 5378 2080 5436 articulanda

2197 5377 2671 5449 κατεργαζόμενοι
2711 5377 2908 5448 αὐτὴν,
2960 5373 3357 5450 συνεργοῦντες
3398 5375 3492 5430 καί
3527 5377 3596 5446 τῇ
3636 5375 3786 5449 διαρ-

506 5485 661 5542 vocis
716 5479 900 5537 ofﬁcio
948 5479 1454 5535 accommodantur.
1495 5474 1704 5530 Horum
1764 5473 1857 5527 alii
1908 5487 1938 5526 a
2000 5485 2080 5526 se-

2199 5471 2400 5544 θρώσει
2440 5471 2541 5542 τῆς
2573 5473 2762 5543 φωνῆς
2787 5488 2804 5505 ο
2853 5473 2902 5526 οἰ
2933 5471 3034 5543 μὲν
3068 5472 3178 5544 γὰρ
3205 5471 3469 5543 τέμνουσι
3503 5469 3570 5522 τὰ
3612 5471 3787 5534 σιτία,

580 5637 626 5670 ⁸⁸
651 5635 770 5689 ἐστι
808 5634 908 5690 καὶ
946 5632 1134 5702 εὕστρ.
1174 5632 1257 5702 Β.
1297 5631 1360 5702 ξπ
1385 5626 1717 5702 ὑσσώεραγον
1735 5625 1795 5679 Β.
1847 5625 1902 5702 _’°
1927 5623 2440 5702 διαμασσησᾴμενοι
2472 5627 2534 5680 Β.
2574 5627 2646 5702 ,⁸⁷
2672 5626 3108 5702 καταλεάναντες
3130 5619 3779 5702 Δῃκαταλαιόιναντεςβ,

404 5757 406 5759 .
511 5705 969 5766 καταλειάναντες
995 5704 1060 5767 C,
1084 5691 1506 5761 ’καταλέσαντες
1535 5691 1596 5752 Ρ.
1628 5691 1639 5695 ’
1671 5695 1717 5767 '_‘
1750 5694 1922 5767 verba
1956 5711 1986 5750 a
2019 5691 2080 5750 ’ὑπ

2184 5691 2216 5752 τ’.
2251 5691 2301 5750 ἐξ
2336 5712 2509 5767 usque
2535 5698 2644 5767 vi;
2662 5697 2866 5767 ἀρτηρ.
2893 5713 3006 5752 om.
3037 5699 3103 5751 A.
3182 5698 3228 5767 ’ἑ
3259 5695 3505 5767 διόιδοσινΔ
3530 5691 3784 5767 γίνεσθαι

511 5759 609 5830 Δ.
655 5775 672 5806 ⁸
695 5774 752 5828 δὲ
786 5775 846 5830 Β.
922 5759 1094 5841 ’ῖάρτ.
1134 5770 1232 5841 καί
1265 5769 1384 5841 ἀλτ.
1422 5759 1525 5841 ΒᾸᾏ
1564 5767 1585 5798 ³
1615 5765 1713 5841 καὶ
1742 5779 1853 5820 om.
1891 5765 1955 5841 B_.
2032 5768 2054 5800 ⁸
2084 5759 2500 5840 ἀρεωτηρίαἯ.
2580 5759 2851 5839 δάλέσθαι
2885 5769 2952 5835 Α,
2995 5767 3147 5841 παρά
3176 5765 3240 5821 τὸ
3267 5764 3453 5822 ἀλσειν
3481 5759 3650 5836 ἤγουν
3681 5759 3782 5814 ἀλ-

511 5844 699 5901 mea;
728 5845 788 5906 Β,
865 5844 886 5877 ⁸
916 5836 1285 5915 κλωθωμένης
1313 5837 1376 5897 C.
1451 5838 1471 5871 τ
1501 5837 1872 5910 διαμάσσησιν
1916 5836 1979 5894 Β.
2127 5836 2139 5840 ⁷
2291 5836 2322 5840 “
2631 5891 2634 5894 ,
