  <div class='ocr_page' id='page_1' title='image "/cluster/home/n/w/nwhite01/storage/ocr_20150623/64:no.13/coo.31924054869643/638.png"; bbox 0 0 4138 6464; ppageno 0'>
   <div class='ocr_carea' id='block_1_1' title="bbox 349 374 499 433">
    <p class='ocr_par' dir='ltr' id='par_1_1' title="bbox 349 374 499 433">
     <span class='ocr_line' id='line_1_1' title="bbox 349 374 499 433; baseline 0.02 -5"><span class='ocrx_word' id='word_1_1' title='bbox 349 374 499 433; x_wconf 76' lang='lat'><strong>“93</strong></span> 
     </span>
    </p>
   </div>
   <div class='ocr_carea' id='block_1_2' title="bbox 1614 365 2383 424">
    <p class='ocr_par' dir='ltr' id='par_1_2' title="bbox 1614 365 2383 424">
     <span class='ocr_line' id='line_1_2' title="bbox 1614 365 2383 424; baseline -0.001 -3"><span class='ocrx_word' id='word_1_2' title='bbox 1614 368 1704 424; x_wconf 79' lang='lat' dir='ltr'><strong>DE</strong></span> <span class='ocrx_word' id='word_1_3' title='bbox 1743 365 1880 422; x_wconf 69' lang='grc' dir='ltr'><strong>ΝᾹἸ</strong></span> <span class='ocrx_word' id='word_1_4' title='bbox 1894 367 1933 423; x_wconf 84' lang='lat' dir='ltr'>U</span> <span class='ocrx_word' id='word_1_5' title='bbox 1948 368 2036 424; x_wconf 71' lang='lat' dir='ltr'><strong>iiA</strong></span> <span class='ocrx_word' id='word_1_6' title='bbox 2076 365 2383 421; x_wconf 73' lang='lat' dir='ltr'><strong>HOMINIS.</strong></span> 
     </span>
    </p>
   </div>
   <div class='ocr_carea' id='block_1_3' title="bbox 3514 370 3654 427">
    <p class='ocr_par' dir='ltr' id='par_1_3' title="bbox 3514 370 3654 427">
     <span class='ocr_line' id='line_1_3' title="bbox 3514 370 3654 427; baseline 0.021 -3"><span class='ocrx_word' id='word_1_7' title='bbox 3514 370 3654 427; x_wconf 73' lang='grc'><strong>1194</strong></span> 
     </span>
    </p>
   </div>
   <div class='ocr_carea' id='block_1_4' title="bbox 339 482 1947 556">
    <p class='ocr_par' dir='ltr' id='par_1_4' title="bbox 339 485 1941 556">
     <span class='ocr_line' id='line_1_4' title="bbox 339 485 1941 556; baseline -0.003 -12"><span class='ocrx_word' id='word_1_8' title='bbox 339 489 394 544; x_wconf 80' lang='grc' dir='ltr'><strong>οἱ</strong></span> <span class='ocrx_word' id='word_1_9' title='bbox 420 488 480 545; x_wconf 81' lang='grc' dir='ltr'><strong>δὲ</strong></span> <span class='ocrx_word' id='word_1_10' title='bbox 514 487 823 544; x_wconf 82' lang='grc' dir='ltr'><strong>λεαίνουσι⁶</strong></span> <span class='ocrx_word' id='word_1_11' title='bbox 851 487 899 541; x_wconf 78' lang='grc' dir='ltr'>οἷ</span> <span class='ocrx_word' id='word_1_12' title='bbox 931 485 1027 540; x_wconf 73' lang='grc' dir='ltr'>καὶ</span> <span class='ocrx_word' id='word_1_13' title='bbox 1051 486 1241 555; x_wconf 73' lang='grc' dir='ltr'><strong>μύλαι</strong></span> <span class='ocrx_word' id='word_1_14' title='bbox 1272 485 1582 554; x_wconf 69' lang='grc' dir='ltr'><strong>λεγόμενοι,</strong></span> <span class='ocrx_word' id='word_1_15' title='bbox 1619 485 1652 556; x_wconf 85' lang='grc' dir='ltr'><strong>ἢ</strong></span> <span class='ocrx_word' id='word_1_16' title='bbox 1673 485 1941 553; x_wconf 81' lang='grc' dir='ltr'><strong>μυλῖται·</strong></span> 
     </span>
    </p>
   </div>
   <div class='ocr_carea' id='block_1_5' title="bbox 2052 482 3658 556">
    <p class='ocr_par' dir='ltr' id='par_1_5' title="bbox 2052 482 3658 550">
     <span class='ocr_line' id='line_1_5' title="bbox 2052 482 3658 550; baseline -0.001 -8"><span class='ocrx_word' id='word_1_17' title='bbox 2052 485 2229 542; x_wconf 90' lang='lat' dir='ltr'><strong>cando</strong></span> <span class='ocrx_word' id='word_1_18' title='bbox 2282 485 2406 540; x_wconf 90' lang='lat' dir='ltr'><strong>cibo</strong></span> <span class='ocrx_word' id='word_1_19' title='bbox 2435 524 2448 544; x_wconf 92' lang='lat'><strong>.</strong></span> <span class='ocrx_word' id='word_1_20' title='bbox 2487 493 2739 540; x_wconf 95' lang='lat' dir='ltr'><strong>secantes</strong></span> <span class='ocrx_word' id='word_1_21' title='bbox 2782 502 2796 550; x_wconf 88' lang='lat'>;</span> <span class='ocrx_word' id='word_1_22' title='bbox 2845 482 2936 537; x_wconf 90' lang='lat' dir='ltr'><strong>alii</strong></span> <span class='ocrx_word' id='word_1_23' title='bbox 2984 497 3013 536; x_wconf 91' lang='lat' dir='ltr'><strong>a</strong></span> <span class='ocrx_word' id='word_1_24' title='bbox 3057 482 3314 539; x_wconf 75' lang='lat' dir='ltr'><strong>molendo</strong></span> <span class='ocrx_word' id='word_1_25' title='bbox 3346 526 3361 550; x_wconf 89' lang='lat'><strong>,</strong></span> <span class='ocrx_word' id='word_1_26' title='bbox 3414 483 3658 541; x_wconf 83' lang='lat' dir='ltr'><strong>molares</strong></span> 
     </span>
    </p>
   </div>
   <div class='ocr_carea' id='block_1_6' title="bbox 341 575 1942 649">
    <p class='ocr_par' dir='ltr' id='par_1_6' title="bbox 341 575 1942 649">
     <span class='ocr_line' id='line_1_6' title="bbox 341 575 1942 649; baseline -0.004 -11"><span class='ocrx_word' id='word_1_27' title='bbox 341 585 408 638; x_wconf 82' lang='grc' dir='ltr'>ἐκ</span> <span class='ocrx_word' id='word_1_28' title='bbox 440 575 544 637; x_wconf 64' lang='grc' dir='ltr'><strong>τοῦ</strong></span> <span class='ocrx_word' id='word_1_29' title='bbox 573 583 676 636; x_wconf 79' lang='grc' dir='ltr'><strong>ἔδω</strong></span> <span class='ocrx_word' id='word_1_30' title='bbox 696 581 759 635; x_wconf 83' lang='grc' dir='ltr'>τὸ</span> <span class='ocrx_word' id='word_1_31' title='bbox 787 581 972 635; x_wconf 75' lang='grc' dir='ltr'>ἐσθίω</span> <span class='ocrx_word' id='word_1_32' title='bbox 1006 579 1184 642; x_wconf 75' lang='grc' dir='ltr'>οὓτως</span> <span class='ocrx_word' id='word_1_33' title='bbox 1211 579 1634 649; x_wconf 74' lang='grc' dir='ltr'><strong>ὀνομαζόμενοι.</strong></span> <span class='ocrx_word' id='word_1_34' title='bbox 1667 580 1942 646; x_wconf 87' lang='grc' dir='ltr'><strong>Τριακον-</strong></span> 
     </span>
    </p>
   </div>
   <div class='ocr_carea' id='block_1_7' title="bbox 339 667 1937 742">
    <p class='ocr_par' dir='ltr' id='par_1_7' title="bbox 339 667 1937 742">
     <span class='ocr_line' id='line_1_7' title="bbox 339 667 1937 742; baseline -0.003 -14"><span class='ocrx_word' id='word_1_35' title='bbox 339 673 509 728; x_wconf 74' lang='grc' dir='ltr'><strong>ἰα-δύο</strong></span> <span class='ocrx_word' id='word_1_36' title='bbox 533 674 591 727; x_wconf 80' lang='grc' dir='ltr'><strong>δέ</strong></span> <span class='ocrx_word' id='word_1_37' title='bbox 626 674 734 726; x_wconf 87' lang='grc' dir='ltr'>είσι</span> <span class='ocrx_word' id='word_1_38' title='bbox 763 672 856 726; x_wconf 73' lang='grc' dir='ltr'>τὸν</span> <span class='ocrx_word' id='word_1_39' title='bbox 890 670 1149 742; x_wconf 77' lang='grc' dir='ltr'><strong>ἀριθμόν·</strong></span> <span class='ocrx_word' id='word_1_40' title='bbox 1189 667 1252 734; x_wconf 80' lang='grc' dir='ltr'>ἒξ</span> <span class='ocrx_word' id='word_1_41' title='bbox 1303 672 1398 724; x_wconf 67' lang='grc' dir='ltr'><strong>καὶ</strong></span> <span class='ocrx_word' id='word_1_42' title='bbox 1431 670 1566 724; x_wconf 77' lang='grc' dir='ltr'><strong>δέκα</strong></span> <span class='ocrx_word' id='word_1_43' title='bbox 1596 671 1722 724; x_wconf 85' lang='grc' dir='ltr'>καθ’</span> <span class='ocrx_word' id='word_1_44' title='bbox 1750 671 1937 724; x_wconf 72' lang='grc' dir='ltr'>ἐκατέο</span> 
     </span>
    </p>
   </div>
   <div class='ocr_carea' id='block_1_8' title="bbox 343 763 1944 839">
    <p class='ocr_par' dir='ltr' id='par_1_8' title="bbox 343 763 1944 839">
     <span class='ocr_line' id='line_1_8' title="bbox 343 763 1944 839; baseline -0.002 -19"><span class='ocrx_word' id='word_1_45' title='bbox 343 784 446 839; x_wconf 75' lang='grc' dir='ltr'><strong>ραν</strong></span> <span class='ocrx_word' id='word_1_46' title='bbox 472 766 636 834; x_wconf 84' lang='grc' dir='ltr'><strong>γένυν</strong></span> <span class='ocrx_word' id='word_1_47' title='bbox 667 765 862 819; x_wconf 77' lang='grc' dir='ltr'><strong>ὅντων.</strong></span> <span class='ocrx_word' id='word_1_48' title='bbox 893 764 1177 833; x_wconf 80' lang='grc' dir='ltr'><strong>Τέσσαρες</strong></span> <span class='ocrx_word' id='word_1_49' title='bbox 1211 764 1312 834; x_wconf 84' lang='grc' dir='ltr'><strong>μὲν</strong></span> <span class='ocrx_word' id='word_1_50' title='bbox 1339 764 1360 795; x_wconf 82' lang='grc'><strong>⁸</strong></span> <span class='ocrx_word' id='word_1_51' title='bbox 1401 763 1737 836; x_wconf 73' lang='grc' dir='ltr'><strong>ἔμπροσθεν,</strong></span> <span class='ocrx_word' id='word_1_52' title='bbox 1766 765 1816 817; x_wconf 89' lang='grc' dir='ltr'><strong>οἱ</strong></span> <span class='ocrx_word' id='word_1_53' title='bbox 1845 781 1944 817; x_wconf 86' lang='grc' dir='ltr'><strong>το-</strong></span> 
     </span>
    </p>
   </div>
   <div class='ocr_carea' id='block_1_9' title="bbox 338 853 1944 928">
    <p class='ocr_par' dir='ltr' id='par_1_9' title="bbox 338 853 1944 928">
     <span class='ocr_line' id='line_1_9' title="bbox 338 853 1944 928; baseline -0.002 -18"><span class='ocrx_word' id='word_1_54' title='bbox 338 855 474 928; x_wconf 82' lang='grc' dir='ltr'><strong>μεῒς</strong></span> <span class='ocrx_word' id='word_1_55' title='bbox 507 856 822 928; x_wconf 79' lang='grc' dir='ltr'><strong>λεγόμενοι,</strong></span> <span class='ocrx_word' id='word_1_56' title='bbox 857 855 1175 927; x_wconf 75' lang='grc' dir='ltr'><strong>μονόρῤιζοι</strong></span> <span class='ocrx_word' id='word_1_57' title='bbox 1197 859 1216 890; x_wconf 87' lang='grc'><strong><em>⁹</em></strong></span> <span class='ocrx_word' id='word_1_58' title='bbox 1249 856 1473 919; x_wconf 78' lang='grc' dir='ltr'><strong>πάντες·</strong></span> <span class='ocrx_word' id='word_1_59' title='bbox 1505 854 1855 924; x_wconf 77' lang='grc' dir='ltr'><strong>ἑκατέρωθεν</strong></span> <span class='ocrx_word' id='word_1_60' title='bbox 1886 853 1944 908; x_wconf 84' lang='grc' dir='ltr'><strong>δὲ</strong></span> 
     </span>
    </p>
   </div>
   <div class='ocr_carea' id='block_1_10' title="bbox 343 943 1945 1021">
    <p class='ocr_par' dir='ltr' id='par_1_10' title="bbox 343 943 1945 1021">
     <span class='ocr_line' id='line_1_10' title="bbox 343 943 1945 1021; baseline 0.001 -19"><span class='ocrx_word' id='word_1_61' title='bbox 343 948 526 1002; x_wconf 80' lang='grc' dir='ltr'><strong>αὐτῶν</strong></span> <span class='ocrx_word' id='word_1_62' title='bbox 552 948 671 1012; x_wconf 82' lang='grc' dir='ltr'><strong>δύο,</strong></span> <span class='ocrx_word' id='word_1_63' title='bbox 708 949 760 1002; x_wconf 86' lang='grc' dir='ltr'><strong>οί</strong></span> <span class='ocrx_word' id='word_1_64' title='bbox 792 948 1181 1013; x_wconf 71' lang='grc' dir='ltr'><strong>κυνόδοντεςο</strong></span> <span class='ocrx_word' id='word_1_65' title='bbox 1220 947 1539 1021; x_wconf 77' lang='grc' dir='ltr'><strong>μονόῤῥιζοι</strong></span> <span class='ocrx_word' id='word_1_66' title='bbox 1574 949 1614 979; x_wconf 85' lang='grc'><strong>¹⁰</strong></span> <span class='ocrx_word' id='word_1_67' title='bbox 1644 949 1736 1001; x_wconf 77' lang='grc' dir='ltr'>καὶ</span> <span class='ocrx_word' id='word_1_68' title='bbox 1773 943 1945 1003; x_wconf 73' lang='grc' dir='ltr'>οὗτοι.</span> 
     </span>
    </p>
   </div>
   <div class='ocr_carea' id='block_1_11' title="bbox 343 1036 1947 1111">
    <p class='ocr_par' dir='ltr' id='par_1_11' title="bbox 343 1036 1947 1111">
     <span class='ocr_line' id='line_1_11' title="bbox 343 1036 1947 1111; baseline -0.002 -17"><span class='ocrx_word' id='word_1_69' title='bbox 343 1036 480 1094; x_wconf 82' lang='grc' dir='ltr'><strong>Εἶτα</strong></span> <span class='ocrx_word' id='word_1_70' title='bbox 499 1042 550 1093; x_wconf 81' lang='grc' dir='ltr'><strong>οἱ</strong></span> <span class='ocrx_word' id='word_1_71' title='bbox 576 1043 834 1110; x_wconf 65' lang='grc' dir='ltr'><strong>γόμφιον</strong></span> <span class='ocrx_word' id='word_1_72' title='bbox 860 1041 1070 1094; x_wconf 78' lang='grc' dir='ltr'><strong>τούτων</strong></span> <span class='ocrx_word' id='word_1_73' title='bbox 1097 1040 1227 1111; x_wconf 78' lang='grc' dir='ltr'><strong>ἑξῆς</strong></span> <span class='ocrx_word' id='word_1_74' title='bbox 1248 1040 1354 1094; x_wconf 88' lang='grc' dir='ltr'><strong>ἀνὰ</strong></span> <span class='ocrx_word' id='word_1_75' title='bbox 1381 1040 1570 1092; x_wconf 79' lang='grc' dir='ltr'><strong>πέντε·</strong></span> <span class='ocrx_word' id='word_1_76' title='bbox 1601 1037 1878 1111; x_wconf 74' lang='grc' dir='ltr'><strong>τρίῤῥιζοι</strong></span> <span class='ocrx_word' id='word_1_77' title='bbox 1905 1039 1947 1070; x_wconf 74' lang='grc'>⁸⁸</span> 
     </span>
    </p>
   </div>
   <div class='ocr_carea' id='block_1_12' title="bbox 347 1127 1946 1202">
    <p class='ocr_par' dir='ltr' id='par_1_12' title="bbox 347 1127 1946 1202">
     <span class='ocr_line' id='line_1_12' title="bbox 347 1127 1946 1202; baseline 0.001 -18"><span class='ocrx_word' id='word_1_78' title='bbox 347 1131 450 1202; x_wconf 81' lang='grc' dir='ltr'><strong>μὲν</strong></span> <span class='ocrx_word' id='word_1_79' title='bbox 472 1131 524 1183; x_wconf 75' lang='lat' dir='ltr'><strong>oi</strong></span> <span class='ocrx_word' id='word_1_80' title='bbox 551 1131 609 1183; x_wconf 82' lang='grc' dir='ltr'>ὲν</span> <span class='ocrx_word' id='word_1_81' title='bbox 632 1133 701 1201; x_wconf 84' lang='grc' dir='ltr'><strong>τῇ</strong></span> <span class='ocrx_word' id='word_1_82' title='bbox 733 1131 847 1185; x_wconf 81' lang='grc' dir='ltr'><strong>ἄνω</strong></span> <span class='ocrx_word' id='word_1_83' title='bbox 876 1130 1035 1199; x_wconf 81' lang='grc' dir='ltr'><strong>γένυῖ</strong></span> <span class='ocrx_word' id='word_1_84' title='bbox 1057 1131 1208 1184; x_wconf 86' lang='grc' dir='ltr'>δυοῖν</span> <span class='ocrx_word' id='word_1_85' title='bbox 1239 1130 1297 1183; x_wconf 80' lang='grc' dir='ltr'><strong>δὲ</strong></span> <span class='ocrx_word' id='word_1_86' title='bbox 1325 1127 1494 1200; x_wconf 80' lang='grc' dir='ltr'><strong>ῥιζῶν</strong></span> <span class='ocrx_word' id='word_1_87' title='bbox 1521 1130 1572 1183; x_wconf 74' lang='lat' dir='ltr'><strong>oi</strong></span> <span class='ocrx_word' id='word_1_88' title='bbox 1595 1131 1654 1184; x_wconf 85' lang='grc' dir='ltr'><strong>ὲν</strong></span> <span class='ocrx_word' id='word_1_89' title='bbox 1681 1132 1746 1200; x_wconf 84' lang='grc' dir='ltr'><strong>τῇ</strong></span> <span class='ocrx_word' id='word_1_90' title='bbox 1771 1130 1946 1185; x_wconf 84' lang='grc' dir='ltr'>κάτω.</span> 
     </span>
    </p>
   </div>
   <div class='ocr_carea' id='block_1_13' title="bbox 2059 573 3657 645">
    <p class='ocr_par' dir='ltr' id='par_1_13' title="bbox 2059 573 3657 645">
     <span class='ocr_line' id='line_1_13' title="bbox 2059 573 3657 645; baseline -0.001 -13"><span class='ocrx_word' id='word_1_91' title='bbox 2059 578 2340 632; x_wconf 89' lang='lat' dir='ltr'><strong>dicuntur.</strong></span> <span class='ocrx_word' id='word_1_92' title='bbox 2397 573 2542 630; x_wconf 87' lang='lat' dir='ltr'><strong>Sunt</strong></span> <span class='ocrx_word' id='word_1_93' title='bbox 2595 575 2742 630; x_wconf 90' lang='lat' dir='ltr'><strong>enim</strong></span> <span class='ocrx_word' id='word_1_94' title='bbox 2798 588 2991 628; x_wconf 91' lang='lat' dir='ltr'><strong>omnes</strong></span> <span class='ocrx_word' id='word_1_95' title='bbox 3045 589 3281 629; x_wconf 87' lang='lat' dir='ltr'><strong>numero</strong></span> <span class='ocrx_word' id='word_1_96' title='bbox 3312 590 3478 645; x_wconf 85' lang='lat' dir='ltr'><strong>supra</strong></span> <span class='ocrx_word' id='word_1_97' title='bbox 3555 577 3657 630; x_wconf 91' lang='lat' dir='ltr'><strong>tri-</strong></span> 
     </span>
    </p>
   </div>
   <div class='ocr_carea' id='block_1_14' title="bbox 2057 662 3659 739">
    <p class='ocr_par' dir='ltr' id='par_1_14' title="bbox 2057 662 3659 739">
     <span class='ocr_line' id='line_1_14' title="bbox 2057 662 3659 739; baseline -0.002 -19"><span class='ocrx_word' id='word_1_98' title='bbox 2057 669 2232 739; x_wconf 86' lang='lat' dir='ltr'><strong>ginta,</strong></span> <span class='ocrx_word' id='word_1_99' title='bbox 2285 674 2520 736; x_wconf 88' lang='lat' dir='ltr'><strong>utraque</strong></span> <span class='ocrx_word' id='word_1_100' title='bbox 2588 663 2811 718; x_wconf 78' lang='lat' dir='ltr'><strong>maxilla</strong></span> <span class='ocrx_word' id='word_1_101' title='bbox 2872 662 3152 717; x_wconf 75' lang='lat' dir='ltr'><strong>sexdecim</strong></span> <span class='ocrx_word' id='word_1_102' title='bbox 3213 677 3317 717; x_wconf 92' lang='lat' dir='ltr'><strong>suo</strong></span> <span class='ocrx_word' id='word_1_103' title='bbox 3365 664 3418 716; x_wconf 89' lang='lat' dir='ltr'><strong>in</strong></span> <span class='ocrx_word' id='word_1_104' title='bbox 3464 663 3659 718; x_wconf 86' lang='lat' dir='ltr'><strong>ordine</strong></span> 
     </span>
    </p>
   </div>
   <div class='ocr_carea' id='block_1_15' title="bbox 2055 753 3646 825">
    <p class='ocr_par' dir='ltr' id='par_1_15' title="bbox 2055 753 3646 825">
     <span class='ocr_line' id='line_1_15' title="bbox 2055 753 3646 825; baseline -0.003 -10"><span class='ocrx_word' id='word_1_105' title='bbox 2055 761 2394 815; x_wconf 77' lang='lat' dir='ltr'><strong>continente.</strong></span> <span class='ocrx_word' id='word_1_106' title='bbox 2451 757 2558 823; x_wconf 81' lang='lat' dir='ltr'><strong>Qui</strong></span> <span class='ocrx_word' id='word_1_107' title='bbox 2641 770 2772 811; x_wconf 87' lang='lat' dir='ltr'><strong>vero</strong></span> <span class='ocrx_word' id='word_1_108' title='bbox 2836 753 3091 825; x_wconf 84' lang='lat' dir='ltr'><strong>quaterni</strong></span> <span class='ocrx_word' id='word_1_109' title='bbox 3185 754 3447 825; x_wconf 87' lang='lat' dir='ltr'><strong>utrinque</strong></span> <span class='ocrx_word' id='word_1_110' title='bbox 3505 764 3646 810; x_wconf 86' lang='lat' dir='ltr'><strong>aute-</strong></span> 
     </span>
    </p>
   </div>
   <div class='ocr_carea' id='block_1_16' title="bbox 2055 849 3657 919">
    <p class='ocr_par' dir='ltr' id='par_1_16' title="bbox 2055 849 3657 919">
     <span class='ocr_line' id='line_1_16' title="bbox 2055 849 3657 919; baseline -0.004 -11"><span class='ocrx_word' id='word_1_111' title='bbox 2055 853 2232 908; x_wconf 86' lang='lat' dir='ltr'><strong>riores</strong></span> <span class='ocrx_word' id='word_1_112' title='bbox 2260 852 2580 916; x_wconf 82' lang='lat' dir='ltr'><strong>exsistunt,</strong></span> <span class='ocrx_word' id='word_1_113' title='bbox 2637 862 2779 919; x_wconf 86' lang='lat' dir='ltr'><strong>quos</strong></span> <span class='ocrx_word' id='word_1_114' title='bbox 2835 856 3087 903; x_wconf 86' lang='lat' dir='ltr'><strong>secantes</strong></span> <span class='ocrx_word' id='word_1_115' title='bbox 3144 856 3487 917; x_wconf 89' lang='lat' dir='ltr'><strong>nuncupant,</strong></span> <span class='ocrx_word' id='word_1_116' title='bbox 3538 849 3657 902; x_wconf 85' lang='lat' dir='ltr'><strong>sitt-</strong></span> 
     </span>
    </p>
   </div>
   <div class='ocr_carea' id='block_1_17' title="bbox 2058 938 3659 1016">
    <p class='ocr_par' dir='ltr' id='par_1_17' title="bbox 2058 938 3659 1016">
     <span class='ocr_line' id='line_1_17' title="bbox 2058 938 3659 1016; baseline -0.004 -18"><span class='ocrx_word' id='word_1_117' title='bbox 2058 946 2183 1016; x_wconf 75' lang='lat' dir='ltr'><strong>gula</strong></span> <span class='ocrx_word' id='word_1_118' title='bbox 2254 940 2642 1000; x_wconf 88' lang='lat' dir='ltr'><strong>tantummodo</strong></span> <span class='ocrx_word' id='word_1_119' title='bbox 2708 938 2896 995; x_wconf 80' lang='lat' dir='ltr'><strong>radice</strong></span> <span class='ocrx_word' id='word_1_120' title='bbox 2973 940 3260 1005; x_wconf 89' lang='lat' dir='ltr'><strong>nituntur;</strong></span> <span class='ocrx_word' id='word_1_121' title='bbox 3323 947 3382 994; x_wconf 88' lang='lat' dir='ltr'><strong>at</strong></span> <span class='ocrx_word' id='word_1_122' title='bbox 3434 940 3528 1010; x_wconf 90' lang='lat' dir='ltr'><strong>qui</strong></span> <span class='ocrx_word' id='word_1_123' title='bbox 3591 940 3659 994; x_wconf 88' lang='lat' dir='ltr'><strong>ab</strong></span> 
     </span>
    </p>
   </div>
   <div class='ocr_carea' id='block_1_18' title="bbox 2051 1033 3653 1106">
    <p class='ocr_par' dir='ltr' id='par_1_18' title="bbox 2051 1033 3653 1106">
     <span class='ocr_line' id='line_1_18' title="bbox 2051 1033 3653 1106; baseline -0.005 -13"><span class='ocrx_word' id='word_1_124' title='bbox 2051 1038 2140 1093; x_wconf 89' lang='lat' dir='ltr'><strong>his</strong></span> <span class='ocrx_word' id='word_1_125' title='bbox 2203 1039 2314 1094; x_wconf 89' lang='lat' dir='ltr'><strong>duo</strong></span> <span class='ocrx_word' id='word_1_126' title='bbox 2362 1035 2622 1106; x_wconf 91' lang='lat' dir='ltr'><strong>utrinque</strong></span> <span class='ocrx_word' id='word_1_127' title='bbox 2651 1034 2817 1105; x_wconf 84' lang='lat' dir='ltr'><strong>positi</strong></span> <span class='ocrx_word' id='word_1_128' title='bbox 2877 1033 2988 1104; x_wconf 80' lang='lat'><strong>79</strong></span> <span class='ocrx_word' id='word_1_129' title='bbox 3020 1033 3306 1096; x_wconf 87' lang='lat' dir='ltr'><strong>visuntur,</strong></span> <span class='ocrx_word' id='word_1_130' title='bbox 3347 1033 3528 1088; x_wconf 87' lang='lat' dir='ltr'><strong>canini</strong></span> <span class='ocrx_word' id='word_1_131' title='bbox 3564 1049 3653 1103; x_wconf 87' lang='lat' dir='ltr'><strong>ap-</strong></span> 
     </span>
    </p>
   </div>
   <div class='ocr_carea' id='block_1_19' title="bbox 2052 1127 3656 1203">
    <p class='ocr_par' dir='ltr' id='par_1_19' title="bbox 2052 1127 3656 1203">
     <span class='ocr_line' id='line_1_19' title="bbox 2052 1127 3656 1203; baseline -0.004 -17"><span class='ocrx_word' id='word_1_132' title='bbox 2052 1132 2326 1203; x_wconf 85' lang='lat' dir='ltr'><strong>pellantur</strong></span> <span class='ocrx_word' id='word_1_133' title='bbox 2349 1171 2364 1195; x_wconf 95' lang='lat'><strong>,</strong></span> <span class='ocrx_word' id='word_1_134' title='bbox 2390 1130 2486 1200; x_wconf 87' lang='lat' dir='ltr'><strong>qui</strong></span> <span class='ocrx_word' id='word_1_135' title='bbox 2524 1136 2580 1184; x_wconf 92' lang='lat' dir='ltr'><strong>et</strong></span> <span class='ocrx_word' id='word_1_136' title='bbox 2615 1129 2718 1198; x_wconf 91' lang='lat' dir='ltr'><strong>ipsi</strong></span> <span class='ocrx_word' id='word_1_137' title='bbox 2767 1143 2968 1192; x_wconf 90' lang='lat' dir='ltr'><strong>unam,</strong></span> <span class='ocrx_word' id='word_1_138' title='bbox 3001 1127 3386 1198; x_wconf 78' lang='lat' dir='ltr'><strong>singulamque</strong></span> <span class='ocrx_word' id='word_1_139' title='bbox 3417 1127 3656 1182; x_wconf 77' lang='lat' dir='ltr'><strong>radicem</strong></span> 
     </span>
    </p>
   </div>
   <div class='ocr_carea' id='block_1_20' title="bbox 346 1220 1947 1296">
    <p class='ocr_par' dir='ltr' id='par_1_20' title="bbox 346 1222 1947 1296">
     <span class='ocr_line' id='line_1_20' title="bbox 346 1222 1947 1296; baseline 0 -20"><span class='ocrx_word' id='word_1_140' title='bbox 346 1223 622 1296; x_wconf 75' lang='grc' dir='ltr'><strong>Εὕρηνται</strong></span> <span class='ocrx_word' id='word_1_141' title='bbox 650 1224 708 1278; x_wconf 83' lang='grc' dir='ltr'><strong>δὲ</strong></span> <span class='ocrx_word' id='word_1_142' title='bbox 737 1225 833 1278; x_wconf 78' lang='grc' dir='ltr'>καὶ</span> <span class='ocrx_word' id='word_1_143' title='bbox 853 1222 1208 1296; x_wconf 80' lang='grc' dir='ltr'><strong>τετρᾶῤῥιζοι</strong></span> <span class='ocrx_word' id='word_1_144' title='bbox 1241 1226 1304 1256; x_wconf 82' lang='grc'><strong>¹²’</strong></span> <span class='ocrx_word' id='word_1_145' title='bbox 1339 1227 1575 1294; x_wconf 74' lang='grc' dir='ltr'><strong>γόμφιοι</strong></span> <span class='ocrx_word' id='word_1_146' title='bbox 1611 1224 1670 1278; x_wconf 81' lang='grc' dir='ltr'><strong>δὲ</strong></span> <span class='ocrx_word' id='word_1_147' title='bbox 1698 1224 1947 1292; x_wconf 80' lang='grc' dir='ltr'><strong>λέγονται</strong></span> 
     </span>
    </p>
   </div>
   <div class='ocr_carea' id='block_1_21' title="bbox 2052 1220 3658 1296">
    <p class='ocr_par' dir='ltr' id='par_1_21' title="bbox 2055 1220 3658 1290">
     <span class='ocr_line' id='line_1_21' title="bbox 2055 1220 3658 1290; baseline -0.002 -12"><span class='ocrx_word' id='word_1_148' title='bbox 2055 1223 2280 1279; x_wconf 86' lang='lat' dir='ltr'><strong>habent.</strong></span> <span class='ocrx_word' id='word_1_149' title='bbox 2308 1222 2541 1280; x_wconf 81' lang='lat' dir='ltr'><strong>Molares</strong></span> <span class='ocrx_word' id='word_1_150' title='bbox 2555 1237 2688 1278; x_wconf 89' lang='lat' dir='ltr'><strong>vero</strong></span> <span class='ocrx_word' id='word_1_151' title='bbox 2719 1220 2953 1276; x_wconf 76' lang='lat' dir='ltr'><strong>subinde</strong></span> <span class='ocrx_word' id='word_1_152' title='bbox 2975 1221 3044 1275; x_wconf 93' lang='lat' dir='ltr'><strong>ab</strong></span> <span class='ocrx_word' id='word_1_153' title='bbox 3061 1231 3292 1290; x_wconf 86' lang='lat' dir='ltr'><strong>utraque</strong></span> <span class='ocrx_word' id='word_1_154' title='bbox 3308 1228 3462 1290; x_wconf 86' lang='lat' dir='ltr'><strong>parte</strong></span> <span class='ocrx_word' id='word_1_155' title='bbox 3487 1221 3658 1290; x_wconf 85' lang='lat' dir='ltr'><strong>quino</strong></span> 
     </span>
    </p>
   </div>
   <div class='ocr_carea' id='block_1_22' title="bbox 344 1312 1954 1386">
    <p class='ocr_par' dir='ltr' id='par_1_22' title="bbox 344 1312 1954 1386">
     <span class='ocr_line' id='line_1_22' title="bbox 344 1312 1954 1386; baseline 0.001 -19"><span class='ocrx_word' id='word_1_156' title='bbox 344 1313 434 1368; x_wconf 74' lang='grc' dir='ltr'><strong>διὰ</strong></span> <span class='ocrx_word' id='word_1_157' title='bbox 477 1314 578 1385; x_wconf 82' lang='grc' dir='ltr'><strong>τὴν</strong></span> <span class='ocrx_word' id='word_1_158' title='bbox 619 1313 855 1385; x_wconf 70' lang='grc' dir='ltr'><strong>κιῖιμψιν⁸</strong></span> <span class='ocrx_word' id='word_1_159' title='bbox 891 1312 1348 1384; x_wconf 82' lang='grc' dir='ltr'><strong>ἑπικεκαμμέναι</strong></span> <span class='ocrx_word' id='word_1_160' title='bbox 1392 1316 1504 1386; x_wconf 83' lang='grc' dir='ltr'><strong>γάρ</strong></span> <span class='ocrx_word' id='word_1_161' title='bbox 1561 1316 1700 1368; x_wconf 74' lang='grc' dir='ltr'><strong>εἰσιν</strong></span> <span class='ocrx_word' id='word_1_162' title='bbox 1733 1313 1789 1366; x_wconf 74' lang='grc' dir='ltr'><strong>αῖ</strong></span> <span class='ocrx_word' id='word_1_163' title='bbox 1824 1331 1954 1369; x_wconf 89' lang='grc' dir='ltr'><strong>συν-</strong></span> 
     </span>
    </p>
   </div>
   <div class='ocr_carea' id='block_1_23' title="bbox 344 1409 1167 1481">
    <p class='ocr_par' dir='ltr' id='par_1_23' title="bbox 344 1409 1167 1481">
     <span class='ocr_line' id='line_1_23' title="bbox 344 1409 1167 1481; baseline 0.001 -19"><span class='ocrx_word' id='word_1_164' title='bbox 344 1409 564 1481; x_wconf 83' lang='grc' dir='ltr'><strong>έχουσιν</strong></span> <span class='ocrx_word' id='word_1_165' title='bbox 595 1409 638 1441; x_wconf 81' lang='grc'><strong>¹³</strong></span> <span class='ocrx_word' id='word_1_166' title='bbox 659 1409 861 1473; x_wconf 79' lang='grc' dir='ltr'><strong>αὐτοὺς</strong></span> <span class='ocrx_word' id='word_1_167' title='bbox 889 1409 1167 1478; x_wconf 84' lang='grc' dir='ltr'><strong>σιαγόνες.</strong></span> 
     </span>
    </p>
   </div>
   <div class='ocr_carea' id='block_1_24' title="bbox 2057 1313 3655 1385">
    <p class='ocr_par' dir='ltr' id='par_1_24' title="bbox 2057 1313 3655 1385">
     <span class='ocr_line' id='line_1_24' title="bbox 2057 1313 3655 1385; baseline -0.002 -13"><span class='ocrx_word' id='word_1_168' title='bbox 2057 1330 2291 1371; x_wconf 91' lang='lat' dir='ltr'><strong>numero</strong></span> <span class='ocrx_word' id='word_1_169' title='bbox 2350 1316 2404 1370; x_wconf 89' lang='lat' dir='ltr'><strong>in</strong></span> <span class='ocrx_word' id='word_1_170' title='bbox 2459 1316 2711 1370; x_wconf 88' lang='lat' dir='ltr'><strong>ordinem</strong></span> <span class='ocrx_word' id='word_1_171' title='bbox 2756 1313 3073 1384; x_wconf 84' lang='lat' dir='ltr'><strong>diriguntur</strong></span> <span class='ocrx_word' id='word_1_172' title='bbox 3125 1331 3139 1368; x_wconf 89' lang='lat'><strong>:</strong></span> <span class='ocrx_word' id='word_1_173' title='bbox 3191 1321 3248 1368; x_wconf 90' lang='lat' dir='ltr'><strong>et</strong></span> <span class='ocrx_word' id='word_1_174' title='bbox 3296 1328 3394 1369; x_wconf 92' lang='lat' dir='ltr'><strong>eos</strong></span> <span class='ocrx_word' id='word_1_175' title='bbox 3449 1315 3542 1385; x_wconf 91' lang='lat' dir='ltr'><strong>qui</strong></span> <span class='ocrx_word' id='word_1_176' title='bbox 3590 1331 3655 1370; x_wconf 80' lang='lat' dir='ltr'><strong>ex</strong></span> 
     </span>
    </p>
   </div>
   <div class='ocr_carea' id='block_1_25' title="bbox 2061 1405 3659 1479">
    <p class='ocr_par' dir='ltr' id='par_1_25' title="bbox 2061 1405 3659 1479">
     <span class='ocr_line' id='line_1_25' title="bbox 2061 1405 3659 1479; baseline -0.001 -17"><span class='ocrx_word' id='word_1_177' title='bbox 2061 1407 2148 1464; x_wconf 87' lang='lat' dir='ltr'><strong>his</strong></span> <span class='ocrx_word' id='word_1_178' title='bbox 2189 1407 2492 1479; x_wconf 84' lang='lat' dir='ltr'><strong>superioris</strong></span> <span class='ocrx_word' id='word_1_179' title='bbox 2532 1406 2769 1462; x_wconf 72' lang='lat' dir='ltr'><strong>maxillae</strong></span> <span class='ocrx_word' id='word_1_180' title='bbox 2803 1415 2954 1469; x_wconf 90' lang='lat' dir='ltr'><strong>sunt,</strong></span> <span class='ocrx_word' id='word_1_181' title='bbox 2995 1413 3194 1460; x_wconf 89' lang='lat' dir='ltr'><strong>natura</strong></span> <span class='ocrx_word' id='word_1_182' title='bbox 3232 1405 3431 1476; x_wconf 86' lang='lat' dir='ltr'><strong>triplici</strong></span> <span class='ocrx_word' id='word_1_183' title='bbox 3475 1407 3659 1461; x_wconf 83' lang='lat' dir='ltr'><strong>radice</strong></span> 
     </span>
    </p>
   </div>
   <div class='ocr_carea' id='block_1_26' title="bbox 345 1495 3653 1578">
    <p class='ocr_par' dir='ltr' id='par_1_26' title="bbox 345 1495 3653 1578">
     <span class='ocr_line' id='line_1_26' title="bbox 345 1495 3653 1578; baseline -0.002 -17"><span class='ocrx_word' id='word_1_184' title='bbox 345 1507 628 1578; x_wconf 82' lang='lat' dir='ltr'><strong>insignivit</strong></span> <span class='ocrx_word' id='word_1_185' title='bbox 665 1524 682 1573; x_wconf 87' lang='lat'><strong>;</strong></span> <span class='ocrx_word' id='word_1_186' title='bbox 712 1506 808 1577; x_wconf 90' lang='lat' dir='ltr'><strong>qui</strong></span> <span class='ocrx_word' id='word_1_187' title='bbox 842 1521 974 1561; x_wconf 84' lang='lat' dir='ltr'><strong>vero</strong></span> <span class='ocrx_word' id='word_1_188' title='bbox 1023 1505 1303 1562; x_wconf 79' lang='lat' dir='ltr'><strong>inferioris</strong></span> <span class='ocrx_word' id='word_1_189' title='bbox 1325 1545 1339 1570; x_wconf 90' lang='lat'><strong>,</strong></span> <span class='ocrx_word' id='word_1_190' title='bbox 1385 1507 1660 1577; x_wconf 84' lang='lat' dir='ltr'><strong>geminam</strong></span> <span class='ocrx_word' id='word_1_191' title='bbox 1707 1506 1951 1563; x_wconf 85' lang='lat' dir='ltr'><strong>radicem</strong></span> <span class='ocrx_word' id='word_1_192' title='bbox 1993 1495 2216 1560; x_wconf 84' lang='lat' dir='ltr'><strong>habent.</strong></span> <span class='ocrx_word' id='word_1_193' title='bbox 2280 1502 2564 1570; x_wconf 86' lang='lat' dir='ltr'><strong>Quosdam</strong></span> <span class='ocrx_word' id='word_1_194' title='bbox 2593 1512 2648 1558; x_wconf 90' lang='lat' dir='ltr'><strong>et</strong></span> <span class='ocrx_word' id='word_1_195' title='bbox 2715 1500 3026 1573; x_wconf 84' lang='lat' dir='ltr'><strong>quadriﬁda</strong></span> <span class='ocrx_word' id='word_1_196' title='bbox 3058 1499 3244 1557; x_wconf 82' lang='lat' dir='ltr'><strong>radice</strong></span> <span class='ocrx_word' id='word_1_197' title='bbox 3275 1516 3502 1557; x_wconf 89' lang='lat' dir='ltr'><strong>cernere</strong></span> <span class='ocrx_word' id='word_1_198' title='bbox 3535 1511 3653 1565; x_wconf 85' lang='lat' dir='ltr'><strong>est;</strong></span> 
     </span>
    </p>
   </div>
   <div class='ocr_carea' id='block_1_27' title="bbox 346 1591 1947 1674">
    <p class='ocr_par' dir='ltr' id='par_1_27' title="bbox 346 1600 1947 1674">
     <span class='ocr_line' id='line_1_27' title="bbox 346 1600 1947 1674; baseline 0 -18"><span class='ocrx_word' id='word_1_199' title='bbox 346 1602 586 1671; x_wconf 85' lang='lat' dir='ltr'><strong>molares</strong></span> <span class='ocrx_word' id='word_1_200' title='bbox 638 1615 874 1671; x_wconf 87' lang='lat' dir='ltr'><strong>namque</strong></span> <span class='ocrx_word' id='word_1_201' title='bbox 907 1602 1133 1673; x_wconf 80' lang='grc' dir='ltr'><strong>γόμφιοι</strong></span> <span class='ocrx_word' id='word_1_202' title='bbox 1181 1600 1270 1655; x_wconf 78' lang='grc' dir='ltr'><strong>διὰ</strong></span> <span class='ocrx_word' id='word_1_203' title='bbox 1310 1601 1408 1673; x_wconf 82' lang='grc' dir='ltr'><strong>τὴν</strong></span> <span class='ocrx_word' id='word_1_204' title='bbox 1456 1602 1667 1674; x_wconf 77' lang='grc' dir='ltr'><strong>κάμψιν</strong></span> <span class='ocrx_word' id='word_1_205' title='bbox 1701 1602 1876 1660; x_wconf 90' lang='lat' dir='ltr'><strong>dicti.</strong></span> <span class='ocrx_word' id='word_1_206' title='bbox 1922 1617 1947 1656; x_wconf 83' lang='lat' dir='ltr'><strong>a</strong></span> 
     </span>
    </p>
   </div>
   <div class='ocr_carea' id='block_1_28' title="bbox 2052 1591 3653 1674">
    <p class='ocr_par' dir='ltr' id='par_1_28' title="bbox 2052 1591 3653 1668">
     <span class='ocr_line' id='line_1_28' title="bbox 2052 1591 3653 1668; baseline -0.003 -12"><span class='ocrx_word' id='word_1_207' title='bbox 2052 1617 2136 1656; x_wconf 77' lang='lat' dir='ltr'><strong>:xu</strong></span> <span class='ocrx_word' id='word_1_208' title='bbox 2202 1600 2318 1656; x_wconf 83' lang='lat' dir='ltr'><strong>sive</strong></span> <span class='ocrx_word' id='word_1_209' title='bbox 2357 1606 2651 1663; x_wconf 81' lang='lat' dir='ltr'><strong>curvatura</strong></span> <span class='ocrx_word' id='word_1_210' title='bbox 2687 1610 2884 1652; x_wconf 85' lang='lat' dir='ltr'><strong>nomen</strong></span> <span class='ocrx_word' id='word_1_211' title='bbox 2927 1604 3238 1661; x_wconf 88' lang='lat' dir='ltr'><strong>sumentes,</strong></span> <span class='ocrx_word' id='word_1_212' title='bbox 3309 1596 3456 1667; x_wconf 93' lang='lat' dir='ltr'><strong>quod</strong></span> <span class='ocrx_word' id='word_1_213' title='bbox 3490 1591 3653 1668; x_wconf 85' lang='lat' dir='ltr'><strong>positi</strong></span> 
     </span>
    </p>
   </div>
   <div class='ocr_carea' id='block_1_29' title="bbox 345 1691 1312 1749">
    <p class='ocr_par' dir='ltr' id='par_1_29' title="bbox 345 1691 1312 1749">
     <span class='ocr_line' id='line_1_29' title="bbox 345 1691 1312 1749; baseline -0.002 0"><span class='ocrx_word' id='word_1_214' title='bbox 345 1696 401 1749; x_wconf 87' lang='lat' dir='ltr'><strong>in</strong></span> <span class='ocrx_word' id='word_1_215' title='bbox 441 1691 690 1748; x_wconf 84' lang='lat' dir='ltr'><strong>recurvis</strong></span> <span class='ocrx_word' id='word_1_216' title='bbox 742 1692 982 1748; x_wconf 75' lang='lat' dir='ltr'><strong>maxillis</strong></span> <span class='ocrx_word' id='word_1_217' title='bbox 1036 1693 1312 1748; x_wconf 89' lang='lat' dir='ltr'><strong>visuntur.</strong></span> 
     </span>
    </p>
   </div>
   <div class='ocr_carea' id='block_1_30' title="bbox 412 1779 1947 1856">
    <p class='ocr_par' dir='ltr' id='par_1_30' title="bbox 412 1785 1945 1856">
     <span class='ocr_line' id='line_1_30' title="bbox 412 1785 1945 1856; baseline 0 -16"><span class='ocrx_word' id='word_1_218' title='bbox 412 1785 751 1856; x_wconf 78' lang='grc' dir='ltr'><strong>Διαφέρουσι</strong></span> <span class='ocrx_word' id='word_1_219' title='bbox 782 1785 916 1855; x_wconf 81' lang='grc' dir='ltr'><strong>γοῦν</strong></span> <span class='ocrx_word' id='word_1_220' title='bbox 962 1787 1072 1842; x_wconf 89' lang='grc' dir='ltr'><strong>τῶν</strong></span> <span class='ocrx_word' id='word_1_221' title='bbox 1118 1786 1298 1841; x_wconf 80' lang='grc' dir='ltr'><strong>ἄλλων</strong></span> <span class='ocrx_word' id='word_1_222' title='bbox 1331 1785 1510 1841; x_wconf 82' lang='grc' dir='ltr'><strong>ὀστῶν</strong></span> <span class='ocrx_word' id='word_1_223' title='bbox 1549 1787 1603 1841; x_wconf 77' lang='lat' dir='ltr'><strong>oi</strong></span> <span class='ocrx_word' id='word_1_224' title='bbox 1634 1785 1849 1852; x_wconf 77' lang='grc' dir='ltr'><strong>ὀδόντες</strong></span> <span class='ocrx_word' id='word_1_225' title='bbox 1885 1787 1945 1840; x_wconf 83' lang='grc' dir='ltr'><strong>ὲν</strong></span> 
     </span>
    </p>
   </div>
   <div class='ocr_carea' id='block_1_31' title="bbox 2052 1779 3650 1856">
    <p class='ocr_par' dir='ltr' id='par_1_31' title="bbox 2125 1779 3650 1856">
     <span class='ocr_line' id='line_1_31' title="bbox 2125 1779 3650 1856; baseline -0.003 -17"><span class='ocrx_word' id='word_1_226' title='bbox 2125 1784 2243 1840; x_wconf 80' lang='lat' dir='ltr'><strong>Hoc</strong></span> <span class='ocrx_word' id='word_1_227' title='bbox 2262 1784 2482 1856; x_wconf 89' lang='lat' dir='ltr'><strong>quidem</strong></span> <span class='ocrx_word' id='word_1_228' title='bbox 2532 1783 2676 1838; x_wconf 91' lang='lat' dir='ltr'><strong>inter</strong></span> <span class='ocrx_word' id='word_1_229' title='bbox 2723 1780 2918 1837; x_wconf 89' lang='lat' dir='ltr'><strong>dentes</strong></span> <span class='ocrx_word' id='word_1_230' title='bbox 2963 1779 3182 1852; x_wconf 87' lang='lat' dir='ltr'><strong>aliaque</strong></span> <span class='ocrx_word' id='word_1_231' title='bbox 3220 1794 3348 1836; x_wconf 91' lang='lat' dir='ltr'><strong>ossa</strong></span> <span class='ocrx_word' id='word_1_232' title='bbox 3404 1780 3650 1844; x_wconf 84' lang='lat' dir='ltr'><strong>interest,</strong></span> 
     </span>
    </p>
   </div>
   <div class='ocr_carea' id='block_1_32' title="bbox 342 1877 1947 1952">
    <p class='ocr_par' dir='ltr' id='par_1_32' title="bbox 342 1877 1947 1952">
     <span class='ocr_line' id='line_1_32' title="bbox 342 1877 1947 1952; baseline 0 -20"><span class='ocrx_word' id='word_1_233' title='bbox 342 1877 423 1950; x_wconf 83' lang='grc' dir='ltr'><strong>τῷ</strong></span> <span class='ocrx_word' id='word_1_234' title='bbox 461 1877 820 1932; x_wconf 73' lang='grc' dir='ltr'><strong>αἰσθάνεσθαι</strong></span> <span class='ocrx_word' id='word_1_235' title='bbox 855 1879 899 1909; x_wconf 74' lang='grc'><strong>⁸⁸</strong></span> <span class='ocrx_word' id='word_1_236' title='bbox 923 1895 939 1909; x_wconf 74' lang='grc' dir='ltr'><strong>ο</strong></span> <span class='ocrx_word' id='word_1_237' title='bbox 972 1877 1160 1950; x_wconf 76' lang='grc' dir='ltr'><strong>ἔχουσι</strong></span> <span class='ocrx_word' id='word_1_238' title='bbox 1210 1878 1322 1951; x_wconf 86' lang='grc' dir='ltr'><strong>γὰρ</strong></span> <span class='ocrx_word' id='word_1_239' title='bbox 1364 1880 1598 1952; x_wconf 78' lang='grc' dir='ltr'>ἀρτικὴν</span> <span class='ocrx_word' id='word_1_240' title='bbox 1630 1879 1872 1934; x_wconf 80' lang='grc' dir='ltr'><strong>διάθεσιν</strong></span> <span class='ocrx_word' id='word_1_241' title='bbox 1904 1879 1947 1911; x_wconf 83' lang='grc'>¹⁸</span> 
     </span>
    </p>
   </div>
   <div class='ocr_carea' id='block_1_33' title="bbox 342 1967 1946 2044">
    <p class='ocr_par' dir='ltr' id='par_1_33' title="bbox 342 1967 1946 2044">
     <span class='ocr_line' id='line_1_33' title="bbox 342 1967 1946 2044; baseline 0.001 -20"><span class='ocrx_word' id='word_1_242' title='bbox 342 1968 687 2041; x_wconf 73' lang='grc' dir='ltr'><strong>αἰσθητικῶν</strong></span> <span class='ocrx_word' id='word_1_243' title='bbox 715 1967 928 2042; x_wconf 78' lang='grc' dir='ltr'>νεύρων</span> <span class='ocrx_word' id='word_1_244' title='bbox 966 1970 1291 2044; x_wconf 81' lang='grc' dir='ltr'>φερομένων</span> <span class='ocrx_word' id='word_1_245' title='bbox 1319 1971 1380 2024; x_wconf 80' lang='grc' dir='ltr'><strong>ὲν</strong></span> <span class='ocrx_word' id='word_1_246' title='bbox 1413 1974 1526 2036; x_wconf 86' lang='grc' dir='ltr'><strong>τοῖς</strong></span> <span class='ocrx_word' id='word_1_247' title='bbox 1559 1971 1946 2043; x_wconf 81' lang='grc' dir='ltr'><strong>φατνώμασιν,</strong></span> 
     </span>
    </p>
   </div>
   <div class='ocr_carea' id='block_1_34' title="bbox 345 2057 1950 2136">
    <p class='ocr_par' dir='ltr' id='par_1_34' title="bbox 345 2057 1950 2136">
     <span class='ocr_line' id='line_1_34' title="bbox 345 2057 1950 2136; baseline 0.002 -21"><span class='ocrx_word' id='word_1_248' title='bbox 345 2067 405 2116; x_wconf 80' lang='grc' dir='ltr'><strong>ἐν</strong></span> <span class='ocrx_word' id='word_1_249' title='bbox 459 2057 540 2126; x_wconf 78' lang='grc' dir='ltr'><strong>οἷς</strong></span> <span class='ocrx_word' id='word_1_250' title='bbox 584 2061 889 2134; x_wconf 74' lang='grc' dir='ltr'><strong>ριζοῦνταιο</strong></span> <span class='ocrx_word' id='word_1_251' title='bbox 932 2064 1290 2118; x_wconf 77' lang='grc' dir='ltr'><strong>αἰσθάνονται</strong></span> <span class='ocrx_word' id='word_1_252' title='bbox 1329 2064 1390 2119; x_wconf 84' lang='grc' dir='ltr'><strong>δὲ</strong></span> <span class='ocrx_word' id='word_1_253' title='bbox 1433 2065 1542 2118; x_wconf 82' lang='grc' dir='ltr'><strong>ὑπὸ</strong></span> <span class='ocrx_word' id='word_1_254' title='bbox 1581 2065 1687 2136; x_wconf 84' lang='grc' dir='ltr'><strong>τῆς</strong></span> <span class='ocrx_word' id='word_1_255' title='bbox 1727 2065 1950 2136; x_wconf 80' lang='grc' dir='ltr'><strong>ὁμιλίας</strong></span> 
     </span>
    </p>
   </div>
   <div class='ocr_carea' id='block_1_35' title="bbox 343 2155 1949 2228">
    <p class='ocr_par' dir='ltr' id='par_1_35' title="bbox 343 2155 1949 2228">
     <span class='ocr_line' id='line_1_35' title="bbox 343 2155 1949 2228; baseline 0.002 -17"><span class='ocrx_word' id='word_1_256' title='bbox 343 2156 456 2212; x_wconf 88' lang='grc' dir='ltr'><strong>τῶν</strong></span> <span class='ocrx_word' id='word_1_257' title='bbox 485 2156 748 2228; x_wconf 83' lang='grc' dir='ltr'><strong>ἀμέτρων</strong></span> <span class='ocrx_word' id='word_1_258' title='bbox 780 2155 1011 2227; x_wconf 80' lang='grc' dir='ltr'>ψυχρῶν</span> <span class='ocrx_word' id='word_1_259' title='bbox 1062 2157 1162 2211; x_wconf 71' lang='grc' dir='ltr'>καὶ</span> <span class='ocrx_word' id='word_1_260' title='bbox 1199 2157 1445 2227; x_wconf 87' lang='grc' dir='ltr'><strong>θερμῶν.</strong></span> <span class='ocrx_word' id='word_1_261' title='bbox 1506 2159 1669 2212; x_wconf 82' lang='grc' dir='ltr'><strong>Ἀλλὰ</strong></span> <span class='ocrx_word' id='word_1_262' title='bbox 1703 2161 1800 2213; x_wconf 78' lang='grc' dir='ltr'><strong>καὶ</strong></span> <span class='ocrx_word' id='word_1_263' title='bbox 1839 2159 1949 2214; x_wconf 90' lang='grc' dir='ltr'><strong>τῶν</strong></span> 
     </span>
    </p>
   </div>
   <div class='ocr_carea' id='block_1_36' title="bbox 344 2248 1949 2323">
    <p class='ocr_par' dir='ltr' id='par_1_36' title="bbox 344 2248 1949 2323">
     <span class='ocr_line' id='line_1_36' title="bbox 344 2248 1949 2323; baseline 0.003 -21"><span class='ocrx_word' id='word_1_264' title='bbox 344 2248 599 2317; x_wconf 82' lang='grc' dir='ltr'><strong>γευστῶν</strong></span> <span class='ocrx_word' id='word_1_265' title='bbox 631 2249 737 2320; x_wconf 84' lang='grc' dir='ltr'><strong>τῆς</strong></span> <span class='ocrx_word' id='word_1_266' title='bbox 787 2249 1081 2321; x_wconf 81' lang='grc' dir='ltr'><strong>ποιότητος</strong></span> <span class='ocrx_word' id='word_1_267' title='bbox 1135 2251 1668 2323; x_wconf 78' lang='grc' dir='ltr'><strong>μεταλαμϐάνουσι,</strong></span> <span class='ocrx_word' id='word_1_268' title='bbox 1719 2253 1810 2308; x_wconf 80' lang='grc' dir='ltr'><strong>διὰ</strong></span> <span class='ocrx_word' id='word_1_269' title='bbox 1854 2253 1949 2307; x_wconf 84' lang='grc' dir='ltr'><strong>τοῦ</strong></span> 
     </span>
    </p>
   </div>
   <div class='ocr_carea' id='block_1_37' title="bbox 345 2340 1952 2414">
    <p class='ocr_par' dir='ltr' id='par_1_37' title="bbox 345 2340 1952 2414">
     <span class='ocr_line' id='line_1_37' title="bbox 345 2340 1952 2414; baseline 0.001 -18"><span class='ocrx_word' id='word_1_270' title='bbox 345 2341 551 2414; x_wconf 77' lang='grc' dir='ltr'><strong>ὑμένος</strong></span> <span class='ocrx_word' id='word_1_271' title='bbox 575 2341 620 2373; x_wconf 80' lang='grc'>¹⁶</span> <span class='ocrx_word' id='word_1_272' title='bbox 669 2340 767 2395; x_wconf 85' lang='grc' dir='ltr'><strong>τοῦ</strong></span> <span class='ocrx_word' id='word_1_273' title='bbox 821 2340 1224 2410; x_wconf 80' lang='grc' dir='ltr'><strong>ὑπαλείφοντος</strong></span> <span class='ocrx_word' id='word_1_274' title='bbox 1273 2343 1369 2396; x_wconf 81' lang='grc' dir='ltr'>τὸν</span> <span class='ocrx_word' id='word_1_275' title='bbox 1413 2344 1690 2414; x_wconf 84' lang='grc' dir='ltr'><strong>στόμαχον</strong></span> <span class='ocrx_word' id='word_1_276' title='bbox 1727 2343 1952 2399; x_wconf 72' lang='grc' dir='ltr'>καὶτὸν</span> 
     </span>
    </p>
   </div>
   <div class='ocr_carea' id='block_1_38' title="bbox 321 2433 1952 2510">
    <p class='ocr_par' dir='ltr' id='par_1_38' title="bbox 321 2433 1952 2510">
     <span class='ocr_line' id='line_1_38' title="bbox 321 2433 1952 2510; baseline 0.002 -22"><span class='ocrx_word' id='word_1_277' title='bbox 321 2434 644 2510; x_wconf 74' lang='grc' dir='ltr'><strong>¹οἰσοφάγον</strong></span> <span class='ocrx_word' id='word_1_278' title='bbox 669 2435 732 2497; x_wconf 75' lang='grc'><strong>⁸⁷,</strong></span> <span class='ocrx_word' id='word_1_279' title='bbox 767 2437 865 2489; x_wconf 78' lang='grc' dir='ltr'>καὶ</span> <span class='ocrx_word' id='word_1_280' title='bbox 898 2433 976 2505; x_wconf 80' lang='grc' dir='ltr'><strong>μὴ</strong></span> <span class='ocrx_word' id='word_1_281' title='bbox 1010 2435 1173 2506; x_wconf 90' lang='grc' dir='ltr'><strong>μόνον</strong></span> <span class='ocrx_word' id='word_1_282' title='bbox 1201 2435 1476 2505; x_wconf 87' lang='grc' dir='ltr'><strong>γλῶτταν,</strong></span> <span class='ocrx_word' id='word_1_283' title='bbox 1514 2437 1654 2491; x_wconf 78' lang='grc' dir='ltr'><strong>ἀλλὰ</strong></span> <span class='ocrx_word' id='word_1_284' title='bbox 1693 2439 1790 2491; x_wconf 80' lang='grc' dir='ltr'><strong>καὶ</strong></span> <span class='ocrx_word' id='word_1_285' title='bbox 1822 2439 1952 2500; x_wconf 81' lang='grc' dir='ltr'><strong>τοὺς</strong></span> 
     </span>
    </p>
   </div>
   <div class='ocr_carea' id='block_1_39' title="bbox 346 2523 1949 2600">
    <p class='ocr_par' dir='ltr' id='par_1_39' title="bbox 346 2523 1949 2600">
     <span class='ocr_line' id='line_1_39' title="bbox 346 2523 1949 2600; baseline 0.002 -21"><span class='ocrx_word' id='word_1_286' title='bbox 346 2525 570 2588; x_wconf 80' lang='grc' dir='ltr'><strong>ὀδόντας</strong></span> <span class='ocrx_word' id='word_1_287' title='bbox 597 2523 997 2594; x_wconf 81' lang='grc' dir='ltr'><strong>ὑπαλείφοντος</strong></span> <span class='ocrx_word' id='word_1_288' title='bbox 1025 2541 1038 2554; x_wconf 89' lang='grc'><strong>·</strong></span> <span class='ocrx_word' id='word_1_289' title='bbox 1077 2523 1138 2590; x_wconf 84' lang='grc' dir='ltr'><strong>ὃς</strong></span> <span class='ocrx_word' id='word_1_290' title='bbox 1187 2526 1284 2579; x_wconf 78' lang='grc' dir='ltr'>καὶ</span> <span class='ocrx_word' id='word_1_291' title='bbox 1321 2525 1423 2598; x_wconf 79' lang='grc' dir='ltr'>τὴν</span> <span class='ocrx_word' id='word_1_292' title='bbox 1461 2526 1559 2580; x_wconf 76' lang='grc' dir='ltr'><strong>τοῦ</strong></span> <span class='ocrx_word' id='word_1_293' title='bbox 1599 2528 1874 2600; x_wconf 77' lang='grc' dir='ltr'><strong>αίμωδιᾷν</strong></span> <span class='ocrx_word' id='word_1_294' title='bbox 1906 2528 1949 2559; x_wconf 79' lang='grc'><strong>⁸⁸</strong></span> 
     </span>
    </p>
   </div>
   <div class='ocr_carea' id='block_1_40' title="bbox 345 2618 1948 2692">
    <p class='ocr_par' dir='ltr' id='par_1_40' title="bbox 345 2618 1948 2692">
     <span class='ocr_line' id='line_1_40' title="bbox 345 2618 1948 2692; baseline 0.004 -24"><span class='ocrx_word' id='word_1_295' title='bbox 345 2618 560 2690; x_wconf 83' lang='grc' dir='ltr'>νάρκην</span> <span class='ocrx_word' id='word_1_296' title='bbox 591 2619 634 2652; x_wconf 82' lang='grc'><strong>¹⁹</strong></span> <span class='ocrx_word' id='word_1_297' title='bbox 665 2619 853 2682; x_wconf 80' lang='grc' dir='ltr'><strong>αὐτοῖς</strong></span> <span class='ocrx_word' id='word_1_298' title='bbox 891 2618 1200 2689; x_wconf 76' lang='grc' dir='ltr'><strong>ἐπεγείρει.</strong></span> <span class='ocrx_word' id='word_1_299' title='bbox 1251 2619 1374 2672; x_wconf 83' lang='grc' dir='ltr'><strong>Ἐτι</strong></span> <span class='ocrx_word' id='word_1_300' title='bbox 1408 2620 1457 2673; x_wconf 76' lang='lat' dir='ltr'><strong>oi</strong></span> <span class='ocrx_word' id='word_1_301' title='bbox 1499 2619 1717 2685; x_wconf 84' lang='grc' dir='ltr'><strong>ὀδόντες</strong></span> <span class='ocrx_word' id='word_1_302' title='bbox 1743 2621 1948 2692; x_wconf 84' lang='grc' dir='ltr'><strong>γυμνοί</strong></span> 
     </span>
    </p>
   </div>
   <div class='ocr_carea' id='block_1_41' title="bbox 343 2709 1951 2785">
    <p class='ocr_par' dir='ltr' id='par_1_41' title="bbox 343 2709 1951 2785">
     <span class='ocr_line' id='line_1_41' title="bbox 343 2709 1951 2785; baseline 0.002 -20"><span class='ocrx_word' id='word_1_303' title='bbox 343 2714 476 2778; x_wconf 84' lang='grc' dir='ltr'><strong>είσι,</strong></span> <span class='ocrx_word' id='word_1_304' title='bbox 499 2711 609 2764; x_wconf 88' lang='grc' dir='ltr'><strong>τῶν</strong></span> <span class='ocrx_word' id='word_1_305' title='bbox 630 2711 812 2765; x_wconf 83' lang='grc' dir='ltr'><strong>ἄλλων</strong></span> <span class='ocrx_word' id='word_1_306' title='bbox 829 2709 1004 2763; x_wconf 84' lang='grc' dir='ltr'><strong>ὀστῶν</strong></span> <span class='ocrx_word' id='word_1_307' title='bbox 1043 2711 1118 2781; x_wconf 81' lang='grc' dir='ltr'><strong>μὴ</strong></span> <span class='ocrx_word' id='word_1_308' title='bbox 1149 2711 1322 2764; x_wconf 77' lang='grc' dir='ltr'><strong>ὄντων</strong></span> <span class='ocrx_word' id='word_1_309' title='bbox 1343 2728 1412 2781; x_wconf 90' lang='grc' dir='ltr'><strong>γυ</strong></span> <span class='ocrx_word' id='word_1_310' title='bbox 1420 2711 1592 2784; x_wconf 83' lang='grc' dir='ltr'><strong>μνῶν’</strong></span> <span class='ocrx_word' id='word_1_311' title='bbox 1628 2713 1810 2768; x_wconf 84' lang='grc' dir='ltr'><strong>πάντα</strong></span> <span class='ocrx_word' id='word_1_312' title='bbox 1838 2714 1951 2785; x_wconf 79' lang='grc' dir='ltr'><strong>γάρ</strong></span> 
     </span>
    </p>
   </div>
   <div class='ocr_carea' id='block_1_42' title="bbox 342 2800 1950 2876">
    <p class='ocr_par' dir='ltr' id='par_1_42' title="bbox 342 2800 1950 2876">
     <span class='ocr_line' id='line_1_42' title="bbox 342 2800 1950 2876; baseline 0.001 -22"><span class='ocrx_word' id='word_1_313' title='bbox 342 2800 416 2854; x_wconf 82' lang='grc' dir='ltr'><strong>τά</strong></span> <span class='ocrx_word' id='word_1_314' title='bbox 442 2803 580 2856; x_wconf 84' lang='grc' dir='ltr'><strong>ὀστᾶ</strong></span> <span class='ocrx_word' id='word_1_315' title='bbox 610 2801 796 2872; x_wconf 74' lang='grc' dir='ltr'><strong>ἔχουσι</strong></span> <span class='ocrx_word' id='word_1_316' title='bbox 832 2801 1200 2873; x_wconf 80' lang='grc' dir='ltr'>περικείμενα</span> <span class='ocrx_word' id='word_1_317' title='bbox 1228 2802 1276 2833; x_wconf 77' lang='grc'><strong><em>’³</em></strong></span> <span class='ocrx_word' id='word_1_318' title='bbox 1325 2802 1473 2874; x_wconf 84' lang='grc' dir='ltr'><strong>μύας</strong></span> <span class='ocrx_word' id='word_1_319' title='bbox 1514 2805 1614 2858; x_wconf 76' lang='grc' dir='ltr'>καὶ</span> <span class='ocrx_word' id='word_1_320' title='bbox 1639 2804 1840 2876; x_wconf 82' lang='grc' dir='ltr'><strong>δέρμα·</strong></span> <span class='ocrx_word' id='word_1_321' title='bbox 1869 2803 1950 2857; x_wconf 82' lang='grc' dir='ltr'><strong>ἐτι</strong></span> 
     </span>
    </p>
   </div>
   <div class='ocr_carea' id='block_1_43' title="bbox 343 2891 1952 2969">
    <p class='ocr_par' dir='ltr' id='par_1_43' title="bbox 343 2891 1952 2969">
     <span class='ocr_line' id='line_1_43' title="bbox 343 2891 1952 2969; baseline 0.001 -21"><span class='ocrx_word' id='word_1_322' title='bbox 343 2894 666 2966; x_wconf 81' lang='grc' dir='ltr'><strong>διαφέρουσι</strong></span> <span class='ocrx_word' id='word_1_323' title='bbox 688 2893 768 2966; x_wconf 81' lang='grc' dir='ltr'><strong>τῷ</strong></span> <span class='ocrx_word' id='word_1_324' title='bbox 802 2895 1027 2950; x_wconf 76' lang='grc' dir='ltr'>πίπτειν</span> <span class='ocrx_word' id='word_1_325' title='bbox 1047 2897 1144 2950; x_wconf 73' lang='grc' dir='ltr'>καὶ</span> <span class='ocrx_word' id='word_1_326' title='bbox 1159 2891 1321 2960; x_wconf 80' lang='grc' dir='ltr'><strong>αὖθις</strong></span> <span class='ocrx_word' id='word_1_327' title='bbox 1348 2895 1603 2966; x_wconf 75' lang='grc' dir='ltr'><strong>φύεσθαιο</strong></span> <span class='ocrx_word' id='word_1_328' title='bbox 1623 2897 1686 2950; x_wconf 83' lang='grc' dir='ltr'><strong>οὐ</strong></span> <span class='ocrx_word' id='word_1_329' title='bbox 1709 2895 1870 2969; x_wconf 87' lang='grc' dir='ltr'><strong>μόνον</strong></span> <span class='ocrx_word' id='word_1_330' title='bbox 1893 2898 1952 2950; x_wconf 83' lang='grc' dir='ltr'><strong>ὲν</strong></span> 
     </span>
    </p>
   </div>
   <div class='ocr_carea' id='block_1_44' title="bbox 344 2985 1953 3058">
    <p class='ocr_par' dir='ltr' id='par_1_44' title="bbox 344 2985 1953 3058">
     <span class='ocr_line' id='line_1_44' title="bbox 344 2985 1953 3058; baseline 0.001 -18"><span class='ocrx_word' id='word_1_331' title='bbox 344 2989 468 3052; x_wconf 88' lang='grc' dir='ltr'><strong>ταῖς</strong></span> <span class='ocrx_word' id='word_1_332' title='bbox 489 2985 737 3058; x_wconf 84' lang='grc' dir='ltr'><strong>πρώταις</strong></span> <span class='ocrx_word' id='word_1_333' title='bbox 749 2985 1013 3058; x_wconf 78' lang='grc' dir='ltr'><strong>ἡλικίαις,</strong></span> <span class='ocrx_word' id='word_1_334' title='bbox 1038 2987 1178 3042; x_wconf 84' lang='grc' dir='ltr'><strong>ἀλλά</strong></span> <span class='ocrx_word' id='word_1_335' title='bbox 1197 2988 1294 3042; x_wconf 78' lang='grc' dir='ltr'><strong>καὶ</strong></span> <span class='ocrx_word' id='word_1_336' title='bbox 1316 2990 1376 3043; x_wconf 83' lang='grc' dir='ltr'><strong>ὲν</strong></span> <span class='ocrx_word' id='word_1_337' title='bbox 1396 2990 1516 3052; x_wconf 82' lang='grc' dir='ltr'><strong>ταῖς</strong></span> <span class='ocrx_word' id='word_1_338' title='bbox 1541 2988 1783 3052; x_wconf 84' lang='grc' dir='ltr'><strong>λοιπαῖς·</strong></span> <span class='ocrx_word' id='word_1_339' title='bbox 1808 2988 1953 3042; x_wconf 80' lang='grc' dir='ltr'><strong>ίστό·</strong></span> 
     </span>
    </p>
   </div>
   <div class='ocr_carea' id='block_1_45' title="bbox 348 3079 1953 3153">
    <p class='ocr_par' dir='ltr' id='par_1_45' title="bbox 348 3079 1953 3153">
     <span class='ocr_line' id='line_1_45' title="bbox 348 3079 1953 3153; baseline 0 -21"><span class='ocrx_word' id='word_1_340' title='bbox 348 3097 510 3151; x_wconf 91' lang='grc' dir='ltr'><strong>ρηται</strong></span> <span class='ocrx_word' id='word_1_341' title='bbox 525 3079 583 3132; x_wconf 83' lang='grc' dir='ltr'><strong>δὲ</strong></span> <span class='ocrx_word' id='word_1_342' title='bbox 602 3079 702 3132; x_wconf 79' lang='grc' dir='ltr'>καὶ</span> <span class='ocrx_word' id='word_1_343' title='bbox 720 3079 814 3133; x_wconf 71' lang='grc' dir='ltr'><strong>επὶ</strong></span> <span class='ocrx_word' id='word_1_344' title='bbox 830 3080 1129 3153; x_wconf 85' lang='grc' dir='ltr'><strong>γερόντων.</strong></span> <span class='ocrx_word' id='word_1_345' title='bbox 1159 3079 1283 3133; x_wconf 71' lang='lat' dir='ltr'><strong>Etet</strong></span> <span class='ocrx_word' id='word_1_346' title='bbox 1303 3080 1360 3133; x_wconf 83' lang='grc' dir='ltr'><strong>δὲ</strong></span> <span class='ocrx_word' id='word_1_347' title='bbox 1380 3079 1492 3133; x_wconf 84' lang='grc' dir='ltr'><strong>τῶν</strong></span> <span class='ocrx_word' id='word_1_348' title='bbox 1515 3079 1748 3134; x_wconf 87' lang='grc' dir='ltr'><strong>ὀδόντων</strong></span> <span class='ocrx_word' id='word_1_349' title='bbox 1773 3081 1823 3134; x_wconf 91' lang='grc' dir='ltr'><strong>οἱ</strong></span> <span class='ocrx_word' id='word_1_350' title='bbox 1853 3079 1953 3150; x_wconf 80' lang='grc' dir='ltr'><strong>μὲν</strong></span> 
     </span>
    </p>
   </div>
   <div class='ocr_carea' id='block_1_46' title="bbox 2051 1870 3651 1946">
    <p class='ocr_par' dir='ltr' id='par_1_46' title="bbox 2051 1870 3651 1946">
     <span class='ocr_line' id='line_1_46' title="bbox 2051 1870 3651 1946; baseline -0.001 -18"><span class='ocrx_word' id='word_1_351' title='bbox 2051 1874 2200 1946; x_wconf 88' lang='lat' dir='ltr'><strong>quod</strong></span> <span class='ocrx_word' id='word_1_352' title='bbox 2224 1874 2418 1930; x_wconf 86' lang='lat' dir='ltr'><strong>dentes</strong></span> <span class='ocrx_word' id='word_1_353' title='bbox 2441 1888 2608 1928; x_wconf 86' lang='lat' dir='ltr'><strong>sensu</strong></span> <span class='ocrx_word' id='word_1_354' title='bbox 2633 1870 2846 1942; x_wconf 62' lang='lat' dir='ltr'><strong>praediti</strong></span> <span class='ocrx_word' id='word_1_355' title='bbox 2877 1879 3028 1936; x_wconf 87' lang='lat' dir='ltr'><strong>sunt,</strong></span> <span class='ocrx_word' id='word_1_356' title='bbox 3053 1871 3202 1926; x_wconf 87' lang='lat' dir='ltr'><strong>hunc</strong></span> <span class='ocrx_word' id='word_1_357' title='bbox 3253 1872 3525 1941; x_wconf 87' lang='lat' dir='ltr'><strong>siquidem</strong></span> <span class='ocrx_word' id='word_1_358' title='bbox 3552 1889 3651 1927; x_wconf 77' lang='lat' dir='ltr'><strong>ex—</strong></span> 
     </span>
    </p>
   </div>
   <div class='ocr_carea' id='block_1_47' title="bbox 2052 1962 3652 2034">
    <p class='ocr_par' dir='ltr' id='par_1_47' title="bbox 2052 1962 3652 2034">
     <span class='ocr_line' id='line_1_47' title="bbox 2052 1962 3652 2034; baseline -0.002 -13"><span class='ocrx_word' id='word_1_359' title='bbox 2052 1977 2173 2022; x_wconf 74' lang='lat' dir='ltr'><strong>aCte</strong></span> <span class='ocrx_word' id='word_1_360' title='bbox 2199 1965 2451 2020; x_wconf 88' lang='lat' dir='ltr'><strong>obtinent</strong></span> <span class='ocrx_word' id='word_1_361' title='bbox 2469 1963 2539 2019; x_wconf 87' lang='lat' dir='ltr'><strong>ob</strong></span> <span class='ocrx_word' id='word_1_362' title='bbox 2563 1977 2762 2018; x_wconf 87' lang='lat' dir='ltr'><strong>nervos</strong></span> <span class='ocrx_word' id='word_1_363' title='bbox 2796 1962 2888 2034; x_wconf 92' lang='lat' dir='ltr'><strong>qui</strong></span> <span class='ocrx_word' id='word_1_364' title='bbox 2931 1963 3000 2018; x_wconf 89' lang='lat' dir='ltr'><strong>ad</strong></span> <span class='ocrx_word' id='word_1_365' title='bbox 3048 1963 3314 2033; x_wconf 83' lang='lat' dir='ltr'><strong>praesepia</strong></span> <span class='ocrx_word' id='word_1_366' title='bbox 3349 1963 3402 2018; x_wconf 92' lang='lat' dir='ltr'><strong>in</strong></span> <span class='ocrx_word' id='word_1_367' title='bbox 3446 1965 3652 2034; x_wconf 82' lang='lat' dir='ltr'><strong>quibus</strong></span> 
     </span>
    </p>
   </div>
   <div class='ocr_carea' id='block_1_48' title="bbox 2053 2053 3652 2125">
    <p class='ocr_par' dir='ltr' id='par_1_48' title="bbox 2053 2053 3652 2125">
     <span class='ocr_line' id='line_1_48' title="bbox 2053 2053 3652 2125; baseline -0.002 -13"><span class='ocrx_word' id='word_1_368' title='bbox 2053 2055 2158 2125; x_wconf 87' lang='lat' dir='ltr'><strong>ipsi</strong></span> <span class='ocrx_word' id='word_1_369' title='bbox 2181 2055 2504 2110; x_wconf 89' lang='lat' dir='ltr'><strong>radicantur</strong></span> <span class='ocrx_word' id='word_1_370' title='bbox 2529 2054 2812 2111; x_wconf 89' lang='lat' dir='ltr'><strong>declinant</strong></span> <span class='ocrx_word' id='word_1_371' title='bbox 2836 2071 2850 2120; x_wconf 92' lang='lat'><strong>;</strong></span> <span class='ocrx_word' id='word_1_372' title='bbox 2871 2053 3305 2118; x_wconf 87' lang='lat' dir='ltr'><strong>sentiuntenim,</strong></span> <span class='ocrx_word' id='word_1_373' title='bbox 3325 2070 3449 2111; x_wconf 90' lang='lat' dir='ltr'><strong>eum</strong></span> <span class='ocrx_word' id='word_1_374' title='bbox 3476 2054 3532 2110; x_wconf 91' lang='lat' dir='ltr'><strong>in</strong></span> <span class='ocrx_word' id='word_1_375' title='bbox 3554 2053 3652 2109; x_wconf 82' lang='lat' dir='ltr'><strong>fri-</strong></span> 
     </span>
    </p>
   </div>
   <div class='ocr_carea' id='block_1_49' title="bbox 2052 2146 3647 2220">
    <p class='ocr_par' dir='ltr' id='par_1_49' title="bbox 2052 2146 3647 2220">
     <span class='ocr_line' id='line_1_49' title="bbox 2052 2146 3647 2220; baseline 0 -17"><span class='ocrx_word' id='word_1_376' title='bbox 2052 2148 2175 2220; x_wconf 79' lang='lat' dir='ltr'><strong>gida</strong></span> <span class='ocrx_word' id='word_1_377' title='bbox 2200 2149 2326 2220; x_wconf 91' lang='lat' dir='ltr'><strong>plus</strong></span> <span class='ocrx_word' id='word_1_378' title='bbox 2344 2148 2536 2212; x_wconf 91' lang='lat' dir='ltr'><strong>nimio,</strong></span> <span class='ocrx_word' id='word_1_379' title='bbox 2553 2164 2618 2204; x_wconf 91' lang='lat' dir='ltr'><strong>ac</strong></span> <span class='ocrx_word' id='word_1_380' title='bbox 2637 2148 2812 2203; x_wconf 88' lang='lat' dir='ltr'><strong>calida</strong></span> <span class='ocrx_word' id='word_1_381' title='bbox 2841 2147 3156 2204; x_wconf 89' lang='lat' dir='ltr'><strong>inciderint.</strong></span> <span class='ocrx_word' id='word_1_382' title='bbox 3192 2146 3300 2202; x_wconf 89' lang='lat' dir='ltr'><strong>Sed</strong></span> <span class='ocrx_word' id='word_1_383' title='bbox 3317 2156 3373 2202; x_wconf 90' lang='lat' dir='ltr'><strong>et</strong></span> <span class='ocrx_word' id='word_1_384' title='bbox 3397 2147 3647 2203; x_wconf 90' lang='lat' dir='ltr'><strong>ciborum</strong></span> 
     </span>
    </p>
   </div>
   <div class='ocr_carea' id='block_1_50' title="bbox 2053 2240 3651 2311">
    <p class='ocr_par' dir='ltr' id='par_1_50' title="bbox 2053 2240 3651 2311">
     <span class='ocr_line' id='line_1_50' title="bbox 2053 2240 3651 2311; baseline -0.002 -14"><span class='ocrx_word' id='word_1_385' title='bbox 2053 2240 2376 2299; x_wconf 83' lang='lat' dir='ltr'><strong>discrimina</strong></span> <span class='ocrx_word' id='word_1_386' title='bbox 2404 2246 2725 2296; x_wconf 89' lang='lat' dir='ltr'><strong>membrana</strong></span> <span class='ocrx_word' id='word_1_387' title='bbox 2765 2250 3031 2296; x_wconf 88' lang='lat' dir='ltr'><strong>causante</strong></span> <span class='ocrx_word' id='word_1_388' title='bbox 3066 2240 3504 2311; x_wconf 88' lang='lat' dir='ltr'><strong>deprehendunt.</strong></span> <span class='ocrx_word' id='word_1_389' title='bbox 3525 2257 3651 2311; x_wconf 75' lang='lat' dir='ltr'><strong>qum</strong></span> 
     </span>
    </p>
   </div>
   <div class='ocr_carea' id='block_1_51' title="bbox 2053 2332 3647 2405">
    <p class='ocr_par' dir='ltr' id='par_1_51' title="bbox 2053 2332 3647 2405">
     <span class='ocr_line' id='line_1_51' title="bbox 2053 2332 3647 2405; baseline -0.001 -15"><span class='ocrx_word' id='word_1_390' title='bbox 2053 2351 2164 2390; x_wconf 88' lang='lat' dir='ltr'><strong>non</strong></span> <span class='ocrx_word' id='word_1_391' title='bbox 2209 2334 2373 2390; x_wconf 88' lang='lat' dir='ltr'><strong>modo</strong></span> <span class='ocrx_word' id='word_1_392' title='bbox 2432 2333 2780 2390; x_wconf 86' lang='lat' dir='ltr'><strong>stomachum</strong></span> <span class='ocrx_word' id='word_1_393' title='bbox 2823 2341 2878 2388; x_wconf 90' lang='lat' dir='ltr'><strong>et</strong></span> <span class='ocrx_word' id='word_1_394' title='bbox 2931 2332 3149 2404; x_wconf 74' lang='lat' dir='ltr'><strong>gulam,</strong></span> <span class='ocrx_word' id='word_1_395' title='bbox 3179 2333 3275 2388; x_wconf 91' lang='lat' dir='ltr'><strong>sed</strong></span> <span class='ocrx_word' id='word_1_396' title='bbox 3318 2343 3374 2388; x_wconf 91' lang='lat' dir='ltr'><strong>et</strong></span> <span class='ocrx_word' id='word_1_397' title='bbox 3402 2333 3647 2405; x_wconf 74' lang='lat' dir='ltr'><strong>linguam</strong></span> 
     </span>
    </p>
   </div>
   <div class='ocr_carea' id='block_1_52' title="bbox 2055 2423 3653 2496">
    <p class='ocr_par' dir='ltr' id='par_1_52' title="bbox 2055 2423 3653 2496">
     <span class='ocr_line' id='line_1_52' title="bbox 2055 2423 3653 2496; baseline -0.001 -16"><span class='ocrx_word' id='word_1_398' title='bbox 2055 2426 2339 2496; x_wconf 88' lang='lat' dir='ltr'><strong>ipsam,ae</strong></span> <span class='ocrx_word' id='word_1_399' title='bbox 2367 2424 2537 2480; x_wconf 87' lang='lat' dir='ltr'><strong>etiam</strong></span> <span class='ocrx_word' id='word_1_400' title='bbox 2579 2423 2774 2480; x_wconf 88' lang='lat' dir='ltr'><strong>dentes</strong></span> <span class='ocrx_word' id='word_1_401' title='bbox 2797 2424 3073 2478; x_wconf 88' lang='lat' dir='ltr'><strong>demulcet</strong></span> <span class='ocrx_word' id='word_1_402' title='bbox 3102 2433 3267 2494; x_wconf 91' lang='lat' dir='ltr'><strong>atque</strong></span> <span class='ocrx_word' id='word_1_403' title='bbox 3305 2425 3576 2494; x_wconf 77' lang='lat' dir='ltr'><strong>perungit,</strong></span> <span class='ocrx_word' id='word_1_404' title='bbox 3596 2438 3653 2478; x_wconf 92' lang='lat' dir='ltr'><strong>et</strong></span> 
     </span>
    </p>
   </div>
   <div class='ocr_carea' id='block_1_53' title="bbox 2054 2515 3650 2591">
    <p class='ocr_par' dir='ltr' id='par_1_53' title="bbox 2054 2515 3650 2591">
     <span class='ocr_line' id='line_1_53' title="bbox 2054 2515 3650 2591; baseline -0.003 -15"><span class='ocrx_word' id='word_1_405' title='bbox 2054 2521 2205 2591; x_wconf 89' lang='lat' dir='ltr'><strong>ipsos</strong></span> <span class='ocrx_word' id='word_1_406' title='bbox 2223 2519 2353 2574; x_wconf 90' lang='lat' dir='ltr'><strong>item</strong></span> <span class='ocrx_word' id='word_1_407' title='bbox 2366 2517 2435 2573; x_wconf 91' lang='lat' dir='ltr'><strong>ad</strong></span> <span class='ocrx_word' id='word_1_408' title='bbox 2460 2518 2723 2574; x_wconf 88' lang='lat' dir='ltr'><strong>humores</strong></span> <span class='ocrx_word' id='word_1_409' title='bbox 2741 2515 3118 2574; x_wconf 76' lang='lat' dir='ltr'><strong>excernendos</strong></span> <span class='ocrx_word' id='word_1_410' title='bbox 3136 2516 3357 2572; x_wconf 83' lang='lat' dir='ltr'><strong>excitat.</strong></span> <span class='ocrx_word' id='word_1_411' title='bbox 3377 2515 3650 2572; x_wconf 66' lang='lat' dir='ltr'><strong>Prwterea</strong></span> 
     </span>
    </p>
   </div>
   <div class='ocr_carea' id='block_1_54' title="bbox 2053 2611 3651 2681">
    <p class='ocr_par' dir='ltr' id='par_1_54' title="bbox 2053 2611 3651 2681">
     <span class='ocr_line' id='line_1_54' title="bbox 2053 2611 3651 2681; baseline -0.003 -13"><span class='ocrx_word' id='word_1_412' title='bbox 2053 2627 2181 2669; x_wconf 91' lang='lat' dir='ltr'><strong>cum</strong></span> <span class='ocrx_word' id='word_1_413' title='bbox 2215 2612 2476 2668; x_wconf 85' lang='lat' dir='ltr'><strong>omnibus</strong></span> <span class='ocrx_word' id='word_1_414' title='bbox 2521 2611 2745 2666; x_wconf 81' lang='lat' dir='ltr'><strong>ossibus</strong></span> <span class='ocrx_word' id='word_1_415' title='bbox 2788 2621 2982 2664; x_wconf 90' lang='lat' dir='ltr'><strong>natura</strong></span> <span class='ocrx_word' id='word_1_416' title='bbox 3035 2619 3215 2665; x_wconf 88' lang='lat' dir='ltr'><strong>cutem</strong></span> <span class='ocrx_word' id='word_1_417' title='bbox 3258 2613 3651 2681; x_wconf 84' lang='lat' dir='ltr'><strong>musculosque</strong></span> 
     </span>
    </p>
   </div>
   <div class='ocr_carea' id='block_1_55' title="bbox 2055 2702 3651 2774">
    <p class='ocr_par' dir='ltr' id='par_1_55' title="bbox 2055 2702 3651 2774">
     <span class='ocr_line' id='line_1_55' title="bbox 2055 2702 3651 2774; baseline -0.003 -14"><span class='ocrx_word' id='word_1_418' title='bbox 2055 2704 2385 2768; x_wconf 81' lang='lat' dir='ltr'><strong>obduxerit,</strong></span> <span class='ocrx_word' id='word_1_419' title='bbox 2429 2703 2566 2759; x_wconf 91' lang='lat' dir='ltr'><strong>nudi</strong></span> <span class='ocrx_word' id='word_1_420' title='bbox 2602 2703 2705 2774; x_wconf 84' lang='lat' dir='ltr'><strong>ipsi</strong></span> <span class='ocrx_word' id='word_1_421' title='bbox 2759 2702 3056 2772; x_wconf 84' lang='lat' dir='ltr'><strong>omnisque</strong></span> <span class='ocrx_word' id='word_1_422' title='bbox 3101 2702 3357 2774; x_wconf 74' lang='lat' dir='ltr'><strong>tegminis</strong></span> <span class='ocrx_word' id='word_1_423' title='bbox 3398 2710 3651 2772; x_wconf 82' lang='lat' dir='ltr'><strong>expertes</strong></span> 
     </span>
    </p>
   </div>
   <div class='ocr_carea' id='block_1_56' title="bbox 2054 2801 3651 2873">
    <p class='ocr_par' dir='ltr' id='par_1_56' title="bbox 2054 2801 3651 2873">
     <span class='ocr_line' id='line_1_56' title="bbox 2054 2801 3651 2873; baseline -0.001 -13"><span class='ocrx_word' id='word_1_424' title='bbox 2054 2805 2330 2861; x_wconf 87' lang='lat' dir='ltr'><strong>visuntur.</strong></span> <span class='ocrx_word' id='word_1_425' title='bbox 2347 2804 2430 2861; x_wconf 82' lang='lat' dir='ltr'><strong>Ad</strong></span> <span class='ocrx_word' id='word_1_426' title='bbox 2444 2804 2562 2859; x_wconf 61' lang='lat' dir='ltr'><strong>hac</strong></span> <span class='ocrx_word' id='word_1_427' title='bbox 2579 2821 2594 2858; x_wconf 88' lang='lat'><strong>:</strong></span> <span class='ocrx_word' id='word_1_428' title='bbox 2613 2817 2884 2858; x_wconf 89' lang='lat' dir='ltr'><strong>annorum</strong></span> <span class='ocrx_word' id='word_1_429' title='bbox 2904 2801 3130 2873; x_wconf 86' lang='lat' dir='ltr'><strong>periodo</strong></span> <span class='ocrx_word' id='word_1_430' title='bbox 3144 2818 3252 2858; x_wconf 92' lang='lat' dir='ltr'><strong>non</strong></span> <span class='ocrx_word' id='word_1_431' title='bbox 3275 2801 3442 2857; x_wconf 90' lang='lat' dir='ltr'><strong>modo</strong></span> <span class='ocrx_word' id='word_1_432' title='bbox 3459 2803 3651 2873; x_wconf 85' lang='lat' dir='ltr'><strong>primae</strong></span> 
     </span>
    </p>
   </div>
   <div class='ocr_carea' id='block_1_57' title="bbox 2054 2891 3649 2962">
    <p class='ocr_par' dir='ltr' id='par_1_57' title="bbox 2054 2891 3649 2962">
     <span class='ocr_line' id='line_1_57' title="bbox 2054 2891 3649 2962; baseline 0.001 -15"><span class='ocrx_word' id='word_1_433' title='bbox 2054 2892 2234 2947; x_wconf 65' lang='lat' dir='ltr'><strong>atatis</strong></span> <span class='ocrx_word' id='word_1_434' title='bbox 2265 2891 2633 2962; x_wconf 88' lang='lat' dir='ltr'><strong>temporibus.</strong></span> <span class='ocrx_word' id='word_1_435' title='bbox 2666 2906 2855 2946; x_wconf 89' lang='lat' dir='ltr'><strong>verum</strong></span> <span class='ocrx_word' id='word_1_436' title='bbox 2891 2891 3061 2946; x_wconf 90' lang='lat' dir='ltr'><strong>etiam</strong></span> <span class='ocrx_word' id='word_1_437' title='bbox 3089 2908 3213 2962; x_wconf 83' lang='lat' dir='ltr'><strong>quae</strong></span> <span class='ocrx_word' id='word_1_438' title='bbox 3240 2891 3469 2962; x_wconf 78' lang='lat' dir='ltr'><strong>reliquae</strong></span> <span class='ocrx_word' id='word_1_439' title='bbox 3498 2901 3649 2958; x_wconf 90' lang='lat' dir='ltr'><strong>sunt,</strong></span> 
     </span>
    </p>
   </div>
   <div class='ocr_carea' id='block_1_58' title="bbox 2053 2981 3654 3047">
    <p class='ocr_par' dir='ltr' id='par_1_58' title="bbox 2053 2981 3654 3047">
     <span class='ocr_line' id='line_1_58' title="bbox 2053 2981 3654 3047; baseline 0.001 -10"><span class='ocrx_word' id='word_1_440' title='bbox 2053 2993 2112 3037; x_wconf 89' lang='lat' dir='ltr'><strong>et</strong></span> <span class='ocrx_word' id='word_1_441' title='bbox 2149 2981 2204 3037; x_wconf 91' lang='lat' dir='ltr'><strong>in</strong></span> <span class='ocrx_word' id='word_1_442' title='bbox 2247 2983 2474 3038; x_wconf 88' lang='lat' dir='ltr'><strong>senibus</strong></span> <span class='ocrx_word' id='word_1_443' title='bbox 2516 2981 2646 3037; x_wconf 91' lang='lat' dir='ltr'><strong>item</strong></span> <span class='ocrx_word' id='word_1_444' title='bbox 2683 2981 2998 3047; x_wconf 82' lang='lat' dir='ltr'><strong>concidere,</strong></span> <span class='ocrx_word' id='word_1_445' title='bbox 3031 2996 3099 3037; x_wconf 90' lang='lat' dir='ltr'><strong>ac</strong></span> <span class='ocrx_word' id='word_1_446' title='bbox 3133 2982 3319 3037; x_wconf 92' lang='lat' dir='ltr'><strong>denuo</strong></span> <span class='ocrx_word' id='word_1_447' title='bbox 3363 2983 3497 3038; x_wconf 88' lang='lat' dir='ltr'><strong>oriri</strong></span> <span class='ocrx_word' id='word_1_448' title='bbox 3535 2999 3654 3038; x_wconf 81' lang='lat' dir='ltr'><strong>nie—</strong></span> 
     </span>
    </p>
   </div>
   <div class='ocr_carea' id='block_1_59' title="bbox 2058 3075 3651 3146">
    <p class='ocr_par' dir='ltr' id='par_1_59' title="bbox 2058 3075 3651 3146">
     <span class='ocr_line' id='line_1_59' title="bbox 2058 3075 3651 3146; baseline 0 -16"><span class='ocrx_word' id='word_1_449' title='bbox 2058 3075 2250 3131; x_wconf 78' lang='lat' dir='ltr'><strong>moria:</strong></span> <span class='ocrx_word' id='word_1_450' title='bbox 2302 3076 2582 3146; x_wconf 90' lang='lat' dir='ltr'><strong>proditum</strong></span> <span class='ocrx_word' id='word_1_451' title='bbox 2612 3084 2718 3132; x_wconf 89' lang='lat' dir='ltr'><strong>est.</strong></span> <span class='ocrx_word' id='word_1_452' title='bbox 2767 3075 3004 3141; x_wconf 83' lang='lat' dir='ltr'><strong>Quidam</strong></span> <span class='ocrx_word' id='word_1_453' title='bbox 3045 3083 3230 3129; x_wconf 89' lang='lat' dir='ltr'><strong>autem</strong></span> <span class='ocrx_word' id='word_1_454' title='bbox 3277 3090 3404 3130; x_wconf 89' lang='lat' dir='ltr'><strong>raro</strong></span> <span class='ocrx_word' id='word_1_455' title='bbox 3439 3075 3651 3142; x_wconf 88' lang='lat' dir='ltr'><strong>ordine,</strong></span> 
     </span>
    </p>
   </div>
   <div class='ocr_carea' id='block_1_60' title="bbox 345 3153 1947 3247">
    <p class='ocr_par' dir='ltr' id='par_1_60' title="bbox 345 3170 1947 3247">
     <span class='ocr_line' id='line_1_60' title="bbox 345 3170 1947 3247; baseline 0.002 -23"><span class='ocrx_word' id='word_1_456' title='bbox 345 3171 573 3243; x_wconf 76' lang='grc' dir='ltr'><strong>ἀραιοὶ,</strong></span> <span class='ocrx_word' id='word_1_457' title='bbox 607 3172 658 3224; x_wconf 79' lang='grc' dir='ltr'><strong>οἱ</strong></span> <span class='ocrx_word' id='word_1_458' title='bbox 689 3170 748 3224; x_wconf 81' lang='grc' dir='ltr'><strong>δὲ</strong></span> <span class='ocrx_word' id='word_1_459' title='bbox 789 3172 1008 3226; x_wconf 81' lang='grc' dir='ltr'>πυκνοί’</span> <span class='ocrx_word' id='word_1_460' title='bbox 1039 3170 1194 3227; x_wconf 77' lang='grc' dir='ltr'><strong>ἄλλοι</strong></span> <span class='ocrx_word' id='word_1_461' title='bbox 1231 3173 1488 3245; x_wconf 83' lang='grc' dir='ltr'><strong>μεγάλοι,</strong></span> <span class='ocrx_word' id='word_1_462' title='bbox 1518 3174 1616 3228; x_wconf 76' lang='grc' dir='ltr'>καὶ</span> <span class='ocrx_word' id='word_1_463' title='bbox 1642 3174 1824 3247; x_wconf 76' lang='grc' dir='ltr'><strong>ἕτεροι</strong></span> <span class='ocrx_word' id='word_1_464' title='bbox 1857 3191 1947 3246; x_wconf 87' lang='grc' dir='ltr'><strong>μι-</strong></span> 
     </span>
    </p>
   </div>
   <div class='ocr_carea' id='block_1_61' title="bbox 2052 3153 3654 3247">
    <p class='ocr_par' dir='ltr' id='par_1_61' title="bbox 2058 3166 3654 3238">
     <span class='ocr_line' id='line_1_61' title="bbox 2058 3166 3654 3238; baseline -0.001 -15"><span class='ocrx_word' id='word_1_465' title='bbox 2058 3168 2152 3223; x_wconf 86' lang='lat' dir='ltr'><strong>alii</strong></span> <span class='ocrx_word' id='word_1_466' title='bbox 2181 3168 2377 3236; x_wconf 88' lang='lat' dir='ltr'><strong>denso,</strong></span> <span class='ocrx_word' id='word_1_467' title='bbox 2417 3168 2674 3222; x_wconf 90' lang='lat' dir='ltr'><strong>nonnulli</strong></span> <span class='ocrx_word' id='word_1_468' title='bbox 2704 3167 2919 3230; x_wconf 87' lang='lat' dir='ltr'><strong>breves.</strong></span> <span class='ocrx_word' id='word_1_469' title='bbox 2947 3167 3242 3238; x_wconf 87' lang='lat' dir='ltr'><strong>parvique,</strong></span> <span class='ocrx_word' id='word_1_470' title='bbox 3278 3167 3370 3221; x_wconf 90' lang='lat' dir='ltr'><strong>alii</strong></span> <span class='ocrx_word' id='word_1_471' title='bbox 3405 3166 3654 3238; x_wconf 86' lang='lat' dir='ltr'><strong>ingentes</strong></span> 
     </span>
    </p>
   </div>
   <div class='ocr_carea' id='block_1_62' title="bbox 345 3263 1952 3336">
    <p class='ocr_par' dir='ltr' id='par_1_62' title="bbox 345 3263 1952 3336">
     <span class='ocr_line' id='line_1_62' title="bbox 345 3263 1952 3336; baseline 0.002 -20"><span class='ocrx_word' id='word_1_472' title='bbox 345 3264 493 3334; x_wconf 78' lang='grc' dir='ltr'>κροί”</span> <span class='ocrx_word' id='word_1_473' title='bbox 529 3263 686 3318; x_wconf 77' lang='grc' dir='ltr'><strong>ἄλλοι</strong></span> <span class='ocrx_word' id='word_1_474' title='bbox 731 3269 1007 3336; x_wconf 72' lang='grc' dir='ltr'><strong>κογχωτοὶ</strong></span> <span class='ocrx_word' id='word_1_475' title='bbox 1029 3305 1046 3332; x_wconf 95' lang='grc'><strong>,</strong></span> <span class='ocrx_word' id='word_1_476' title='bbox 1095 3266 1192 3319; x_wconf 79' lang='grc' dir='ltr'><strong>καὶ</strong></span> <span class='ocrx_word' id='word_1_477' title='bbox 1219 3265 1374 3320; x_wconf 78' lang='grc' dir='ltr'><strong>ἄλλοι</strong></span> <span class='ocrx_word' id='word_1_478' title='bbox 1409 3265 1531 3320; x_wconf 86' lang='grc' dir='ltr'>κατ’</span> <span class='ocrx_word' id='word_1_479' title='bbox 1563 3265 1787 3320; x_wconf 83' lang='grc' dir='ltr'><strong>εὐθεῖαν</strong></span> <span class='ocrx_word' id='word_1_480' title='bbox 1830 3267 1952 3320; x_wconf 82' lang='grc' dir='ltr'>κεί-</span> 
     </span>
    </p>
   </div>
   <div class='ocr_carea' id='block_1_63' title="bbox 345 3355 1952 3428">
    <p class='ocr_par' dir='ltr' id='par_1_63' title="bbox 345 3355 1952 3428">
     <span class='ocr_line' id='line_1_63' title="bbox 345 3355 1952 3428; baseline 0.002 -20"><span class='ocrx_word' id='word_1_481' title='bbox 345 3371 542 3424; x_wconf 87' lang='grc' dir='ltr'><strong>μενοι·</strong></span> <span class='ocrx_word' id='word_1_482' title='bbox 576 3355 637 3409; x_wconf 88' lang='grc' dir='ltr'><strong>οὺ</strong></span> <span class='ocrx_word' id='word_1_483' title='bbox 675 3355 842 3425; x_wconf 87' lang='grc' dir='ltr'><strong>μόνον</strong></span> <span class='ocrx_word' id='word_1_484' title='bbox 873 3357 970 3409; x_wconf 78' lang='grc' dir='ltr'><strong>ἐπὶ</strong></span> <span class='ocrx_word' id='word_1_485' title='bbox 1017 3356 1332 3428; x_wconf 82' lang='grc' dir='ltr'><strong>ἀνθρώπων</strong></span> <span class='ocrx_word' id='word_1_486' title='bbox 1360 3359 1430 3425; x_wconf 79' lang='grc'><strong>’³,</strong></span> <span class='ocrx_word' id='word_1_487' title='bbox 1479 3358 1620 3412; x_wconf 81' lang='grc' dir='ltr'><strong>ἀλλὰ</strong></span> <span class='ocrx_word' id='word_1_488' title='bbox 1650 3359 1748 3412; x_wconf 76' lang='grc' dir='ltr'>καὶ</span> <span class='ocrx_word' id='word_1_489' title='bbox 1794 3357 1952 3424; x_wconf 78' lang='grc' dir='ltr'><strong>ζώων</strong></span> 
     </span>
    </p>
   </div>
   <div class='ocr_carea' id='block_1_64' title="bbox 345 3446 1950 3521">
    <p class='ocr_par' dir='ltr' id='par_1_64' title="bbox 345 3446 1950 3521">
     <span class='ocr_line' id='line_1_64' title="bbox 345 3446 1950 3521; baseline 0.002 -21"><span class='ocrx_word' id='word_1_490' title='bbox 345 3446 575 3518; x_wconf 75' lang='grc' dir='ltr'><strong>ἑτέρων.</strong></span> <span class='ocrx_word' id='word_1_491' title='bbox 604 3447 718 3500; x_wconf 82' lang='grc' dir='ltr'><strong>Καὶ</strong></span> <span class='ocrx_word' id='word_1_492' title='bbox 747 3447 858 3518; x_wconf 87' lang='grc' dir='ltr'><strong>γάρ</strong></span> <span class='ocrx_word' id='word_1_493' title='bbox 887 3447 916 3500; x_wconf 90' lang='grc' dir='ltr'><strong>ὀ</strong></span> <span class='ocrx_word' id='word_1_494' title='bbox 960 3448 1345 3521; x_wconf 81' lang='grc' dir='ltr'><strong>Ἀριστοτέλης</strong></span> <span class='ocrx_word' id='word_1_495' title='bbox 1368 3487 1383 3514; x_wconf 91' lang='grc'><strong>,</strong></span> <span class='ocrx_word' id='word_1_496' title='bbox 1415 3448 1487 3502; x_wconf 83' lang='grc' dir='ltr'><strong>τά</strong></span> <span class='ocrx_word' id='word_1_497' title='bbox 1518 3449 1620 3520; x_wconf 80' lang='grc' dir='ltr'><strong>μὲν</strong></span> <span class='ocrx_word' id='word_1_498' title='bbox 1647 3449 1759 3503; x_wconf 88' lang='grc' dir='ltr'><strong>τῶν</strong></span> <span class='ocrx_word' id='word_1_499' title='bbox 1792 3449 1950 3514; x_wconf 81' lang='grc' dir='ltr'><strong>ζώων</strong></span> 
     </span>
    </p>
   </div>
   <div class='ocr_carea' id='block_1_65' title="bbox 345 3535 1951 3611">
    <p class='ocr_par' dir='ltr' id='par_1_65' title="bbox 345 3535 1951 3611">
     <span class='ocr_line' id='line_1_65' title="bbox 345 3535 1951 3611; baseline 0.001 -19"><span class='ocrx_word' id='word_1_500' title='bbox 345 3539 664 3609; x_wconf 82' lang='grc' dir='ltr'><strong>ἀμφόδοντα</strong></span> <span class='ocrx_word' id='word_1_501' title='bbox 703 3537 884 3592; x_wconf 86' lang='grc' dir='ltr'><strong>καλεῖ·</strong></span> <span class='ocrx_word' id='word_1_502' title='bbox 918 3535 1034 3592; x_wconf 76' lang='grc' dir='ltr'><strong>οἷον</strong></span> <span class='ocrx_word' id='word_1_503' title='bbox 1062 3539 1374 3611; x_wconf 76' lang='grc' dir='ltr'><strong>ἄνθρωπον,</strong></span> <span class='ocrx_word' id='word_1_504' title='bbox 1417 3539 1607 3606; x_wconf 82' lang='grc' dir='ltr'><strong>ἵππον,</strong></span> <span class='ocrx_word' id='word_1_505' title='bbox 1654 3540 1797 3606; x_wconf 82' lang='grc' dir='ltr'><strong>ὄνον,</strong></span> <span class='ocrx_word' id='word_1_506' title='bbox 1831 3540 1951 3594; x_wconf 77' lang='grc' dir='ltr'><strong>ἑλέ-</strong></span> 
     </span>
    </p>
   </div>
   <div class='ocr_carea' id='block_1_66' title="bbox 348 3627 1947 3703">
    <p class='ocr_par' dir='ltr' id='par_1_66' title="bbox 348 3627 1947 3703">
     <span class='ocr_line' id='line_1_66' title="bbox 348 3627 1947 3703; baseline 0.002 -20"><span class='ocrx_word' id='word_1_507' title='bbox 348 3646 547 3698; x_wconf 81' lang='grc' dir='ltr'><strong>φανταο</strong></span> <span class='ocrx_word' id='word_1_508' title='bbox 597 3629 671 3683; x_wconf 82' lang='grc' dir='ltr'><strong>τά</strong></span> <span class='ocrx_word' id='word_1_509' title='bbox 713 3629 773 3682; x_wconf 77' lang='grc' dir='ltr'><strong>δὲ</strong></span> <span class='ocrx_word' id='word_1_510' title='bbox 827 3630 1265 3703; x_wconf 78' lang='grc' dir='ltr'><strong>καρχαρόδονταο</strong></span> <span class='ocrx_word' id='word_1_511' title='bbox 1315 3627 1431 3684; x_wconf 76' lang='grc' dir='ltr'><strong>οἷον</strong></span> <span class='ocrx_word' id='word_1_512' title='bbox 1477 3630 1675 3686; x_wconf 85' lang='grc' dir='ltr'><strong>λέοντα</strong></span> <span class='ocrx_word' id='word_1_513' title='bbox 1700 3671 1716 3698; x_wconf 94' lang='grc'><strong>,</strong></span> <span class='ocrx_word' id='word_1_514' title='bbox 1757 3631 1947 3703; x_wconf 82' lang='grc' dir='ltr'><strong>λύκον,</strong></span> 
     </span>
    </p>
   </div>
   <div class='ocr_carea' id='block_1_67' title="bbox 347 3718 1944 3796">
    <p class='ocr_par' dir='ltr' id='par_1_67' title="bbox 347 3718 1944 3796">
     <span class='ocr_line' id='line_1_67' title="bbox 347 3718 1944 3796; baseline 0.001 -21"><span class='ocrx_word' id='word_1_515' title='bbox 347 3721 554 3792; x_wconf 83' lang='grc' dir='ltr'>ἄρκτον</span> <span class='ocrx_word' id='word_1_516' title='bbox 584 3722 652 3786; x_wconf 74' lang='grc'><strong>⁸³,</strong></span> <span class='ocrx_word' id='word_1_517' title='bbox 701 3721 973 3792; x_wconf 83' lang='grc' dir='ltr'><strong>πάρδαλιν</strong></span> <span class='ocrx_word' id='word_1_518' title='bbox 993 3738 1006 3753; x_wconf 89' lang='grc'><strong>·</strong></span> <span class='ocrx_word' id='word_1_519' title='bbox 1045 3722 1114 3776; x_wconf 81' lang='grc' dir='ltr'><strong>τά</strong></span> <span class='ocrx_word' id='word_1_520' title='bbox 1146 3722 1204 3776; x_wconf 85' lang='grc' dir='ltr'><strong>δὲ</strong></span> <span class='ocrx_word' id='word_1_521' title='bbox 1233 3723 1527 3777; x_wconf 84' lang='grc' dir='ltr'><strong>συνόδοντα</strong></span> <span class='ocrx_word' id='word_1_522' title='bbox 1560 3723 1627 3755; x_wconf 76' lang='grc'><strong>’³⁸</strong></span> <span class='ocrx_word' id='word_1_523' title='bbox 1657 3718 1770 3777; x_wconf 73' lang='grc' dir='ltr'><strong>οἷον</strong></span> <span class='ocrx_word' id='word_1_524' title='bbox 1807 3723 1944 3796; x_wconf 85' lang='grc' dir='ltr'><strong>πρό-</strong></span> 
     </span>
    </p>
   </div>
   <div class='ocr_carea' id='block_1_68' title="bbox 347 3810 1952 3888">
    <p class='ocr_par' dir='ltr' id='par_1_68' title="bbox 347 3810 1952 3888">
     <span class='ocr_line' id='line_1_68' title="bbox 347 3810 1952 3888; baseline 0.006 -26"><span class='ocrx_word' id='word_1_525' title='bbox 347 3813 536 3878; x_wconf 75' lang='grc' dir='ltr'><strong>ϐατον,</strong></span> <span class='ocrx_word' id='word_1_526' title='bbox 575 3812 727 3884; x_wconf 81' lang='grc' dir='ltr'><strong>βοῦν,</strong></span> <span class='ocrx_word' id='word_1_527' title='bbox 758 3810 912 3885; x_wconf 76' lang='grc' dir='ltr'><strong>αἶγα,</strong></span> <span class='ocrx_word' id='word_1_528' title='bbox 944 3815 1184 3887; x_wconf 83' lang='grc' dir='ltr'><strong>δορκάδα</strong></span> <span class='ocrx_word' id='word_1_529' title='bbox 1203 3832 1218 3848; x_wconf 86' lang='grc'><strong>·</strong></span> <span class='ocrx_word' id='word_1_530' title='bbox 1247 3816 1316 3870; x_wconf 81' lang='grc' dir='ltr'><strong>τὰ</strong></span> <span class='ocrx_word' id='word_1_531' title='bbox 1343 3815 1400 3870; x_wconf 86' lang='grc' dir='ltr'><strong>δὲ</strong></span> <span class='ocrx_word' id='word_1_532' title='bbox 1430 3815 1806 3888; x_wconf 87' lang='grc' dir='ltr'><strong>χαυλιόδοντα·</strong></span> <span class='ocrx_word' id='word_1_533' title='bbox 1837 3810 1952 3872; x_wconf 75' lang='grc' dir='ltr'><strong>οἷον</strong></span> 
     </span>
    </p>
   </div>
   <div class='ocr_carea' id='block_1_69' title="bbox 347 3907 1951 3983">
    <p class='ocr_par' dir='ltr' id='par_1_69' title="bbox 347 3907 1951 3983">
     <span class='ocr_line' id='line_1_69' title="bbox 347 3907 1951 3983; baseline 0.002 -24"><span class='ocrx_word' id='word_1_534' title='bbox 347 3907 555 3977; x_wconf 78' lang='grc' dir='ltr'><strong>χοῖρον,</strong></span> <span class='ocrx_word' id='word_1_535' title='bbox 607 3907 947 3978; x_wconf 84' lang='grc' dir='ltr'><strong>ἀσφάλαγγα</strong></span> <span class='ocrx_word' id='word_1_536' title='bbox 972 3907 1041 3972; x_wconf 66' lang='grc'><strong>’⁵,</strong></span> <span class='ocrx_word' id='word_1_537' title='bbox 1075 3909 1172 3962; x_wconf 72' lang='grc' dir='ltr'>καὶ</span> <span class='ocrx_word' id='word_1_538' title='bbox 1201 3910 1307 3964; x_wconf 84' lang='grc' dir='ltr'><strong>ὅσα</strong></span> <span class='ocrx_word' id='word_1_539' title='bbox 1351 3911 1480 3974; x_wconf 80' lang='grc' dir='ltr'><strong>τοὺς</strong></span> <span class='ocrx_word' id='word_1_540' title='bbox 1511 3909 1734 3974; x_wconf 87' lang='grc' dir='ltr'><strong>ὀδόντας</strong></span> <span class='ocrx_word' id='word_1_541' title='bbox 1779 3910 1951 3983; x_wconf 63' lang='grc' dir='ltr'>ὑπερ.</span> 
     </span>
    </p>
   </div>
   <div class='ocr_carea' id='block_1_70' title="bbox 349 3997 1952 4071">
    <p class='ocr_par' dir='ltr' id='par_1_70' title="bbox 349 3997 1952 4071">
     <span class='ocr_line' id='line_1_70' title="bbox 349 3997 1952 4071; baseline 0.003 -21"><span class='ocrx_word' id='word_1_542' title='bbox 349 3997 640 4066; x_wconf 86' lang='grc' dir='ltr'><strong>φαίνουσιν</strong></span> <span class='ocrx_word' id='word_1_543' title='bbox 681 3999 808 4067; x_wconf 74' lang='grc' dir='ltr'>ἔξω.</span> <span class='ocrx_word' id='word_1_544' title='bbox 849 3999 992 4064; x_wconf 81' lang='grc' dir='ltr'><strong>Τοὺς</strong></span> <span class='ocrx_word' id='word_1_545' title='bbox 1025 4000 1083 4054; x_wconf 85' lang='grc' dir='ltr'><strong>δὲ</strong></span> <span class='ocrx_word' id='word_1_546' title='bbox 1123 3999 1354 4071; x_wconf 87' lang='grc' dir='ltr'><strong>μυλίτας</strong></span> <span class='ocrx_word' id='word_1_547' title='bbox 1383 4001 1492 4054; x_wconf 86' lang='grc' dir='ltr'><strong>τῶν</strong></span> <span class='ocrx_word' id='word_1_548' title='bbox 1536 4001 1768 4055; x_wconf 89' lang='grc' dir='ltr'><strong>ὀδόντων</strong></span> <span class='ocrx_word' id='word_1_549' title='bbox 1804 4002 1952 4066; x_wconf 77' lang='grc' dir='ltr'><strong>τινὲς</strong></span> 
     </span>
    </p>
   </div>
   <div class='ocr_carea' id='block_1_71' title="bbox 346 4091 1950 4170">
    <p class='ocr_par' dir='ltr' id='par_1_71' title="bbox 346 4091 1950 4170">
     <span class='ocr_line' id='line_1_71' title="bbox 346 4091 1950 4170; baseline 0.002 -25"><span class='ocrx_word' id='word_1_550' title='bbox 346 4091 850 4162; x_wconf 67' lang='grc' dir='ltr'><strong>σωφρονιστῆρας</strong></span> <span class='ocrx_word' id='word_1_551' title='bbox 884 4092 1180 4160; x_wconf 76' lang='grc' dir='ltr'><strong>ἐκάλεσαν,</strong></span> <span class='ocrx_word' id='word_1_552' title='bbox 1212 4093 1304 4148; x_wconf 83' lang='grc' dir='ltr'><strong>διὰ</strong></span> <span class='ocrx_word' id='word_1_553' title='bbox 1331 4092 1394 4146; x_wconf 82' lang='grc' dir='ltr'><strong>τὸ</strong></span> <span class='ocrx_word' id='word_1_554' title='bbox 1421 4093 1657 4170; x_wconf 78' lang='grc' dir='ltr'><strong>φύεσθαι</strong></span> <span class='ocrx_word' id='word_1_555' title='bbox 1688 4111 1756 4147; x_wconf 87' lang='grc' dir='ltr'><strong>πε</strong></span> <span class='ocrx_word' id='word_1_556' title='bbox 1765 4095 1822 4165; x_wconf 75' lang='lat' dir='ltr'><strong>pl.</strong></span> <span class='ocrx_word' id='word_1_557' title='bbox 1848 4093 1950 4166; x_wconf 79' lang='grc' dir='ltr'><strong>τὴν</strong></span> 
     </span>
    </p>
   </div>
   <div class='ocr_carea' id='block_1_72' title="bbox 345 4179 1575 4258">
    <p class='ocr_par' dir='ltr' id='par_1_72' title="bbox 345 4179 1575 4258">
     <span class='ocr_line' id='line_1_72' title="bbox 345 4179 1575 4258; baseline 0.004 -24"><span class='ocrx_word' id='word_1_558' title='bbox 345 4179 442 4234; x_wconf 82' lang='grc' dir='ltr'><strong>τοῦ</strong></span> <span class='ocrx_word' id='word_1_559' title='bbox 468 4180 739 4253; x_wconf 79' lang='grc' dir='ltr'><strong>ἄρχεσθαι</strong></span> <span class='ocrx_word' id='word_1_560' title='bbox 767 4186 989 4255; x_wconf 81' lang='grc' dir='ltr'><strong>φρονεῖν</strong></span> <span class='ocrx_word' id='word_1_561' title='bbox 1015 4184 1145 4249; x_wconf 84' lang='grc' dir='ltr'><strong>τοὺς</strong></span> <span class='ocrx_word' id='word_1_562' title='bbox 1178 4184 1376 4248; x_wconf 86' lang='grc' dir='ltr'><strong>παῖδας</strong></span> <span class='ocrx_word' id='word_1_563' title='bbox 1403 4184 1575 4258; x_wconf 83' lang='grc' dir='ltr'><strong>ὥραν.</strong></span> 
     </span>
    </p>
   </div>
   <div class='ocr_carea' id='block_1_73' title="bbox 2058 3257 3654 3328">
    <p class='ocr_par' dir='ltr' id='par_1_73' title="bbox 2058 3257 3654 3328">
     <span class='ocr_line' id='line_1_73' title="bbox 2058 3257 3654 3328; baseline -0.002 -13"><span class='ocrx_word' id='word_1_564' title='bbox 2058 3259 2490 3315; x_wconf 89' lang='lat' dir='ltr'><strong>constituuntur.</strong></span> <span class='ocrx_word' id='word_1_565' title='bbox 2529 3258 2672 3313; x_wconf 86' lang='lat' dir='ltr'><strong>Sunt</strong></span> <span class='ocrx_word' id='word_1_566' title='bbox 2719 3267 2776 3313; x_wconf 88' lang='lat' dir='ltr'><strong>et</strong></span> <span class='ocrx_word' id='word_1_567' title='bbox 2823 3257 3157 3328; x_wconf 86' lang='lat' dir='ltr'><strong>conchyliati</strong></span> <span class='ocrx_word' id='word_1_568' title='bbox 3191 3257 3395 3327; x_wconf 90' lang='lat' dir='ltr'><strong>aliqui,</strong></span> <span class='ocrx_word' id='word_1_569' title='bbox 3429 3257 3654 3327; x_wconf 89' lang='lat' dir='ltr'><strong>quidam</strong></span> 
     </span>
    </p>
   </div>
   <div class='ocr_carea' id='block_1_74' title="bbox 2057 3349 3649 3420">
    <p class='ocr_par' dir='ltr' id='par_1_74' title="bbox 2057 3349 3649 3420">
     <span class='ocr_line' id='line_1_74' title="bbox 2057 3349 3649 3420; baseline -0.001 -14"><span class='ocrx_word' id='word_1_570' title='bbox 2057 3366 2191 3406; x_wconf 87' lang='lat' dir='ltr'><strong>vero</strong></span> <span class='ocrx_word' id='word_1_571' title='bbox 2224 3363 2376 3407; x_wconf 91' lang='lat' dir='ltr'><strong>recto</strong></span> <span class='ocrx_word' id='word_1_572' title='bbox 2426 3349 2680 3419; x_wconf 89' lang='lat' dir='ltr'><strong>dispositi</strong></span> <span class='ocrx_word' id='word_1_573' title='bbox 2710 3349 2925 3416; x_wconf 91' lang='lat' dir='ltr'><strong>ordine,</strong></span> <span class='ocrx_word' id='word_1_574' title='bbox 2956 3358 3012 3405; x_wconf 90' lang='lat' dir='ltr'><strong>et</strong></span> <span class='ocrx_word' id='word_1_575' title='bbox 3040 3349 3359 3418; x_wconf 84' lang='lat' dir='ltr'><strong>hujusmodi</strong></span> <span class='ocrx_word' id='word_1_576' title='bbox 3407 3349 3649 3420; x_wconf 83' lang='lat' dir='ltr'><strong>generis,</strong></span> 
     </span>
    </p>
   </div>
   <div class='ocr_carea' id='block_1_75' title="bbox 2059 3441 3653 3508">
    <p class='ocr_par' dir='ltr' id='par_1_75' title="bbox 2059 3441 3653 3508">
     <span class='ocr_line' id='line_1_75' title="bbox 2059 3441 3653 3508; baseline -0.001 -10"><span class='ocrx_word' id='word_1_577' title='bbox 2059 3459 2168 3498; x_wconf 88' lang='lat' dir='ltr'><strong>non</strong></span> <span class='ocrx_word' id='word_1_578' title='bbox 2211 3443 2372 3499; x_wconf 90' lang='lat' dir='ltr'><strong>modo</strong></span> <span class='ocrx_word' id='word_1_579' title='bbox 2400 3443 2455 3498; x_wconf 92' lang='lat' dir='ltr'><strong>in</strong></span> <span class='ocrx_word' id='word_1_580' title='bbox 2497 3441 2836 3508; x_wconf 90' lang='lat' dir='ltr'><strong>hominibus,</strong></span> <span class='ocrx_word' id='word_1_581' title='bbox 2888 3441 2985 3497; x_wconf 88' lang='lat' dir='ltr'><strong>sed</strong></span> <span class='ocrx_word' id='word_1_582' title='bbox 3039 3442 3203 3496; x_wconf 90' lang='lat' dir='ltr'><strong>etiam</strong></span> <span class='ocrx_word' id='word_1_583' title='bbox 3264 3442 3316 3496; x_wconf 93' lang='lat' dir='ltr'><strong>in</strong></span> <span class='ocrx_word' id='word_1_584' title='bbox 3372 3441 3494 3496; x_wconf 85' lang='lat' dir='ltr'><strong>aliis</strong></span> <span class='ocrx_word' id='word_1_585' title='bbox 3529 3443 3653 3496; x_wconf 86' lang='lat' dir='ltr'><strong>ani-</strong></span> 
     </span>
    </p>
   </div>
   <div class='ocr_carea' id='block_1_76' title="bbox 2058 3534 3652 3606">
    <p class='ocr_par' dir='ltr' id='par_1_76' title="bbox 2058 3534 3652 3606">
     <span class='ocr_line' id='line_1_76' title="bbox 2058 3534 3652 3606; baseline 0 -16"><span class='ocrx_word' id='word_1_586' title='bbox 2058 3535 2296 3590; x_wconf 88' lang='lat' dir='ltr'><strong>malibus</strong></span> <span class='ocrx_word' id='word_1_587' title='bbox 2317 3536 2530 3606; x_wconf 90' lang='lat' dir='ltr'><strong>positos</strong></span> <span class='ocrx_word' id='word_1_588' title='bbox 2565 3548 2846 3590; x_wconf 90' lang='lat' dir='ltr'><strong>cerneres.</strong></span> <span class='ocrx_word' id='word_1_589' title='bbox 2891 3534 3172 3604; x_wconf 84' lang='lat' dir='ltr'><strong>Siquidem</strong></span> <span class='ocrx_word' id='word_1_590' title='bbox 3207 3535 3530 3592; x_wconf 84' lang='lat' dir='ltr'><strong>Aristoteles</strong></span> <span class='ocrx_word' id='word_1_591' title='bbox 3563 3537 3652 3590; x_wconf 88' lang='lat' dir='ltr'><strong>do-</strong></span> 
     </span>
    </p>
   </div>
   <div class='ocr_carea' id='block_1_77' title="bbox 2057 3626 3653 3698">
    <p class='ocr_par' dir='ltr' id='par_1_77' title="bbox 2057 3626 3653 3698">
     <span class='ocr_line' id='line_1_77' title="bbox 2057 3626 3653 3698; baseline 0 -15"><span class='ocrx_word' id='word_1_592' title='bbox 2057 3636 2146 3684; x_wconf 91' lang='lat' dir='ltr'><strong>cet</strong></span> <span class='ocrx_word' id='word_1_593' title='bbox 2173 3643 2296 3683; x_wconf 91' lang='lat' dir='ltr'><strong>esse</strong></span> <span class='ocrx_word' id='word_1_594' title='bbox 2326 3628 2586 3683; x_wconf 88' lang='lat' dir='ltr'><strong>animalia</strong></span> <span class='ocrx_word' id='word_1_595' title='bbox 2616 3627 2866 3698; x_wconf 61' lang='lat' dir='ltr'><strong>quadam</strong></span> <span class='ocrx_word' id='word_1_596' title='bbox 2894 3626 3155 3697; x_wconf 90' lang='lat' dir='ltr'><strong>utrinque</strong></span> <span class='ocrx_word' id='word_1_597' title='bbox 3175 3626 3396 3683; x_wconf 85' lang='lat' dir='ltr'><strong>dentata</strong></span> <span class='ocrx_word' id='word_1_598' title='bbox 3420 3645 3434 3696; x_wconf 92' lang='lat'><strong>;</strong></span> <span class='ocrx_word' id='word_1_599' title='bbox 3467 3643 3653 3684; x_wconf 81' lang='lat' dir='ltr'><strong>exem-</strong></span> 
     </span>
    </p>
   </div>
   <div class='ocr_carea' id='block_1_78' title="bbox 2058 3719 3648 3792">
    <p class='ocr_par' dir='ltr' id='par_1_78' title="bbox 2058 3719 3648 3792">
     <span class='ocr_line' id='line_1_78' title="bbox 2058 3719 3648 3792; baseline -0.001 -16"><span class='ocrx_word' id='word_1_600' title='bbox 2058 3722 2135 3792; x_wconf 93' lang='lat' dir='ltr'><strong>pli</strong></span> <span class='ocrx_word' id='word_1_601' title='bbox 2168 3720 2366 3791; x_wconf 77' lang='lat' dir='ltr'><strong>gratia,</strong></span> <span class='ocrx_word' id='word_1_602' title='bbox 2395 3719 2699 3787; x_wconf 88' lang='lat' dir='ltr'><strong>hominem,</strong></span> <span class='ocrx_word' id='word_1_603' title='bbox 2747 3734 2974 3790; x_wconf 88' lang='lat' dir='ltr'><strong>equum,</strong></span> <span class='ocrx_word' id='word_1_604' title='bbox 3008 3719 3247 3787; x_wconf 91' lang='lat' dir='ltr'><strong>asinum,</strong></span> <span class='ocrx_word' id='word_1_605' title='bbox 3281 3719 3648 3790; x_wconf 90' lang='lat' dir='ltr'><strong>elephantem.</strong></span> 
     </span>
    </p>
   </div>
   <div class='ocr_carea' id='block_1_79' title="bbox 2059 3811 3649 3880">
    <p class='ocr_par' dir='ltr' id='par_1_79' title="bbox 2059 3811 3649 3880">
     <span class='ocr_line' id='line_1_79' title="bbox 2059 3811 3649 3880; baseline -0.001 -12"><span class='ocrx_word' id='word_1_606' title='bbox 2059 3812 2324 3880; x_wconf 75' lang='lat' dir='ltr'><strong>Quaedam</strong></span> <span class='ocrx_word' id='word_1_607' title='bbox 2371 3827 2502 3867; x_wconf 86' lang='lat' dir='ltr'><strong>vero</strong></span> <span class='ocrx_word' id='word_1_608' title='bbox 2549 3811 2776 3868; x_wconf 89' lang='lat' dir='ltr'><strong>serratis</strong></span> <span class='ocrx_word' id='word_1_609' title='bbox 2833 3811 3110 3879; x_wconf 89' lang='lat' dir='ltr'><strong>dentibus,</strong></span> <span class='ocrx_word' id='word_1_610' title='bbox 3163 3820 3223 3866; x_wconf 92' lang='lat' dir='ltr'><strong>ut</strong></span> <span class='ocrx_word' id='word_1_611' title='bbox 3275 3812 3519 3878; x_wconf 90' lang='lat' dir='ltr'><strong>leonum,</strong></span> <span class='ocrx_word' id='word_1_612' title='bbox 3570 3813 3649 3868; x_wconf 89' lang='lat' dir='ltr'><strong>le-</strong></span> 
     </span>
    </p>
   </div>
   <div class='ocr_carea' id='block_1_80' title="bbox 2059 3905 3652 3978">
    <p class='ocr_par' dir='ltr' id='par_1_80' title="bbox 2059 3905 3652 3978">
     <span class='ocr_line' id='line_1_80' title="bbox 2059 3905 3652 3978; baseline 0 -17"><span class='ocrx_word' id='word_1_613' title='bbox 2059 3922 2292 3978; x_wconf 85' lang='lat' dir='ltr'><strong>porum,</strong></span> <span class='ocrx_word' id='word_1_614' title='bbox 2367 3919 2626 3961; x_wconf 90' lang='lat' dir='ltr'><strong>ursorum</strong></span> <span class='ocrx_word' id='word_1_615' title='bbox 2693 3920 2759 3962; x_wconf 89' lang='lat' dir='ltr'><strong>ac</strong></span> <span class='ocrx_word' id='word_1_616' title='bbox 2818 3905 3208 3976; x_wconf 86' lang='lat' dir='ltr'><strong>pantherarum</strong></span> <span class='ocrx_word' id='word_1_617' title='bbox 3275 3921 3485 3976; x_wconf 80' lang='lat' dir='ltr'><strong>genus;</strong></span> <span class='ocrx_word' id='word_1_618' title='bbox 3545 3907 3652 3961; x_wconf 86' lang='lat' dir='ltr'><strong>alia</strong></span> 
     </span>
    </p>
   </div>
   <div class='ocr_carea' id='block_1_81' title="bbox 2057 3999 3649 4071">
    <p class='ocr_par' dir='ltr' id='par_1_81' title="bbox 2057 3999 3649 4071">
     <span class='ocr_line' id='line_1_81' title="bbox 2057 3999 3649 4071; baseline 0.001 -15"><span class='ocrx_word' id='word_1_619' title='bbox 2057 4002 2410 4056; x_wconf 88' lang='lat' dir='ltr'><strong>continuatos</strong></span> <span class='ocrx_word' id='word_1_620' title='bbox 2475 3999 2732 4054; x_wconf 85' lang='lat' dir='ltr'><strong>habentia</strong></span> <span class='ocrx_word' id='word_1_621' title='bbox 2788 3999 3017 4067; x_wconf 90' lang='lat' dir='ltr'><strong>dentes,</strong></span> <span class='ocrx_word' id='word_1_622' title='bbox 3076 4015 3312 4068; x_wconf 89' lang='lat' dir='ltr'><strong>quorum</strong></span> <span class='ocrx_word' id='word_1_623' title='bbox 3364 4001 3649 4071; x_wconf 89' lang='lat' dir='ltr'><strong>pecudes,</strong></span> 
     </span>
    </p>
   </div>
   <div class='ocr_carea' id='block_1_82' title="bbox 2057 4091 3653 4163">
    <p class='ocr_par' dir='ltr' id='par_1_82' title="bbox 2057 4091 3653 4163">
     <span class='ocr_line' id='line_1_82' title="bbox 2057 4091 3653 4163; baseline 0 -15"><span class='ocrx_word' id='word_1_624' title='bbox 2057 4093 2247 4157; x_wconf 87' lang='lat' dir='ltr'><strong>boves,</strong></span> <span class='ocrx_word' id='word_1_625' title='bbox 2302 4107 2502 4163; x_wconf 77' lang='lat' dir='ltr'><strong>caprae,</strong></span> <span class='ocrx_word' id='word_1_626' title='bbox 2553 4091 2931 4162; x_wconf 88' lang='lat' dir='ltr'><strong>dorcadesque</strong></span> <span class='ocrx_word' id='word_1_627' title='bbox 2966 4100 3097 4147; x_wconf 91' lang='lat' dir='ltr'><strong>sunt</strong></span> <span class='ocrx_word' id='word_1_628' title='bbox 3153 4111 3166 4146; x_wconf 90' lang='lat'><strong>:</strong></span> <span class='ocrx_word' id='word_1_629' title='bbox 3224 4093 3487 4147; x_wconf 88' lang='lat' dir='ltr'><strong>nonnulla</strong></span> <span class='ocrx_word' id='word_1_630' title='bbox 3531 4109 3653 4163; x_wconf 67' lang='lat' dir='ltr'><strong>quae</strong></span> 
     </span>
    </p>
   </div>
   <div class='ocr_carea' id='block_1_83' title="bbox 2056 4185 3652 4256">
    <p class='ocr_par' dir='ltr' id='par_1_83' title="bbox 2056 4185 3652 4256">
     <span class='ocr_line' id='line_1_83' title="bbox 2056 4185 3652 4256; baseline 0.001 -16"><span class='ocrx_word' id='word_1_631' title='bbox 2056 4195 2308 4242; x_wconf 84' lang='lat' dir='ltr'><strong>exsertos</strong></span> <span class='ocrx_word' id='word_1_632' title='bbox 2361 4185 2686 4252; x_wconf 88' lang='lat' dir='ltr'><strong>sortiuntur,</strong></span> <span class='ocrx_word' id='word_1_633' title='bbox 2737 4194 2798 4240; x_wconf 92' lang='lat' dir='ltr'><strong>ut</strong></span> <span class='ocrx_word' id='word_1_634' title='bbox 2842 4200 3074 4255; x_wconf 89' lang='lat' dir='ltr'><strong>porcus,</strong></span> <span class='ocrx_word' id='word_1_635' title='bbox 3120 4185 3299 4255; x_wconf 82' lang='lat' dir='ltr'><strong>talpa,</strong></span> <span class='ocrx_word' id='word_1_636' title='bbox 3341 4197 3652 4256; x_wconf 82' lang='lat' dir='ltr'><strong>caeteratu</strong></span> 
     </span>
    </p>
   </div>
   <div class='ocr_carea' id='block_1_84' title="bbox 349 4272 3646 4352">
    <p class='ocr_par' dir='ltr' id='par_1_84' title="bbox 349 4272 3646 4352">
     <span class='ocr_line' id='line_1_84' title="bbox 349 4272 3646 4352; baseline 0.002 -27"><span class='ocrx_word' id='word_1_637' title='bbox 349 4272 666 4345; x_wconf 90' lang='lat' dir='ltr'><strong>hujusmodi</strong></span> <span class='ocrx_word' id='word_1_638' title='bbox 699 4291 822 4347; x_wconf 82' lang='lat' dir='ltr'><strong>quae</strong></span> <span class='ocrx_word' id='word_1_639' title='bbox 846 4276 1040 4333; x_wconf 90' lang='lat' dir='ltr'><strong>dentes</strong></span> <span class='ocrx_word' id='word_1_640' title='bbox 1067 4286 1369 4334; x_wconf 80' lang='lat' dir='ltr'><strong>exsertant.</strong></span> <span class='ocrx_word' id='word_1_641' title='bbox 1397 4278 1560 4344; x_wconf 87' lang='lat' dir='ltr'><strong>Sunt,</strong></span> <span class='ocrx_word' id='word_1_642' title='bbox 1617 4279 1710 4350; x_wconf 88' lang='lat' dir='ltr'><strong>qui</strong></span> <span class='ocrx_word' id='word_1_643' title='bbox 1749 4285 1988 4337; x_wconf 85' lang='lat' dir='ltr'><strong>molares</strong></span> <span class='ocrx_word' id='word_1_644' title='bbox 2026 4279 2218 4336; x_wconf 88' lang='lat' dir='ltr'><strong>dentes</strong></span> <span class='ocrx_word' id='word_1_645' title='bbox 2293 4279 2751 4352; x_wconf 80' lang='grc' dir='ltr'><strong>σωφρονιστῆρας</strong></span> <span class='ocrx_word' id='word_1_646' title='bbox 2789 4278 3060 4344; x_wconf 89' lang='lat' dir='ltr'><strong>dictitant,</strong></span> <span class='ocrx_word' id='word_1_647' title='bbox 3085 4279 3232 4349; x_wconf 90' lang='lat' dir='ltr'><strong>quod</strong></span> <span class='ocrx_word' id='word_1_648' title='bbox 3264 4278 3320 4334; x_wconf 90' lang='lat' dir='ltr'><strong>in</strong></span> <span class='ocrx_word' id='word_1_649' title='bbox 3359 4287 3483 4334; x_wconf 87' lang='lat' dir='ltr'><strong>ortu</strong></span> <span class='ocrx_word' id='word_1_650' title='bbox 3522 4294 3646 4346; x_wconf 83' lang='lat' dir='ltr'><strong>suo,</strong></span> 
     </span>
    </p>
   </div>
   <div class='ocr_carea' id='block_1_85' title="bbox 350 4370 1942 4445">
    <p class='ocr_par' dir='ltr' id='par_1_85' title="bbox 350 4370 1942 4445">
     <span class='ocr_line' id='line_1_85' title="bbox 350 4370 1942 4445; baseline 0.005 -21"><span class='ocrx_word' id='word_1_651' title='bbox 350 4370 658 4440; x_wconf 72' lang='lat' dir='ltr'><strong>prudentia:</strong></span> <span class='ocrx_word' id='word_1_652' title='bbox 693 4372 1060 4443; x_wconf 60' lang='lat' dir='ltr'><strong>percipienda:</strong></span> <span class='ocrx_word' id='word_1_653' title='bbox 1117 4382 1364 4445; x_wconf 89' lang='lat' dir='ltr'><strong>tempora</strong></span> <span class='ocrx_word' id='word_1_654' title='bbox 1396 4374 1585 4444; x_wconf 88' lang='lat' dir='ltr'><strong>pueris</strong></span> <span class='ocrx_word' id='word_1_655' title='bbox 1643 4374 1942 4433; x_wconf 86' lang='lat' dir='ltr'><strong>adducant.</strong></span> 
     </span>
    </p>
   </div>
   <div class='ocr_carea' id='block_1_86' title="bbox 427 4463 1947 4542">
    <p class='ocr_par' dir='ltr' id='par_1_86' title="bbox 427 4463 1946 4542">
     <span class='ocr_line' id='line_1_86' title="bbox 427 4463 1946 4542; baseline 0.004 -24"><span class='ocrx_word' id='word_1_656' title='bbox 427 4463 493 4518; x_wconf 86' lang='grc' dir='ltr'><strong>Ἦ</strong></span> <span class='ocrx_word' id='word_1_657' title='bbox 520 4465 578 4520; x_wconf 84' lang='grc' dir='ltr'><strong>δὲ</strong></span> <span class='ocrx_word' id='word_1_658' title='bbox 606 4467 911 4538; x_wconf 82' lang='grc' dir='ltr'><strong>συνέχουσα</strong></span> <span class='ocrx_word' id='word_1_659' title='bbox 957 4469 1159 4532; x_wconf 79' lang='grc' dir='ltr'><strong>αὐτοὺς</strong></span> <span class='ocrx_word' id='word_1_660' title='bbox 1203 4468 1344 4542; x_wconf 80' lang='grc' dir='ltr'>σὰρξ</span> <span class='ocrx_word' id='word_1_661' title='bbox 1384 4466 1578 4524; x_wconf 79' lang='grc' dir='ltr'><strong>οὖλον</strong></span> <span class='ocrx_word' id='word_1_662' title='bbox 1604 4468 1946 4541; x_wconf 86' lang='grc' dir='ltr'><strong>ὠνόμασται,</strong></span> 
     </span>
    </p>
   </div>
   <div class='ocr_carea' id='block_1_87' title="bbox 2052 4463 3645 4542">
    <p class='ocr_par' dir='ltr' id='par_1_87' title="bbox 2129 4468 3645 4541">
     <span class='ocr_line' id='line_1_87' title="bbox 2129 4468 3645 4541; baseline -0.002 -14"><span class='ocrx_word' id='word_1_663' title='bbox 2129 4470 2272 4527; x_wconf 87' lang='lat' dir='ltr'><strong>Caro</strong></span> <span class='ocrx_word' id='word_1_664' title='bbox 2298 4479 2478 4526; x_wconf 91' lang='lat' dir='ltr'><strong>autem</strong></span> <span class='ocrx_word' id='word_1_665' title='bbox 2508 4485 2632 4541; x_wconf 83' lang='lat' dir='ltr'><strong>quae</strong></span> <span class='ocrx_word' id='word_1_666' title='bbox 2661 4469 2811 4541; x_wconf 90' lang='lat' dir='ltr'><strong>ipsas</strong></span> <span class='ocrx_word' id='word_1_667' title='bbox 2839 4469 3253 4539; x_wconf 88' lang='lat' dir='ltr'><strong>complectitur,</strong></span> <span class='ocrx_word' id='word_1_668' title='bbox 3282 4468 3500 4540; x_wconf 78' lang='lat' dir='ltr'><strong>gingiva</strong></span> <span class='ocrx_word' id='word_1_669' title='bbox 3531 4478 3645 4535; x_wconf 78' lang='lat' dir='ltr'><strong>est,</strong></span> 
     </span>
    </p>
   </div>
   <div class='ocr_carea' id='block_1_88' title="bbox 342 4555 1947 4633">
    <p class='ocr_par' dir='ltr' id='par_1_88' title="bbox 342 4555 1947 4633">
     <span class='ocr_line' id='line_1_88' title="bbox 342 4555 1947 4633; baseline 0.002 -23"><span class='ocrx_word' id='word_1_670' title='bbox 342 4555 434 4610; x_wconf 77' lang='grc' dir='ltr'><strong>διὰ</strong></span> <span class='ocrx_word' id='word_1_671' title='bbox 460 4555 523 4608; x_wconf 80' lang='grc' dir='ltr'>τὸ</span> <span class='ocrx_word' id='word_1_672' title='bbox 569 4555 849 4627; x_wconf 82' lang='grc' dir='ltr'><strong>τρυφερὸν</strong></span> <span class='ocrx_word' id='word_1_673' title='bbox 880 4559 1052 4628; x_wconf 79' lang='grc' dir='ltr'><strong>αὐτῆς</strong></span> <span class='ocrx_word' id='word_1_674' title='bbox 1086 4559 1182 4612; x_wconf 76' lang='grc' dir='ltr'>καὶ</span> <span class='ocrx_word' id='word_1_675' title='bbox 1209 4559 1440 4613; x_wconf 78' lang='grc' dir='ltr'><strong>ἁπαλάν’</strong></span> <span class='ocrx_word' id='word_1_676' title='bbox 1473 4558 1506 4630; x_wconf 86' lang='grc' dir='ltr'>ἣ</span> <span class='ocrx_word' id='word_1_677' title='bbox 1539 4559 1694 4633; x_wconf 80' lang='grc' dir='ltr'><strong>παρὰ</strong></span> <span class='ocrx_word' id='word_1_678' title='bbox 1723 4560 1784 4615; x_wconf 84' lang='grc' dir='ltr'>τὸ</span> <span class='ocrx_word' id='word_1_679' title='bbox 1807 4561 1947 4632; x_wconf 81' lang='grc' dir='ltr'><strong>ὴλῶο</strong></span> 
     </span>
    </p>
   </div>
   <div class='ocr_carea' id='block_1_89' title="bbox 2053 4558 3648 4633">
    <p class='ocr_par' dir='ltr' id='par_1_89' title="bbox 2053 4558 3648 4633">
     <span class='ocr_line' id='line_1_89' title="bbox 2053 4558 3648 4633; baseline 0.001 -18"><span class='ocrx_word' id='word_1_680' title='bbox 2053 4577 2176 4633; x_wconf 74' lang='lat' dir='ltr'><strong>quae</strong></span> <span class='ocrx_word' id='word_1_681' title='bbox 2201 4558 2357 4617; x_wconf 75' lang='grc' dir='ltr'>οὖλον</span> <span class='ocrx_word' id='word_1_682' title='bbox 2393 4563 2462 4618; x_wconf 89' lang='lat' dir='ltr'><strong>ab</strong></span> <span class='ocrx_word' id='word_1_683' title='bbox 2505 4562 2615 4618; x_wconf 89' lang='lat' dir='ltr'><strong>illis</strong></span> <span class='ocrx_word' id='word_1_684' title='bbox 2641 4563 2713 4618; x_wconf 89' lang='lat' dir='ltr'><strong>ob</strong></span> <span class='ocrx_word' id='word_1_685' title='bbox 2751 4562 2950 4618; x_wconf 90' lang='lat' dir='ltr'><strong>molem</strong></span> <span class='ocrx_word' id='word_1_686' title='bbox 2978 4561 3121 4632; x_wconf 81' lang='lat' dir='ltr'><strong>ejus,</strong></span> <span class='ocrx_word' id='word_1_687' title='bbox 3149 4570 3505 4632; x_wconf 80' lang='lat' dir='ltr'><strong>teneramque</strong></span> <span class='ocrx_word' id='word_1_688' title='bbox 3545 4577 3648 4616; x_wconf 90' lang='lat' dir='ltr'><strong>na-</strong></span> 
     </span>
    </p>
   </div>
   <div class='ocr_carea' id='block_1_90' title="bbox 341 4648 1947 4728">
    <p class='ocr_par' dir='ltr' id='par_1_90' title="bbox 341 4648 1947 4725">
     <span class='ocr_line' id='line_1_90' title="bbox 341 4648 1947 4725; baseline 0.004 -23"><span class='ocrx_word' id='word_1_689' title='bbox 341 4648 536 4720; x_wconf 86' lang='grc' dir='ltr'><strong>τρόπῳ</strong></span> <span class='ocrx_word' id='word_1_690' title='bbox 563 4649 674 4720; x_wconf 85' lang='grc' dir='ltr'><strong>γάρ</strong></span> <span class='ocrx_word' id='word_1_691' title='bbox 694 4666 803 4703; x_wconf 88' lang='grc' dir='ltr'><strong>τινι</strong></span> <span class='ocrx_word' id='word_1_692' title='bbox 827 4649 975 4721; x_wconf 84' lang='grc' dir='ltr'><strong>ήλῶν</strong></span> <span class='ocrx_word' id='word_1_693' title='bbox 999 4649 1161 4716; x_wconf 82' lang='grc' dir='ltr'><strong>τάξιν</strong></span> <span class='ocrx_word' id='word_1_694' title='bbox 1185 4651 1230 4684; x_wconf 82' lang='grc'>³⁸</span> <span class='ocrx_word' id='word_1_695' title='bbox 1253 4652 1446 4723; x_wconf 78' lang='grc' dir='ltr'><strong>ἐπέχει</strong></span> <span class='ocrx_word' id='word_1_696' title='bbox 1477 4654 1558 4716; x_wconf 82' lang='grc' dir='ltr'>είς</span> <span class='ocrx_word' id='word_1_697' title='bbox 1583 4652 1947 4725; x_wconf 88' lang='grc' dir='ltr'><strong>διακράτησιν</strong></span> 
     </span>
    </p>
   </div>
   <div class='ocr_carea' id='block_1_91' title="bbox 2052 4648 3647 4728">
    <p class='ocr_par' dir='ltr' id='par_1_91' title="bbox 2052 4655 3647 4728">
     <span class='ocr_line' id='line_1_91' title="bbox 2052 4655 3647 4728; baseline 0.001 -18"><span class='ocrx_word' id='word_1_698' title='bbox 2052 4665 2230 4711; x_wconf 89' lang='lat' dir='ltr'><strong>turam</strong></span> <span class='ocrx_word' id='word_1_699' title='bbox 2255 4657 2560 4726; x_wconf 87' lang='lat' dir='ltr'><strong>appellatur</strong></span> <span class='ocrx_word' id='word_1_700' title='bbox 2601 4675 2614 4711; x_wconf 89' lang='lat'><strong>:</strong></span> <span class='ocrx_word' id='word_1_701' title='bbox 2662 4657 2748 4713; x_wconf 87' lang='lat' dir='ltr'><strong>vel</strong></span> <span class='ocrx_word' id='word_1_702' title='bbox 2776 4657 2867 4712; x_wconf 90' lang='lat' dir='ltr'><strong>illa</strong></span> <span class='ocrx_word' id='word_1_703' title='bbox 2895 4656 3003 4710; x_wconf 86' lang='grc' dir='ltr'><strong>ἀπὸ</strong></span> <span class='ocrx_word' id='word_1_704' title='bbox 3030 4655 3126 4710; x_wconf 84' lang='grc' dir='ltr'><strong>τοῦ</strong></span> <span class='ocrx_word' id='word_1_705' title='bbox 3153 4656 3337 4721; x_wconf 76' lang='grc' dir='ltr'><strong>εἱλεῖν,</strong></span> <span class='ocrx_word' id='word_1_706' title='bbox 3358 4657 3472 4728; x_wconf 76' lang='lat'><strong>80</strong></span> <span class='ocrx_word' id='word_1_707' title='bbox 3500 4658 3647 4728; x_wconf 89' lang='lat' dir='ltr'><strong>quod</strong></span> 
     </span>
    </p>
   </div>
   <div class='ocr_carea' id='block_1_92' title="bbox 344 4739 1947 4822">
    <p class='ocr_par' dir='ltr' id='par_1_92' title="bbox 344 4739 1947 4818">
     <span class='ocr_line' id='line_1_92' title="bbox 344 4739 1947 4818; baseline 0.003 -24"><span class='ocrx_word' id='word_1_708' title='bbox 344 4739 456 4800; x_wconf 79' lang='grc' dir='ltr'><strong>τῶν</strong></span> <span class='ocrx_word' id='word_1_709' title='bbox 487 4740 741 4793; x_wconf 87' lang='grc' dir='ltr'><strong>ὀδόντων·</strong></span> <span class='ocrx_word' id='word_1_710' title='bbox 790 4742 824 4812; x_wconf 78' lang='grc' dir='ltr'>ἢ</span> <span class='ocrx_word' id='word_1_711' title='bbox 868 4743 953 4795; x_wconf 82' lang='grc' dir='ltr'><strong>ὃτι</strong></span> <span class='ocrx_word' id='word_1_712' title='bbox 992 4743 1160 4816; x_wconf 78' lang='grc' dir='ltr'><strong>οὐλὴν</strong></span> <span class='ocrx_word' id='word_1_713' title='bbox 1204 4743 1352 4816; x_wconf 72' lang='grc' dir='ltr'><strong>ἔχει,</strong></span> <span class='ocrx_word' id='word_1_714' title='bbox 1404 4744 1506 4818; x_wconf 78' lang='grc' dir='ltr'><strong>τὴν</strong></span> <span class='ocrx_word' id='word_1_715' title='bbox 1551 4747 1947 4817; x_wconf 82' lang='grc' dir='ltr'><strong>ὲπιγινομένην</strong></span> 
     </span>
    </p>
   </div>
   <div class='ocr_carea' id='block_1_93' title="bbox 2052 4739 3645 4822">
    <p class='ocr_par' dir='ltr' id='par_1_93' title="bbox 2052 4747 3645 4822">
     <span class='ocr_line' id='line_1_93' title="bbox 2052 4747 3645 4822; baseline 0.002 -21"><span class='ocrx_word' id='word_1_716' title='bbox 2052 4747 2318 4802; x_wconf 72' lang='lat' dir='ltr'><strong>involvere</strong></span> <span class='ocrx_word' id='word_1_717' title='bbox 2362 4748 2628 4822; x_wconf 87' lang='lat' dir='ltr'><strong>diceres,</strong></span> <span class='ocrx_word' id='word_1_718' title='bbox 2688 4765 2818 4804; x_wconf 92' lang='lat' dir='ltr'><strong>nam</strong></span> <span class='ocrx_word' id='word_1_719' title='bbox 2889 4749 3350 4822; x_wconf 86' lang='lat' dir='ltr'><strong>continendorum</strong></span> <span class='ocrx_word' id='word_1_720' title='bbox 3399 4750 3645 4804; x_wconf 88' lang='lat' dir='ltr'><strong>dentium</strong></span> 
     </span>
    </p>
   </div>
   <div class='ocr_carea' id='block_1_94' title="bbox 341 4831 1944 4909">
    <p class='ocr_par' dir='ltr' id='par_1_94' title="bbox 341 4831 1944 4909">
     <span class='ocr_line' id='line_1_94' title="bbox 341 4831 1944 4909; baseline 0.005 -25"><span class='ocrx_word' id='word_1_721' title='bbox 341 4834 408 4903; x_wconf 80' lang='grc' dir='ltr'><strong>τῇ</strong></span> <span class='ocrx_word' id='word_1_722' title='bbox 440 4831 550 4885; x_wconf 89' lang='grc' dir='ltr'><strong>τῶν</strong></span> <span class='ocrx_word' id='word_1_723' title='bbox 574 4833 865 4904; x_wconf 80' lang='grc' dir='ltr'><strong>φυομένων</strong></span> <span class='ocrx_word' id='word_1_724' title='bbox 906 4834 1142 4889; x_wconf 87' lang='grc' dir='ltr'><strong>ὀδόντων</strong></span> <span class='ocrx_word' id='word_1_725' title='bbox 1175 4835 1418 4908; x_wconf 81' lang='grc' dir='ltr'><strong>διακοπῇ</strong></span> <span class='ocrx_word' id='word_1_726' title='bbox 1448 4877 1462 4902; x_wconf 94' lang='grc'><strong>,</strong></span> <span class='ocrx_word' id='word_1_727' title='bbox 1504 4838 1600 4891; x_wconf 73' lang='grc' dir='ltr'><strong>καὶ</strong></span> <span class='ocrx_word' id='word_1_728' title='bbox 1642 4837 1944 4909; x_wconf 78' lang='grc' dir='ltr'><strong>ὑγιαζομέ-</strong></span> 
     </span>
    </p>
   </div>
   <div class='ocr_carea' id='block_1_95' title="bbox 341 4924 1938 4999">
    <p class='ocr_par' dir='ltr' id='par_1_95' title="bbox 341 4924 1938 4999">
     <span class='ocr_line' id='line_1_95' title="bbox 341 4924 1938 4999; baseline 0.003 -21"><span class='ocrx_word' id='word_1_729' title='bbox 341 4941 462 4995; x_wconf 80' lang='grc' dir='ltr'><strong>νην.</strong></span> <span class='ocrx_word' id='word_1_730' title='bbox 494 4924 638 4997; x_wconf 83' lang='grc' dir='ltr'><strong>υύλὴ</strong></span> <span class='ocrx_word' id='word_1_731' title='bbox 668 4925 776 4998; x_wconf 81' lang='grc' dir='ltr'><strong>γάρ</strong></span> <span class='ocrx_word' id='word_1_732' title='bbox 811 4926 872 4980; x_wconf 78' lang='grc' dir='ltr'>τὸ</span> <span class='ocrx_word' id='word_1_733' title='bbox 919 4926 1186 4994; x_wconf 78' lang='grc' dir='ltr'><strong>ὑγιασθὲν</strong></span> <span class='ocrx_word' id='word_1_734' title='bbox 1212 4927 1459 4999; x_wconf 73' lang='grc' dir='ltr'><strong>τραῦμαο</strong></span> <span class='ocrx_word' id='word_1_735' title='bbox 1497 4927 1656 4981; x_wconf 73' lang='grc' dir='ltr'><strong>ἔνθεν</strong></span> <span class='ocrx_word' id='word_1_736' title='bbox 1709 4929 1808 4983; x_wconf 74' lang='grc' dir='ltr'><strong>καὶ</strong></span> <span class='ocrx_word' id='word_1_737' title='bbox 1857 4930 1938 4996; x_wconf 83' lang='grc' dir='ltr'><strong>τὸ,</strong></span> 
     </span>
    </p>
   </div>
   <div class='ocr_carea' id='block_1_96' title="bbox 345 5012 1939 5093">
    <p class='ocr_par' dir='ltr' id='par_1_96' title="bbox 345 5012 1939 5093">
     <span class='ocr_line' id='line_1_96' title="bbox 345 5012 1939 5093; baseline 0.004 -23"><span class='ocrx_word' id='word_1_738' title='bbox 345 5012 510 5079; x_wconf 81' lang='grc' dir='ltr'>Οὖλε.</span> <span class='ocrx_word' id='word_1_739' title='bbox 557 5019 808 5088; x_wconf 86' lang='grc' dir='ltr'><strong>Ὑγίαινε</strong></span> <span class='ocrx_word' id='word_1_740' title='bbox 854 5020 919 5053; x_wconf 77' lang='grc'><strong>³⁸·</strong></span> <span class='ocrx_word' id='word_1_741' title='bbox 960 5015 1122 5076; x_wconf 85' lang='grc' dir='ltr'><strong>Οὖλέ</strong></span> <span class='ocrx_word' id='word_1_742' title='bbox 1158 5037 1260 5086; x_wconf 81' lang='grc' dir='ltr'><strong>τε,</strong></span> <span class='ocrx_word' id='word_1_743' title='bbox 1311 5021 1412 5075; x_wconf 82' lang='grc' dir='ltr'><strong>καὶ</strong></span> <span class='ocrx_word' id='word_1_744' title='bbox 1451 5021 1608 5091; x_wconf 75' lang='grc' dir='ltr'><strong>μέγα</strong></span> <span class='ocrx_word' id='word_1_745' title='bbox 1649 5020 1815 5091; x_wconf 74' lang='grc' dir='ltr'><strong>χαῖρε</strong></span> <span class='ocrx_word' id='word_1_746' title='bbox 1851 5021 1939 5093; x_wconf 89' lang='lat' dir='ltr'><strong>(l).</strong></span> 
     </span>
    </p>
   </div>
   <div class='ocr_carea' id='block_1_97' title="bbox 341 5108 1940 5185">
    <p class='ocr_par' dir='ltr' id='par_1_97' title="bbox 341 5108 1940 5185">
     <span class='ocr_line' id='line_1_97' title="bbox 341 5108 1940 5185; baseline 0.003 -21"><span class='ocrx_word' id='word_1_747' title='bbox 341 5108 609 5178; x_wconf 69' lang='grc' dir='ltr'><strong>Λέγονται</strong></span> <span class='ocrx_word' id='word_1_748' title='bbox 656 5111 716 5164; x_wconf 72' lang='grc' dir='ltr'><strong>δὲ</strong></span> <span class='ocrx_word' id='word_1_749' title='bbox 763 5111 810 5143; x_wconf 76' lang='grc'><strong>’⁷</strong></span> <span class='ocrx_word' id='word_1_750' title='bbox 880 5111 1070 5183; x_wconf 77' lang='grc' dir='ltr'>τρίχες</span> <span class='ocrx_word' id='word_1_751' title='bbox 1132 5108 1325 5176; x_wconf 76' lang='grc' dir='ltr'><strong>οὖλαι,</strong></span> <span class='ocrx_word' id='word_1_752' title='bbox 1383 5114 1442 5167; x_wconf 89' lang='grc' dir='ltr'><strong>αί</strong></span> <span class='ocrx_word' id='word_1_753' title='bbox 1483 5113 1530 5146; x_wconf 83' lang='grc'>³⁸</span> <span class='ocrx_word' id='word_1_754' title='bbox 1585 5113 1940 5185; x_wconf 83' lang='grc' dir='ltr'><strong>είλούμεναι,</strong></span> 
     </span>
    </p>
   </div>
   <div class='ocr_carea' id='block_1_98' title="bbox 343 5202 1946 5279">
    <p class='ocr_par' dir='ltr' id='par_1_98' title="bbox 343 5202 1946 5279">
     <span class='ocr_line' id='line_1_98' title="bbox 343 5202 1946 5279; baseline 0.005 -26"><span class='ocrx_word' id='word_1_755' title='bbox 343 5202 497 5273; x_wconf 72' lang='grc' dir='ltr'><strong>παρὰ</strong></span> <span class='ocrx_word' id='word_1_756' title='bbox 539 5202 600 5257; x_wconf 82' lang='grc' dir='ltr'>τὸ</span> <span class='ocrx_word' id='word_1_757' title='bbox 649 5204 912 5260; x_wconf 84' lang='grc' dir='ltr'><strong>είλεῖσοαι</strong></span> <span class='ocrx_word' id='word_1_758' title='bbox 950 5206 1016 5238; x_wconf 70' lang='grc'><strong>³⁸⁸</strong></span> <span class='ocrx_word' id='word_1_759' title='bbox 1054 5207 1150 5261; x_wconf 77' lang='grc' dir='ltr'><strong>καὶ</strong></span> <span class='ocrx_word' id='word_1_760' title='bbox 1193 5207 1353 5261; x_wconf 79' lang='grc' dir='ltr'><strong>οὐλαὶ</strong></span> <span class='ocrx_word' id='word_1_761' title='bbox 1393 5207 1451 5262; x_wconf 79' lang='grc' dir='ltr'><strong>αι</strong></span> <span class='ocrx_word' id='word_1_762' title='bbox 1486 5205 1676 5279; x_wconf 88' lang='grc' dir='ltr'>κριθαί</span> <span class='ocrx_word' id='word_1_763' title='bbox 1713 5207 1793 5239; x_wconf 78' lang='grc' dir='ltr'><strong>³⁰ο</strong></span> <span class='ocrx_word' id='word_1_764' title='bbox 1847 5208 1946 5263; x_wconf 73' lang='grc' dir='ltr'><strong>καὶ</strong></span> 
     </span>
    </p>
   </div>
   <div class='ocr_carea' id='block_1_99' title="bbox 453 5380 1916 5459">
    <p class='ocr_par' dir='ltr' id='par_1_99' title="bbox 453 5380 1916 5459">
     <span class='ocr_line' id='line_1_99' title="bbox 453 5380 1916 5459; baseline 0.008 -27"><span class='ocrx_word' id='word_1_765' title='bbox 453 5380 484 5459; x_wconf 41' lang='grc'>⁸.</span> <span class='ocrx_word' id='word_1_766' title='bbox 511 5380 609 5459; x_wconf 63' lang='grc' dir='ltr'><strong>μεν</strong></span> <span class='ocrx_word' id='word_1_767' title='bbox 637 5397 748 5436; x_wconf 90' lang='lat' dir='ltr'><strong>om.</strong></span> <span class='ocrx_word' id='word_1_768' title='bbox 783 5382 842 5436; x_wconf 88' lang='grc' dir='ltr'><strong>Β.</strong></span> <span class='ocrx_word' id='word_1_769' title='bbox 896 5383 1260 5459; x_wconf 23' lang='grc' dir='ltr'><strong>Αξμονόριζοι</strong></span> <span class='ocrx_word' id='word_1_770' title='bbox 1294 5386 1354 5439; x_wconf 88' lang='grc' dir='ltr'>Β.</span> <span class='ocrx_word' id='word_1_771' title='bbox 1392 5455 1415 5459; x_wconf 74' lang='lat'>_</span> <span class='ocrx_word' id='word_1_772' title='bbox 1464 5387 1508 5419; x_wconf 79' lang='lat'><strong>“</strong></span> <span class='ocrx_word' id='word_1_773' title='bbox 1538 5388 1815 5459; x_wconf 70' lang='grc' dir='ltr'><strong>μονόριζοι</strong></span> <span class='ocrx_word' id='word_1_774' title='bbox 1853 5389 1916 5444; x_wconf 87' lang='grc' dir='ltr'><strong>Β.</strong></span> 
     </span>
    </p>
   </div>
   <div class='ocr_carea' id='block_1_100' title="bbox 2025 5391 2428 5465">
    <p class='ocr_par' dir='ltr' id='par_1_100' title="bbox 2025 5391 2428 5465">
     <span class='ocr_line' id='line_1_100' title="bbox 2025 5391 2428 5465; baseline 0.012 -20"><span class='ocrx_word' id='word_1_775' title='bbox 2025 5391 2077 5465; x_wconf 51' lang='grc' dir='ltr'><strong>¹ξ</strong></span> <span class='ocrx_word' id='word_1_776' title='bbox 2098 5392 2335 5465; x_wconf 78' lang='grc' dir='ltr'><strong>τρίριζοι</strong></span> <span class='ocrx_word' id='word_1_777' title='bbox 2365 5396 2428 5450; x_wconf 87' lang='grc' dir='ltr'><strong>Β.</strong></span> 
     </span>
    </p>
   </div>
   <div class='ocr_carea' id='block_1_101' title="bbox 2047 4821 3647 4911">
    <p class='ocr_par' dir='ltr' id='par_1_101' title="bbox 2047 4821 3647 4911">
     <span class='ocr_line' id='line_1_101' title="bbox 2047 4821 3647 4911; baseline 0.003 -20"><span class='ocrx_word' id='word_1_778' title='bbox 2047 4839 2246 4910; x_wconf 81' lang='lat' dir='ltr'><strong>gratia,</strong></span> <span class='ocrx_word' id='word_1_779' title='bbox 2275 4839 2409 4910; x_wconf 90' lang='lat' dir='ltr'><strong>ipsis</strong></span> <span class='ocrx_word' id='word_1_780' title='bbox 2445 4824 2783 4908; x_wconf 68' lang='lat' dir='ltr'><strong>involvitur;</strong></span> <span class='ocrx_word' id='word_1_781' title='bbox 2810 4840 2893 4896; x_wconf 90' lang='lat' dir='ltr'><strong>vel</strong></span> <span class='ocrx_word' id='word_1_782' title='bbox 2921 4821 3070 4911; x_wconf 84' lang='lat' dir='ltr'><strong>quod</strong></span> <span class='ocrx_word' id='word_1_783' title='bbox 3098 4840 3416 4896; x_wconf 86' lang='lat' dir='ltr'><strong>cicatricem</strong></span> <span class='ocrx_word' id='word_1_784' title='bbox 3448 4841 3647 4896; x_wconf 87' lang='lat' dir='ltr'><strong>habeat</strong></span> 
     </span>
    </p>
   </div>
   <div class='ocr_carea' id='block_1_102' title="bbox 2049 4930 3642 5001">
    <p class='ocr_par' dir='ltr' id='par_1_102' title="bbox 2049 4930 3642 5001">
     <span class='ocr_line' id='line_1_102' title="bbox 2049 4930 3642 5001; baseline 0.004 -21"><span class='ocrx_word' id='word_1_785' title='bbox 2049 4930 2318 4995; x_wconf 87' lang='lat' dir='ltr'><strong>vulneris,</strong></span> <span class='ocrx_word' id='word_1_786' title='bbox 2347 4931 2494 5001; x_wconf 88' lang='lat' dir='ltr'><strong>quod</strong></span> <span class='ocrx_word' id='word_1_787' title='bbox 2525 4946 2591 4986; x_wconf 80' lang='lat' dir='ltr'><strong>ex</strong></span> <span class='ocrx_word' id='word_1_788' title='bbox 2623 4943 2748 4986; x_wconf 88' lang='lat' dir='ltr'><strong>ortu</strong></span> <span class='ocrx_word' id='word_1_789' title='bbox 2777 4931 3026 4987; x_wconf 87' lang='lat' dir='ltr'><strong>dentium</strong></span> <span class='ocrx_word' id='word_1_790' title='bbox 3059 4931 3287 4994; x_wconf 80' lang='lat' dir='ltr'><strong>factum,</strong></span> <span class='ocrx_word' id='word_1_791' title='bbox 3309 4938 3363 4986; x_wconf 89' lang='lat' dir='ltr'><strong>et</strong></span> <span class='ocrx_word' id='word_1_792' title='bbox 3387 4940 3642 4986; x_wconf 88' lang='lat' dir='ltr'><strong>sanatum</strong></span> 
     </span>
    </p>
   </div>
   <div class='ocr_carea' id='block_1_103' title="bbox 2049 5022 3640 5096">
    <p class='ocr_par' dir='ltr' id='par_1_103' title="bbox 2049 5022 3640 5096">
     <span class='ocr_line' id='line_1_103' title="bbox 2049 5022 3640 5096; baseline 0.001 -19"><span class='ocrx_word' id='word_1_793' title='bbox 2049 5031 2154 5086; x_wconf 85' lang='lat' dir='ltr'><strong>est,</strong></span> <span class='ocrx_word' id='word_1_794' title='bbox 2188 5038 2310 5093; x_wconf 74' lang='lat' dir='ltr'><strong>qua:</strong></span> <span class='ocrx_word' id='word_1_795' title='bbox 2343 5022 2531 5080; x_wconf 67' lang='lat' dir='ltr'><strong>Graece</strong></span> <span class='ocrx_word' id='word_1_796' title='bbox 2580 5024 2712 5096; x_wconf 84' lang='grc' dir='ltr'><strong>οὐλὴ</strong></span> <span class='ocrx_word' id='word_1_797' title='bbox 2769 5025 2991 5080; x_wconf 89' lang='lat' dir='ltr'><strong>dicitur.</strong></span> <span class='ocrx_word' id='word_1_798' title='bbox 3027 5023 3335 5094; x_wconf 86' lang='lat' dir='ltr'><strong>Siquidem,</strong></span> <span class='ocrx_word' id='word_1_799' title='bbox 3387 5023 3640 5078; x_wconf 86' lang='lat' dir='ltr'><strong>medicati</strong></span> 
     </span>
    </p>
   </div>
   <div class='ocr_carea' id='block_1_104' title="bbox 2052 5114 3639 5188">
    <p class='ocr_par' dir='ltr' id='par_1_104' title="bbox 2052 5114 3639 5188">
     <span class='ocr_line' id='line_1_104' title="bbox 2052 5114 3639 5188; baseline 0.001 -19"><span class='ocrx_word' id='word_1_800' title='bbox 2052 5114 2296 5173; x_wconf 84' lang='lat' dir='ltr'><strong>vulneris</strong></span> <span class='ocrx_word' id='word_1_801' title='bbox 2343 5117 2638 5188; x_wconf 80' lang='lat' dir='ltr'><strong>vestigium</strong></span> <span class='ocrx_word' id='word_1_802' title='bbox 2681 5117 2906 5172; x_wconf 77' lang='lat' dir='ltr'><strong>cicatrix</strong></span> <span class='ocrx_word' id='word_1_803' title='bbox 2965 5125 3338 5186; x_wconf 89' lang='lat' dir='ltr'><strong>nuncupatur,</strong></span> <span class='ocrx_word' id='word_1_804' title='bbox 3365 5117 3510 5171; x_wconf 90' lang='lat' dir='ltr'><strong>unde</strong></span> <span class='ocrx_word' id='word_1_805' title='bbox 3562 5116 3639 5171; x_wconf 91' lang='lat' dir='ltr'><strong>illi</strong></span> 
     </span>
    </p>
   </div>
   <div class='ocr_carea' id='block_1_105' title="bbox 2053 5201 3635 5278">
    <p class='ocr_par' dir='ltr' id='par_1_105' title="bbox 2053 5201 3635 5278">
     <span class='ocr_line' id='line_1_105' title="bbox 2053 5201 3635 5278; baseline 0 -20"><span class='ocrx_word' id='word_1_806' title='bbox 2053 5201 2178 5259; x_wconf 79' lang='grc' dir='ltr'><strong>οὖλε</strong></span> <span class='ocrx_word' id='word_1_807' title='bbox 2213 5206 2397 5262; x_wconf 88' lang='lat' dir='ltr'><strong>dicere</strong></span> <span class='ocrx_word' id='word_1_808' title='bbox 2427 5208 2626 5276; x_wconf 89' lang='lat' dir='ltr'><strong>solent,</strong></span> <span class='ocrx_word' id='word_1_809' title='bbox 2685 5209 2854 5276; x_wconf 83' lang='lat' dir='ltr'><strong>salve,</strong></span> <span class='ocrx_word' id='word_1_810' title='bbox 2890 5207 2974 5263; x_wconf 87' lang='lat' dir='ltr'><strong>vel</strong></span> <span class='ocrx_word' id='word_1_811' title='bbox 2999 5207 3137 5263; x_wconf 87' lang='lat' dir='ltr'><strong>vale.</strong></span> <span class='ocrx_word' id='word_1_812' title='bbox 3173 5204 3280 5263; x_wconf 89' lang='lat' dir='ltr'><strong>Sed</strong></span> <span class='ocrx_word' id='word_1_813' title='bbox 3311 5215 3364 5261; x_wconf 89' lang='lat' dir='ltr'><strong>et</strong></span> <span class='ocrx_word' id='word_1_814' title='bbox 3392 5206 3530 5278; x_wconf 89' lang='lat' dir='ltr'><strong>pilos</strong></span> <span class='ocrx_word' id='word_1_815' title='bbox 3565 5206 3635 5262; x_wconf 87' lang='lat' dir='ltr'><strong>ita</strong></span> 
     </span>
    </p>
   </div>
   <div class='ocr_carea' id='block_1_106' title="bbox 2535 5390 3636 5467">
    <p class='ocr_par' dir='ltr' id='par_1_106' title="bbox 2535 5390 3636 5467">
     <span class='ocr_line' id='line_1_106' title="bbox 2535 5390 3636 5467; baseline 0.024 -23"><span class='ocrx_word' id='word_1_816' title='bbox 2535 5393 2926 5467; x_wconf 67' lang='lat' dir='ltr'><strong>&quot;_&#39;rstpa&#39;tpt{0t</strong></span> <span class='ocrx_word' id='word_1_817' title='bbox 2972 5393 3068 5467; x_wconf 67' lang='grc' dir='ltr'><strong>Β.Δ</strong></span> <span class='ocrx_word' id='word_1_818' title='bbox 3140 5395 3183 5426; x_wconf 87' lang='grc'><strong>¹³</strong></span> <span class='ocrx_word' id='word_1_819' title='bbox 3202 5392 3540 5467; x_wconf 42' lang='lat' dir='ltr'><strong>frugi-‘10P“?</strong></span> 
     </span>
    </p>
   </div>
   <div class='ocr_carea' id='block_1_107' title="bbox 348 5447 3640 5541">
    <p class='ocr_par' dir='ltr' id='par_1_107' title="bbox 348 5447 3640 5541">
     <span class='ocr_line' id='line_1_107' title="bbox 348 5447 3640 5541; baseline 0.002 -30"><span class='ocrx_word' id='word_1_820' title='bbox 348 5447 416 5541; x_wconf 30' lang='grc'><strong>1⁸*</strong></span> <span class='ocrx_word' id='word_1_821' title='bbox 424 5447 784 5541; x_wconf 37' lang='grc' dir='ltr'><strong>ξξέθένεσθεξι</strong></span> <span class='ocrx_word' id='word_1_822' title='bbox 805 5469 818 5482; x_wconf 92' lang='lat'><strong>&#39;</strong></span> <span class='ocrx_word' id='word_1_823' title='bbox 855 5447 1149 5541; x_wconf 54' lang='grc' dir='ltr'><strong>αέσρὴξξκᾶ</strong></span> <span class='ocrx_word' id='word_1_824' title='bbox 1173 5447 1494 5541; x_wconf 30' lang='grc' dir='ltr'><strong>χάρινεῦρα</strong></span> <span class='ocrx_word' id='word_1_825' title='bbox 1524 5447 1782 5541; x_wconf 52' lang='grc' dir='ltr'><strong>φέροῇτᾶι</strong></span> <span class='ocrx_word' id='word_1_826' title='bbox 1813 5462 1872 5512; x_wconf 80' lang='grc' dir='ltr'><strong>ἐν</strong></span> <span class='ocrx_word' id='word_1_827' title='bbox 1896 5463 2011 5541; x_wconf 72' lang='grc' dir='ltr'><strong>τοῖς</strong></span> <span class='ocrx_word' id='word_1_828' title='bbox 2045 5447 2155 5541; x_wconf 56' lang='lat' dir='ltr'><strong>P.:</strong></span> <span class='ocrx_word' id='word_1_829' title='bbox 2188 5447 2232 5496; x_wconf 69' lang='grc' dir='ltr'>ί⁸</span> <span class='ocrx_word' id='word_1_830' title='bbox 2262 5447 2529 5541; x_wconf 68' lang='grc' dir='ltr'><strong>ἀῖσδησιν</strong></span> <span class='ocrx_word' id='word_1_831' title='bbox 2579 5463 2676 5541; x_wconf 44' lang='grc' dir='ltr'><strong>Β.-</strong></span> <span class='ocrx_word' id='word_1_832' title='bbox 2713 5447 2766 5497; x_wconf 58' lang='grc' dir='ltr'><strong>’ίδ</strong></span> <span class='ocrx_word' id='word_1_833' title='bbox 2789 5447 2906 5541; x_wconf 33' lang='lat' dir='ltr'><strong>icit.</strong></span> <span class='ocrx_word' id='word_1_834' title='bbox 2948 5447 3164 5541; x_wconf 57' lang='grc' dir='ltr'><strong>ῖκείνου</strong></span> <span class='ocrx_word' id='word_1_835' title='bbox 3200 5465 3240 5518; x_wconf 86' lang='grc' dir='ltr'><strong>Β</strong></span> <span class='ocrx_word' id='word_1_836' title='bbox 3266 5447 3379 5541; x_wconf 47' lang='lat' dir='ltr'><strong>PL“</strong></span> <span class='ocrx_word' id='word_1_837' title='bbox 3413 5461 3640 5541; x_wconf 45' lang='grc' dir='ltr'><strong>⁸⁷ηὐσώ-</strong></span> 
     </span>
    </p>
   </div>
   <div class='ocr_carea' id='block_1_108' title="bbox 344 5513 1520 5597">
    <p class='ocr_par' dir='ltr' id='par_1_108' title="bbox 344 5513 1520 5597">
     <span class='ocr_line' id='line_1_108' title="bbox 344 5513 1520 5597; baseline 0.008 -24"><span class='ocrx_word' id='word_1_838' title='bbox 344 5534 518 5597; x_wconf 75' lang='grc' dir='ltr'><strong>φατον</strong></span> <span class='ocrx_word' id='word_1_839' title='bbox 547 5519 647 5597; x_wconf 33' lang='grc' dir='ltr'><strong>Β.-Δ</strong></span> <span class='ocrx_word' id='word_1_840' title='bbox 674 5593 690 5597; x_wconf 13' lang='grc' dir='ltr'><strong>ί,</strong></span> <span class='ocrx_word' id='word_1_841' title='bbox 720 5513 1090 5597; x_wconf 53' lang='lat' dir='ltr'><strong>*fpwatag&#39;e.</strong></span> <span class='ocrx_word' id='word_1_842' title='bbox 1121 5595 1127 5597; x_wconf 87' lang='lat'><strong><em>_</em></strong></span> <span class='ocrx_word' id='word_1_843' title='bbox 1173 5513 1216 5557; x_wconf 82' lang='grc' dir='ltr'><strong>ιό</strong></span> <span class='ocrx_word' id='word_1_844' title='bbox 1253 5513 1436 5597; x_wconf 72' lang='grc' dir='ltr'><strong>νάρκη</strong></span> <span class='ocrx_word' id='word_1_845' title='bbox 1455 5529 1520 5582; x_wconf 71' lang='grc' dir='ltr'>Α.</span> 
     </span>
    </p>
   </div>
   <div class='ocr_carea' id='block_1_109' title="bbox 347 5591 1863 5666">
    <p class='ocr_par' dir='ltr' id='par_1_109' title="bbox 347 5591 1863 5666">
     <span class='ocr_line' id='line_1_109' title="bbox 347 5591 1863 5666; baseline 0.008 -24"><span class='ocrx_word' id='word_1_846' title='bbox 347 5605 442 5666; x_wconf 65' lang='grc' dir='ltr'><strong>ξιον</strong></span> <span class='ocrx_word' id='word_1_847' title='bbox 593 5591 923 5666; x_wconf 15' lang='grc' dir='ltr'><strong>ξ³⁸βοᾲύδονᾎτα</strong></span> <span class='ocrx_word' id='word_1_848' title='bbox 940 5591 1015 5649; x_wconf 80' lang='grc' dir='ltr'>Ὀ.</span> <span class='ocrx_word' id='word_1_849' title='bbox 1094 5595 1139 5628; x_wconf 71' lang='grc'><strong>’⁸</strong></span> <span class='ocrx_word' id='word_1_850' title='bbox 1167 5591 1463 5666; x_wconf 75' lang='grc' dir='ltr'><strong>ἀσφὰλακα</strong></span> <span class='ocrx_word' id='word_1_851' title='bbox 1487 5599 1548 5653; x_wconf 88' lang='grc' dir='ltr'>Β.</span> <span class='ocrx_word' id='word_1_852' title='bbox 1573 5591 1863 5657; x_wconf 76' lang='grc' dir='ltr'><strong>ἀσπαλ.Ῥ.</strong></span> 
     </span>
    </p>
   </div>
   <div class='ocr_carea' id='block_1_110' title="bbox 347 5657 1485 5738">
    <p class='ocr_par' dir='ltr' id='par_1_110' title="bbox 347 5657 1485 5738">
     <span class='ocr_line' id='line_1_110' title="bbox 347 5657 1485 5738; baseline 0.01 -24"><span class='ocrx_word' id='word_1_853' title='bbox 347 5657 409 5716; x_wconf 86' lang='grc' dir='ltr'><strong>Β.</strong></span> <span class='ocrx_word' id='word_1_854' title='bbox 485 5661 528 5694; x_wconf 78' lang='grc'><em>³⁸</em></span> <span class='ocrx_word' id='word_1_855' title='bbox 556 5657 807 5735; x_wconf 77' lang='grc' dir='ltr'><strong>ειλῆσθαι</strong></span> <span class='ocrx_word' id='word_1_856' title='bbox 840 5664 902 5718; x_wconf 88' lang='grc' dir='ltr'><strong>Β.</strong></span> <span class='ocrx_word' id='word_1_857' title='bbox 980 5666 1026 5698; x_wconf 75' lang='grc'><strong>⁸⁸</strong></span> <span class='ocrx_word' id='word_1_858' title='bbox 1059 5668 1117 5721; x_wconf 71' lang='grc' dir='ltr'><strong>αἱ</strong></span> <span class='ocrx_word' id='word_1_859' title='bbox 1154 5657 1390 5738; x_wconf 79' lang='grc' dir='ltr'>κρ.ὀιη.</span> <span class='ocrx_word' id='word_1_860' title='bbox 1425 5669 1485 5725; x_wconf 89' lang='grc' dir='ltr'><strong>Β.</strong></span> 
     </span>
    </p>
   </div>
   <div class='ocr_carea' id='block_1_111' title="bbox 416 5817 864 5892">
    <p class='ocr_par' dir='ltr' id='par_1_111' title="bbox 416 5817 864 5892">
     <span class='ocr_line' id='line_1_111' title="bbox 416 5817 864 5892; baseline 0.007 -20"><span class='ocrx_word' id='word_1_861' title='bbox 416 5819 480 5892; x_wconf 77' lang='grc' dir='ltr'><strong>(ι)</strong></span> <span class='ocrx_word' id='word_1_862' title='bbox 519 5817 621 5878; x_wconf 92' lang='lat' dir='ltr'><strong>Od.</strong></span> <span class='ocrx_word' id='word_1_863' title='bbox 649 5819 708 5874; x_wconf 80' lang='grc' dir='ltr'><strong>ο.</strong></span> <span class='ocrx_word' id='word_1_864' title='bbox 739 5819 864 5875; x_wconf 80' lang='lat' dir='ltr'><strong>tet.</strong></span> 
     </span>
    </p>
   </div>
   <div class='ocr_carea' id='block_1_112' title="bbox 1635 5529 3643 5607">
    <p class='ocr_par' dir='ltr' id='par_1_112' title="bbox 1635 5529 3643 5607">
     <span class='ocr_line' id='line_1_112' title="bbox 1635 5529 3643 5607; baseline 0.012 -27"><span class='ocrx_word' id='word_1_865' title='bbox 1635 5529 1680 5560; x_wconf 81' lang='grc'>³⁸</span> <span class='ocrx_word' id='word_1_866' title='bbox 1712 5529 2623 5607; x_wconf 33' lang='grc' dir='ltr'><strong>παρκείμενον-Β,περικειμένους</strong></span> <span class='ocrx_word' id='word_1_867' title='bbox 2647 5537 2706 5590; x_wconf 82' lang='lat' dir='ltr'><strong>P.</strong></span> <span class='ocrx_word' id='word_1_868' title='bbox 2797 5529 2960 5589; x_wconf 77' lang='grc' dir='ltr'><strong>ἰ’ὲπ’</strong></span> <span class='ocrx_word' id='word_1_869' title='bbox 2987 5536 3293 5607; x_wconf 81' lang='grc' dir='ltr'><strong>ἀνθρώπων</strong></span> <span class='ocrx_word' id='word_1_870' title='bbox 3320 5534 3382 5592; x_wconf 86' lang='grc' dir='ltr'><strong>Β.</strong></span> <span class='ocrx_word' id='word_1_871' title='bbox 3461 5535 3507 5607; x_wconf 50' lang='grc' dir='ltr'><em>ῗῗ</em></span> <span class='ocrx_word' id='word_1_872' title='bbox 3539 5534 3643 5604; x_wconf 66' lang='grc' dir='ltr'><strong>ἄρ’</strong></span> 
     </span>
    </p>
   </div>
   <div class='ocr_carea' id='block_1_113' title="bbox 1971 5603 3636 5677">
    <p class='ocr_par' dir='ltr' id='par_1_113' title="bbox 1971 5603 3636 5677">
     <span class='ocr_line' id='line_1_113' title="bbox 1971 5603 3636 5677; baseline -0.001 -19"><span class='ocrx_word' id='word_1_873' title='bbox 1971 5603 2016 5636; x_wconf 77' lang='grc'><strong>⁸⁸</strong></span> <span class='ocrx_word' id='word_1_874' title='bbox 2046 5604 2200 5672; x_wconf 78' lang='grc' dir='ltr'><strong>τάξιν</strong></span> <span class='ocrx_word' id='word_1_875' title='bbox 2234 5603 2319 5677; x_wconf 79' lang='grc' dir='ltr'><strong>ήλ.</strong></span> <span class='ocrx_word' id='word_1_876' title='bbox 2355 5603 2433 5662; x_wconf 51' lang='grc' dir='ltr'>Β(</span> <span class='ocrx_word' id='word_1_877' title='bbox 2491 5609 2537 5640; x_wconf 77' lang='grc'>⁸⁸</span> <span class='ocrx_word' id='word_1_878' title='bbox 2564 5605 2740 5663; x_wconf 82' lang='grc' dir='ltr'><strong>οὖλαι.</strong></span> <span class='ocrx_word' id='word_1_879' title='bbox 2772 5609 2832 5663; x_wconf 84' lang='grc' dir='ltr'><strong>τὸ</strong></span> <span class='ocrx_word' id='word_1_880' title='bbox 2863 5610 2953 5677; x_wconf 80' lang='grc' dir='ltr'><strong>ὑγ.</strong></span> <span class='ocrx_word' id='word_1_881' title='bbox 2983 5607 3042 5663; x_wconf 87' lang='grc' dir='ltr'><strong>Β.</strong></span> <span class='ocrx_word' id='word_1_882' title='bbox 3095 5603 3165 5639; x_wconf 72' lang='grc'><strong>’³⁷</strong></span> <span class='ocrx_word' id='word_1_883' title='bbox 3195 5606 3289 5661; x_wconf 76' lang='grc' dir='ltr'><strong>καὶ</strong></span> <span class='ocrx_word' id='word_1_884' title='bbox 3319 5608 3382 5663; x_wconf 90' lang='grc' dir='ltr'><strong>Β.</strong></span> <span class='ocrx_word' id='word_1_885' title='bbox 3459 5605 3504 5638; x_wconf 77' lang='grc'><strong>’³</strong></span> <span class='ocrx_word' id='word_1_886' title='bbox 3540 5603 3636 5660; x_wconf 74' lang='grc' dir='ltr'><strong>καὶ</strong></span> 
     </span>
    </p>
   </div>
  </div>
