4138 6464
333 435 472 492 H97
1068 488 1075 493 ,
1603 433 1692 488 DE
1729 431 2025 490 NATURA
2070 428 2379 490 llOMlNIS.
3512 434 3655 493 “98

326 558 406 629 τῷ
436 555 787 612 καταπίνειν.
823 554 1052 625 Λαιμὸς
1077 553 1137 608 δὲ
1161 553 1258 608 καὶ
1287 553 1526 624 λάρυγξ
1565 555 1682 618 τοῖς
1704 553 1918 623 όνόμασ

2043 551 2106 606 τδ
2162 551 2384 622 πνεῦμα
2440 547 2676 612 ἐκεῖθεν,
2742 547 2892 619 quod
2943 548 3072 605 inde
3120 548 3378 607 videlicet:
3425 552 3654 622 spiritus

323 652 652 724 διαφέρουσι
685 651 874 722 μόνον·
924 649 1081 721 παρὰ
1107 650 1218 721 γὰρ
1244 647 1304 702 τὸ
1329 646 1527 710 λαίειν,
1559 648 1594 719 ἢ
1636 647 1886 712 λαύσειν,
1915 649 1921 697 ἑ

2047 645 2316 716 prosiliat,
2355 642 2438 698 vel
2468 641 2626 713 quasi
2652 641 2927 712 άνθερών,
2960 642 3064 698 hoc
3093 644 3447 700 tantumdem-
3473 645 3654 710 valet,

325 747 446 798 ἐστι
477 746 538 800 τδ
581 744 885 801 ἁπολάσειν
906 743 975 810 ⁸⁸,
1009 742 1305 814 ἀμφότερα
1341 740 1680 814 παράγεται·
1714 740 1805 794 διὰ
1832 740 1921 812 γὰι

2048 754 2114 794 ac
2166 738 2212 793 si
2275 737 2488 794 obicem
2524 734 2700 801 dicas,
2744 735 2892 807 quod
2932 737 3080 803 cibo,
3107 737 3238 792 dum
3292 752 3419 796 eum
3463 738 3654 808 deglu-

323 837 525 910 λαιμοῦ
572 840 670 894 καὶ
713 840 996 910 λάρυγγος
1029 837 1130 909 τὴν
1177 835 1486 892 ἀπόλαυσιν
1538 834 1778 912 ἔσχομεν
1829 834 1921 886 τῶε

2050 833 2240 898 timus,
2266 847 2334 886 ne
2361 831 2416 885 in
2447 829 2710 885 arteriam
2741 828 2969 892 incidat,
3000 829 3288 886 obstaculo
3322 839 3428 888 est.
3455 829 3657 886 Guttur
3709 877 3713 881 .

323 933 566 1001 τροφῶνο
598 931 829 1002 λαιμᾷν
851 932 962 1004 γὰρ
997 931 1060 985 τὸ
1094 927 1524 992 ἀπολαυστικῶς
1549 927 1696 1000 ἔχειν
1721 927 1916 1001 εῐρητα

2049 933 2234 980 autem
2260 923 2478 995 λαιμὸς,
2515 923 2612 988 καὶ
2647 922 2860 996 λάρυγξ
2883 923 3084 978 dicitur
3120 924 3376 996 (utraque
3412 925 3528 980 haec
3560 941 3658 979 no-

325 1027 482 1098 παρά
508 1045 678 1082 τισιν.
2050 1018 2198 1074 mine
2232 1024 2470 1080 tantum,
2513 1016 2651 1071 nihil
2699 1031 2830 1071 vero
2884 1031 2944 1070 re
2989 1015 3332 1087 discrepant,
3381 1018 3656 1085 siquidem

324 1120 560 1190 a-quzdia
616 1120 804 1176 munia
846 1117 1164 1190 peragunt),
1208 1115 1360 1189 παρὰ
1386 1115 1449 1184 τὸ
1487 1115 1787 1172 ἀπολαύειν
1834 1112 2089 1180 deducta,
2125 1109 2273 1181 quod
2345 1109 2457 1180 frui
2521 1108 2760 1175 diceres,
2828 1107 3102 1181 siquidem
3168 1109 3336 1181 hujus
3399 1111 3655 1167 ministe-

324 1217 412 1268 rio
433 1213 825 1270 alimentorum
846 1213 1037 1270 usibus
1066 1211 1325 1270 fruimur.

406 1360 472 1413 Ἦ
507 1360 564 1420 δὲ
597 1360 939 1432 ὑποκειμένη
981 1359 1058 1431 τῷ
1097 1359 1342 1432 λάρυγγι
1386 1340 1644 1429 ἀρτηρία
1686 1354 1921 1428 τραχεῖα

2109 1346 2277 1418 Atqui
2329 1345 2531 1402 arteria
2581 1345 2701 1416 ipsa
2731 1360 2855 1419 quae
2883 1345 3093 1419 gutturi
3146 1344 3395 1418 subjecta
3443 1355 3562 1413 est,
3621 1365 3652 1406 a

260 1510 265 1516 _
321 1451 668 1524 ὠνόμασται,
695 1455 759 1506 ὲκ
781 1452 876 1506 τοῦ
902 1451 1212 1522 πνεύμονος
1252 1451 1624 1524 ἀνερχομένη,
1661 1450 1738 1515 ὡς
1768 1451 1921 1521 πόρος

2039 1441 2302 1514 pulmone
2364 1448 2546 1493 ortum
2610 1453 2882 1506 sumens,
2935 1439 3094 1508 cujus
3141 1447 3196 1494 et
3261 1449 3478 1497 meatus
3519 1450 3650 1506 est,

320 1540 460 1598 οὖσα
508 1544 703 1598 αὑτοῦ·
743 1543 1018 1616 τετύχηκε
1064 1545 1123 1598 δὲ
1157 1545 1356 1598 τούτου
1399 1543 1495 1598 τοῦ
1527 1544 1798 1614 ὀνόματος
1837 1541 1921 1594 τοί

2040 1549 2235 1605 aspera
2287 1541 2641 1603 nuncupatur
2675 1551 2689 1588 :
2721 1547 2886 1603 quam
2924 1529 3052 1588 inde
3099 1547 3350 1602 asperam
3384 1533 3491 1589 dici
3527 1549 3652 1590 cer-

319 1639 554 1706 τραχεία
602 1635 900 1704 λέγεσθαι,
955 1635 1153 1707 ἐπειδὴ
1204 1635 1494 1702 σύγκειται
1544 1637 1609 1688 ὲκ
1656 1634 1921 1706 διαφόρωη

2037 1636 2156 1681 tum
2209 1633 2315 1691 cst,
2393 1623 2591 1694 quod,
2651 1637 2681 1676 a
2752 1622 2989 1678 diversis
3051 1623 3424 1691 substantiis,
3475 1641 3652 1680 mem-

319 1728 544 1791 οὐσιῶν,
586 1729 904 1800 χονδρωδῶν
930 1729 1080 1799 λέγω
1118 1731 1214 1784 καὶ
1243 1729 1566 1800 ὑμενωδῶν.
1613 1727 1787 1793 Εἰδὼς
1819 1727 1921 1799 γὰρ

2040 1719 2283 1783 branea,
2349 1717 2574 1787 inquam
2608 1755 2624 1782 ,
2673 1715 3142 1788 cartilagineaque
3195 1719 3653 1774 constitutionem

320 1823 351 1874 ό
374 1819 644 1892 Τεχνίτης
671 1823 776 1894 τῆς
814 1822 1032 1892 φύσεως
1066 1825 1150 1875 ὃτι
1189 1823 1482 1894 διαφόρους
1510 1821 1704 1893 ἔμελλε
1735 1821 1921 1893 χρείας

2039 1811 2233 1867 sortita
2295 1810 2387 1866 sit.
2452 1808 2590 1866 Cum
2653 1817 2864 1864 natura:
2914 1808 3152 1880 Opifex,
3214 1811 3429 1866 arteria:
3488 1811 3647 1882 ipsi,

319 1911 612 1973 ἀποτελεῖν
645 1916 716 1985 τῇ
758 1931 816 1968 τε
847 1916 1095 1984 ἀνα-πνοῇ
1135 1915 1231 1966 καί
1262 1917 1328 1986 τῇ
1363 1916 1516 1985 φωνῇ
1537 1954 1550 1976 .
1581 1915 1647 1966 ὲκ
1688 1913 1921 1984 χονδρώ-

2041 1913 2256 1982 diversa
2296 1912 2518 1983 explere
2567 1911 2790 1978 munia,
2842 1911 3074 1983 spiritus
3108 1913 3368 1970 videlicet»
3402 1914 3649 1985 recipro-

318 2004 442 2066 δους
486 2005 678 2069 οὐσίας
728 2006 902 2078 αὐτὴν
943 2007 1284 2078 ὲτεχνάσατο
1324 2007 1418 2059 καὶ
1457 2004 1803 2078 ὑμενώδους,
1844 2005 1921 2057 διΞ

2051 2007 2288 2064 cationis
2336 2016 2390 2062 et
2441 2005 2747 2061 formandae
2799 2007 2952 2062 vocis
3009 2021 3150 2077 Opus
3199 2021 3322 2062 esse
3397 2007 3646 2062 animad-

317 2094 418 2168 τῆν
456 2097 555 2166 τῆς
595 2097 817 2169 φωνῆς,
860 2097 936 2161 ὡς
976 2099 1072 2172 ἐπὶ
1118 2097 1180 2151 τὸ
1221 2098 1481 2166 πλεῖστον
1526 2098 1740 2168 χρείαν.
1786 2095 1937 2149 Ἔδει

319 2189 430 2259 γάρ
457 2191 558 2257 τὴν
587 2189 774 2262 φωνὴν
807 2190 1022 2262 στερεῷ
1054 2209 1159 2248 τινι
1195 2189 1413 2260 σώματι
1442 2189 1812 2262 προσκρούειν
1840 2190 1934 2244 καὶ

321 2279 398 2352 μὴ
428 2280 682 2352 μαλακῷ·
726 2282 995 2354 άλαμπὴς
1021 2283 1129 2362 γὰρ
1160 2283 1227 2338 ἂν
1267 2281 1444 2348 οὕτως
1483 2281 1718 2351 ἐγίνετο.
1761 2281 1932 2336 Πάλιν

2039 2107 2324 2164 verteret,
2376 2098 2580 2170 duplici
2646 2098 2796 2153 illam
2858 2108 3057 2154 natura
3108 2098 3468 2170 compositam
3525 2114 3648 2170 pro-

2040 2189 2230 2254 duxit,
2261 2189 2355 2245 sed
2393 2189 2459 2243 ad
2497 2189 2602 2244 hoc
2643 2189 2946 2260 praesertim
2990 2199 3052 2243 ut
3081 2188 3232 2244 vocis
3263 2189 3387 2244 usui
3423 2187 3648 2246 sufﬁce-

2044 2293 2146 2340 ret.
2172 2282 2493 2348 Enimvero,
2531 2297 2722 2337 vocem
2756 2281 2959 2352 ipsam,
3003 2273 3181 2337 solido
3209 2282 3373 2336 alicui
3398 2283 3644 2354 corpori,

316 2372 368 2424 εἰ
407 2373 473 2424 ἐκ
510 2372 751 2444 χόνδρων
796 2374 973 2446 μόνων
1002 2375 1048 2407 δι
1093 2374 1410 2440 συνέκειτο,
1457 2375 1558 2427 οὐκ
1603 2372 1669 2427 ἂν
1703 2373 1921 2426 ὲδύνατι

2042 2393 2158 2433 non
2203 2385 2387 2432 autem
2422 2375 2575 2431 molli
2613 2375 2843 2447 impingi
2879 2375 3147 2448 oportuit,
3185 2377 3314 2446 quia
3349 2375 3453 2431 hoc
3478 2384 3646 2446 pacto

314 2464 409 2516 ἐπὶ
445 2465 607 2520 πλέον
633 2469 679 2501 ⁸¹
717 2468 1080 2539 διασταλῆναι
1119 2470 1178 2523 ὲν
1215 2471 1340 2533 ταῖς
1375 2467 1644 2538 μεγάλαις
1686 2468 1921 2534 φωναῖς,

2039 2471 2159 2526 sine
2233 2484 2373 2526 sono
2447 2478 2614 2526 esset.
2680 2467 2739 2524 Si
2819 2469 3172 2540 cartilaginea
3259 2470 3642 2525 tantummodo

313 2558 410 2612 καὶ
436 2557 733 2631 διαρκέσαι
772 2563 830 2614 ὲν
866 2563 932 2632 τῇ
962 2561 1235 2632 άναπνοῇ.
1275 2559 1386 2613 Καὶ
1414 2558 1503 2612 διὰ
1526 2558 1686 2612 τοῦτο
1719 2557 1921 2628 μεταξὺ

2037 2577 2239 2618 natura
2295 2561 2499 2617 arteria
2557 2569 2861 2626 constaret,
2895 2561 3007 2632 82
3041 2561 3092 2616 in
3119 2561 3460 2618 vehementis
3487 2562 3638 2620 vocis

311 2649 423 2701 τῶν
455 2651 700 2722 χόνδρων
729 2654 858 2717 τοὺς
896 2652 1105 2724 ὑμένας
1137 2652 1485 2706 συντέθεικεν
1509 2650 1576 2684 ⁸³·
1604 2650 1746 2704 ὥστε
1794 2651 1921 2714 τοὺς

2031 2653 2368 2717 emissione,
2412 2652 2668 2724 plurimae
2699 2652 2864 2709 simul
2916 2653 3248 2719 extensioni,
3290 2668 3354 2710 ac
3409 2653 3640 2724 spiritus

312 2740 574 2811 χόνδρους
603 2743 704 2812 μὲν
728 2743 819 2797 διὰ
844 2743 945 2815 τὴν
968 2743 1176 2814 φωνὴν,
1213 2745 1340 2807 τοὺς
1368 2742 1580 2814 ὑμένας
1617 2742 1674 2796 δὲ
1699 2741 1788 2797 διὰ
1817 2743 1920 2812 τὴν

2029 2745 2470 2815 reciprocationi,
2503 2743 2754 2800 suliicere
2783 2744 3100 2815 neutiquam
3143 2756 3350 2816 posset.
3384 2745 3495 2802 Hac
3534 2747 3638 2801 ita-

310 2833 589 2905 άναπνοὴν
609 2834 656 2868 ⁸⁸
680 2836 965 2904 γενέσθαι.

2029 2850 2130 2906 que
2165 2836 2232 2890 de
2262 2850 2452 2899 causa,
2487 2835 2872 2908 cartilaginem.
2893 2853 3019 2894 cum
3052 2839 3370 2895 membrana
3406 2854 3640 2911 compo-

311 2931 440 3000 suit,
473 2947 620 3002 quo,
648 2939 818 3000 altera
857 2935 1079 3007 quidem
1115 2934 1183 2990 ad
1208 2934 1359 2991 vocis
1395 2951 1556 2991 usum
1611 2933 1704 3000 sit,
1737 2931 2054 2989 membrana
2089 2947 2223 2989 vero
2259 2933 2612 3004 respirationi
2663 2935 3201 2991 accommodaretur.

2087 3064 2216 3124 Haec
2237 3075 2420 3126 autem
2452 3067 2683 3134 arteria,
2705 3067 3058 3142 extrinsecus
3094 3083 3322 3138 aspera;
3359 3067 3482 3139 ejus
3509 3085 3640 3124 vero

2019 3161 2167 3228 quod
2194 3161 2344 3217 intus
2371 3169 2477 3228 est,
2499 3161 2823 3231 neutiquam
2845 3162 2970 3227 tale,
2987 3161 3081 3220 sed
3098 3162 3187 3217 illa
3206 3178 3270 3218 ex
3289 3175 3442 3234 parte
3459 3163 3638 3234 ipsam

311 3252 401 3307 ἵνα
427 3254 502 3326 μὴ
525 3255 954 3328 προσπίπτουσα
980 3257 1014 3326 ἡ
1035 3255 1337 3326 τῆςφωνῆς
1359 3254 1462 3325 ὕλη
1481 3253 1819 3327 τραχύνηται
1843 3253 1912 3285 “-

2029 3263 2192 3306 totam
2230 3254 2374 3309 levis
2397 3253 2692 3309 admodum
2723 3255 2976 3324 quaedam
3013 3256 3332 3312 membrana
3367 3256 3538 3322 velat,
3569 3270 3639 3310 ne

313 3345 414 3418 ὕλη
438 3347 495 3400 δὲ
513 3349 699 3417 φωνῆς
722 3348 946 3418 πνεῦμά
965 3349 1110 3401 ὲστι.
1139 3347 1375 3418 Πλησίον
1393 3347 1453 3400 δὲ
1471 3347 1681 3415 ταύτης
1705 3345 1802 3398 καὶ
1821 3344 1848 3397 ὁ
1866 3344 1916 3375 ⁵⁸

2029 3346 2228 3404 scilicet
2255 3347 2504 3415 spiritus,
2533 3346 2628 3416 qui
2660 3348 2814 3402 vocis
2839 3348 3067 3402 materia
3099 3357 3215 3413 est,
3251 3349 3304 3402 in
3335 3364 3502 3420 rugas
3551 3348 3638 3403 in-

311 3438 616 3505 οἰσοφάγος
643 3438 828 3508 ἐπάγη
856 3454 871 3468 ο
897 3439 1069 3508 πόρος
1097 3438 1155 3490 δέ
1185 3441 1304 3491 ἐστι
1335 3438 1432 3490 καὶ
1461 3437 1627 3501 αὐτὸς
1658 3438 1761 3507 τῆς
1813 3454 1914 3506 γα·-

2029 3435 2212 3491 eidens
2271 3450 2435 3504 asper
2483 3436 2827 3498 redderetur.
2884 3437 2992 3506 lpsi
3042 3448 3224 3494 autem
3284 3439 3410 3509 gula
3466 3456 3634 3510 quant

315 3532 478 3598 στρος
506 3569 522 3595 ,
555 3532 615 3581 ὲν
644 3529 784 3598 αὐτῇ
816 3528 918 3598 τὴν
961 3529 1173 3600 τροφὴν
1225 3529 1624 3601 προσκομίζων
1651 3544 1664 3570 φ
1700 3529 1766 3583 ὲκ
1819 3527 1915 3582 τοῦ

2029 3525 2321 3594 οἰσοφάγον
2369 3525 2544 3580 Graeci
2577 3527 2883 3597 appellant,
2921 3538 3208 3598 compacta
3238 3528 3501 3597 adhaeret,
3523 3532 3623 3601 qui

312 3621 412 3672 οἴω
433 3620 494 3672 τὸ
515 3619 736 3689 κομίζω
760 3620 937 3682 οὕτως
963 3620 1293 3692 ὀνομασθείς
1318 3636 1332 3651 °
1369 3621 1491 3674 ἔστι
1521 3621 1579 3674 δὲ
1623 3620 1720 3674 καὶ
1756 3621 1921 3684 αὐτὸς

2029 3627 2237 3684 meatus
2271 3619 2340 3673 ad
2373 3619 2557 3677 alvum
2587 3619 2783 3686 tendit,
2820 3635 2919 3689 per
2957 3635 3120 3689 quem
3153 3621 3259 3692 ipsi
3303 3621 3627 3678 alimentum

313 3709 620 3782 νευρώδης,
646 3711 743 3765 καὶ
768 3707 882 3766 οἷον
907 3713 1274 3784 ὲντεροειδής.
1307 3713 1390 3767 Τὰ
1423 3713 1482 3768 δὲ
1513 3715 1852 3783 παρισθμια
1871 3713 1916 3745 ⁵⁷

2034 3710 2505 3778 sutnuinistratnr.
2574 3709 2705 3766 inde
2734 3711 3030 3782 οἰσοφάγον
3061 3713 3208 3770 dicta
3270 3715 3338 3769 ὲκ
3393 3715 3492 3769 τοῦ
3536 3715 3637 3772 οίω

318 3804 524 3874 σαρκία
564 3806 674 3858 εἰσὶ
694 3805 742 3839 ⁸⁸
788 3804 884 3866 τοῦ
921 3805 1219 3878 φάρυγγος
1256 3805 1446 3878 μυώδη
1505 3807 1603 3861 καὶ
1629 3806 1876 3878 νευρώδη
1903 3819 1918 3835 ⁸

2031 3803 2098 3866 τὸ
2143 3802 2381 3873 κομίζω,
2426 3803 2574 3874 quod
2599 3803 2853 3859 videlicet
2877 3805 3001 3860 alvo
3031 3805 3352 3862 alimentum
3414 3807 3628 3864 afferat.

383 3067 627 3138 τραχεῖα
658 3068 757 3139 μὲν
787 3065 881 3123 οὖν
909 3071 1064 3122 ἐστιν
1084 3069 1308 3134 ἐξωθενο
1341 3068 1546 3128 ἔσωθεν
1573 3067 1630 3123 δὲ
1655 3067 1757 3123 οὐκ
1781 3066 1864 3122 ἔτι
1885 3082 1903 3098 ο

312 3160 606 3231 ὑπαλείφει
632 3161 744 3234 γὰρ
776 3161 950 3232 αὑτῆς
968 3162 1091 3215 ὅλον
1113 3163 1205 3216 τὸν
1235 3162 1402 3230 πόρον
1445 3163 1592 3234 ὑμήν
1629 3177 1714 3224 τις
1743 3161 1910 3223 λεῖος,

311 3894 562 3962 λέγονται
587 3896 651 3950 δὲ
673 3895 850 3962 οὕτως
871 3897 1046 3952 διὰτὸ
1083 3899 1272 3957 στενὸν
1303 3898 1400 3954 τοῦ
1427 3900 1486 3954 ὲν
1513 3893 1560 3968 ᾧ
1581 3900 1687 3956 εἰσι
1712 3900 1879 3953 τόπου
1901 3915 1916 3928 ’

313 3991 412 4043 καὶ
441 3989 530 4044 διὰ
557 3991 622 4044 τὸ
657 3992 1039 4062 παρακεῖσθαι
1068 3991 1147 4063 τῷ
1174 3993 1355 4065 ἰσθμῷ
1380 4009 1396 4025 ·
1433 3994 1648 4064 ἰσθμὸς
1677 3992 1736 4050 δέ
1769 3994 1920 4059 ἐστιν

312 4079 342 4131 ό
375 4081 562 4144 στενὸς
591 4081 783 4144 τόπος,
815 4081 882 4134 δι’
913 4077 974 4137 οὒ
1005 4081 1154 4136 ἔστιν
1180 4082 1318 4137 ἰέναι
1351 4083 1450 4156 τὴν
1487 4083 1662 4154 πνοήν
1689 4099 1702 4114 ·
1743 4083 1777 4154 ἡ
1808 4083 1924 4154 γάρ

317 4171 526 4241 μεταξὺ
553 4173 711 4245 χώρα
743 4173 842 4228 τοῦ
869 4176 1172 4245 οἰσοφάγον
1197 4179 1294 4230 καὶ
1333 4179 1433 4248 τῆς
1464 4177 1731 4249 τραχείας
1753 4179 1922 4248 ἀρτηο

313 4265 461 4335 ρίας,
501 4267 697 4337 ἰσθμὸς
723 4267 1002 4332 καλεῖται,
1031 4270 1184 4340 παρὰ
1222 4269 1282 4322 τὸ
1305 4271 1350 4303 ⁸⁸
1379 4268 1446 4331 δι’
1473 4269 1644 4323 αὑτοῦ
1678 4270 1914 4334 εἰσιέναι

309 4357 381 4410 τὰ
421 4355 694 4428 βρώματα
729 4358 822 4412 καί
863 4360 932 4414 τὰ
966 4359 1194 4431 πόματα
1219 4360 1288 4418 θθ.
1323 4360 1490 4414 Ὅθεν
1516 4359 1614 4414 καὶ
1659 4360 1920 4429 παρισθ-

304 4466 416 4518 ιιια
443 4451 540 4504 καὶ
577 4449 928 4518 (trador-rc“
972 4451 1256 4522 λέγονται,
1301 4452 1393 4506 διὰ
1446 4453 1506 4506 τὸ
1565 4451 1919 4508 ἀντικεῖσθαι

309 4540 587 4611 ἀλλήλοις.
642 4542 804 4610 Τινὲς
868 4543 927 4596 δὲ
984 4545 1078 4598 καὶ
1125 4545 1370 4615 ,βράγχη
1426 4545 1687 4603 καλοῦσιν
1747 4546 1917 4600 αὑτά’

331 4634 547 4692 ἐκεῖθεν
575 4634 686 4706 γὰρ
716 4637 817 4690 καὶ
842 4637 904 4690 τὸ
954 4637 1224 4710 βραγχιᾷν
1280 4639 1453 4704 πάθος
1503 4639 1742 4708 γίνεται.
1802 4640 1921 4694 Πᾶν

328 4726 438 4795 γάρ
469 4726 638 4797 ὑγρὸν
658 4729 721 4780 ὲκ
745 4729 1053 4799 φάρυγγος,
1083 4733 1180 4784 καὶ
1213 4731 1636 4802 λάρυγγος,-κα“ι
1659 4731 1918 4804 βραγχῶν

2033 3894 2102 3962 Et
2149 3897 2267 3966 ipsa
2304 3894 2528 3966 quidem
2581 3896 2767 3952 nervis
2794 3895 3018 3965 referta,
3067 3906 3122 3954 ει
3167 3899 3328 3970 quasi
3377 3900 3638 3956 intestino

2022 3987 2223 4048 similis
2261 3997 2364 4044 est.
2399 3986 2508 4043 Sed
2537 3995 2592 4044 et
2624 3989 2883 4053 tonsillae,
2922 4005 3046 4060 qua:
3076 3991 3147 4046 ab
3173 3991 3264 4048 his
3292 3991 3634 4065 παρίσθμια,

2023 4077 2269 4134 faucium
2321 4080 2562 4150 gutturis
2616 4081 2930 4137 carunculae
2980 4093 3151 4150 sunt,
3207 4085 3474 4140 musculis
3514 4100 3640 4140 ner-

2022 4173 2221 4242 visque
2251 4172 2495 4240 refertae,
2523 4173 2841 4246 παρίσθμια
2874 4175 2945 4230 ob
2963 4176 3066 4230 loci
3098 4177 3405 4248 angustiam
3439 4177 3494 4232 in
3525 4193 3638 4248 quo

2024 4263 2344 4319 consistunt
2375 4263 2536 4320 dieue
2569 4264 2717 4335 quod
2750 4265 2941 4321 isthmi
2981 4265 3402 4322 similitudinem
3435 4281 3640 4336 reprae-

2023 4363 2285 4422 sentcnt;
2319 4371 2446 4414 nam
2480 4357 2717 4413 isthmos
2737 4367 3008 4429 angustus
3034 4359 3190 4416 locus
3211 4367 3317 4425 est,
3342 4374 3441 4431 per
3469 4375 3636 4430 quem

2024 4450 2281 4522 spiritus,
2310 4449 2461 4506 intus
2523 4467 2590 4507 ac
2620 4459 2798 4520 extra,
2841 4453 3206 4524 reciprocatio
3241 4462 3408 4510 meat.
3447 4453 3637 4526 Siqui-

2023 4554 2172 4624 dem,
2220 4553 2430 4623 capcdo
2462 4553 2642 4610 media
2694 4554 2835 4609 inter
2863 4556 3046 4625 gulam
3089 4566 3145 4611 ct
3187 4571 3440 4627 asperam
3489 4564 3640 4611 arte-

2025 4647 2164 4703 riam
2211 4647 2449 4701 isthmos
2494 4647 2718 4714 dicitur,
2770 4647 2880 4702 ἀπὸ
2919 4648 3025 4702 τοῦ
3047 4649 3295 4713 εἰσιέναι,
3340 4648 3488 4720 quod
3541 4663 3641 4719 per

2027 4735 2209 4806 ipsum
2243 4735 2498 4794 videlicet
2526 4753 2652 4808 qua:
2705 4751 2805 4792 esu
2846 4746 3437 4812 potuquesumuntur,
3489 4739 3644 4794 intus

309 4817 574 4887 φέρεται9
603 4819 713 4872 εἰσί
757 4819 816 4871 δὲ
871 4821 940 4872 τὰ
991 4819 1209 4893 βράγχη
1241 4822 1288 4854 ⁸³
1342 4823 1545 4893 σαρκία
1582 4823 1796 4895 μυώδη.
1847 4823 1911 4878 'H

2029 4826 2398 4897 ingrediantur
2429 4843 2496 4888 ac
2539 4838 2846 4900 penetrem.
2906 4831 3109 4887 Adhazc
3155 4840 3337 4888 autem
3382 4831 3637 4914 tonsillae.

311 4911 464 4964 πᾶσα
511 4910 699 4964 τοίνυν
722 4911 820 4965 τοῦ
861 4912 1132 4982 στόματος
1185 4913 1342 4986 χώρα
1388 4915 1629 4987 φάρυγξ
1681 4917 1904 4987 λέγεται

2029 4935 2136 4989 iure
2182 4928 2237 4975 et
2297 4919 2654 4993 παρίσθμια,
2688 4922 2784 4976 καὶ
2853 4923 3138 4990 ἀνθιάδες,
3185 4924 3345 4995 quasi
3405 4910 3637 4981 invicem
3707 4931 3711 4935 '

311 5003 404 5055 καὶ
434 5003 670 5072 λάρυγξ
694 5021 708 5036 ο
747 5005 810 5059 τὸ
840 5006 943 5076 μὲν
969 5005 1244 5076 ἐσώτερον
1276 5006 1514 5078 λάρυγξ
1533 5049 1549 5074 ,
1583 5009 1643 5064 τὸ
1676 5009 1734 5064 δὲ
1775 5009 1912 5077 ἐξώ-

305 5111 464 5164 τερον
505 5095 768 5166 φάρυγξ.

2021 5013 2380 5086 adversantes
2443 5017 2568 5071 sint-
2603 5016 2910 5072 dicuntur:
2967 5020 3282 5074 caruncula:
3329 5018 3476 5074 enim
3534 5019 3643 5075 illm

2013 5120 2081 5160 ex
2125 5105 2358 5162 adverso
2390 5106 2624 5164 invicem
2665 5109 2999 5166 consistunt.
3044 5109 3183 5168 Sunt
3210 5112 3304 5183 qui
3344 5129 3438 5168 eas
3473 5113 3639 5169 bran-

309 5191 463 5246 chfas
528 5193 971 5261 dictitant;inde
1034 5195 1180 5252 enim
1210 5197 1395 5268 passio
1462 5213 1587 5269 qua
1660 5197 1903 5256 raucedo
1980 5203 2286 5274 appellatur
2340 5205 2610 5276 originem
2655 5208 2844 5266 trahit.
2887 5207 3128 5266 Etenim
3185 5210 3369 5266 oumis
3441 5212 3646 5266 humor

308 5296 376 5334 ex
420 5279 672 5338 faucibus
726 5287 964 5356 gutturis
1017 5296 1074 5342 et
1118 5304 1186 5343 ex
1265 5297 1487 5360 gutture
1525 5291 1689 5361 ipso,
1745 5307 1960 5348 necnon
2001 5310 2070 5365 ex
2117 5295 2397 5353 branchiis
2457 5298 2653 5356 fertur.
2709 5300 2998 5358 Branchia:
3069 5311 3289 5367 autem.
3363 5319 3641 5360 caruncu-

309 5375 375 5429 lae
405 5379 734 5470 musculosa:
757 5389 916 5438 sunt.
957 5382 1150 5444 Omnis
1181 5385 1368 5455 itaque
1420 5387 1536 5442 oris
1609 5387 1856 5458 capedo,
1903 5392 2145 5460 gutturis
2187 5391 2375 5450 fauces
2427 5405 2480 5450 et
2553 5404 2742 5468 guttur
2799 5408 3172 5469 nuncupatur.
3216 5398 3372 5466 Quod
3414 5399 3637 5470 quidem

310 5469 490 5542 magis
523 5471 672 5530 intus
739 5476 947 5546 vergit,
1012 5489 1223 5549 guttur,
1255 5482 1402 5552 quod
1444 5498 1575 5539 vero
1605 5484 1848 5544 exterius
1879 5496 1982 5554 est,
2025 5486 2213 5546 fauces
2243 5491 2483 5562 gutturis
2501 5499 2646 5548 recte
2663 5493 2896 5564 quilibet
2924 5495 3108 5551 dicere
3137 5503 3322 5566 queat.

382 5789 428 5822 '°
463 5787 526 5841 τὸ
555 5788 868 5846 ἀπολαύειν.
904 5793 967 5846 Β.
1044 5794 1087 5826 ⁵¹

310 5877 402 5911 ται
444 5859 505 5916 Β.
581 5861 629 5892 ⁸⁸
663 5864 692 5915 ό
732 5878 842 5916 om.
883 5866 946 5918 Α.

313 5931 356 5961 ⁶¹
389 5929 628 6005 βραγχία
659 5935 706 5988 Δ
740 5935 806 5991 Ρ.
839 5946 893 5992 ct
932 5937 1011 5994 sic
1034 5929 1218 6008 supra:

1134 5796 1392 5871 μόνον
1467 5798 1514 5831 δ’
1559 5799 1742 5854 πλεῖον
1778 5801 1839 5856 Β.
1917 5802 1964 5866 (⁵³
1997 5801 2301 5871 συνέθηκεν
2337 5804 2396 5868 Β,
2429 5803 2574 5859 ὲνέο.
2606 5804 2666 5858 Ρ.

1038 5866 1083 5898 ⁸⁷
1117 5869 1452 5942 παρισθίμια
1493 5872 1557 5926 Α.
1634 5871 1680 5904 ³³
1711 5874 1831 5927 ἐστὶ
1853 5871 1914 5928 Β.
1991 5875 2038 5910 ⁸9
2069 5873 2164 5928 τοῦ
2187 5866 2264 5930 Ἀ.
2341 5866 2482 5928 “1‘1
2520 5876 2661 5930 ποτὰ
2689 5893 2744 5930 κ.
2773 5894 2823 5932 τ.
2862 5866 3151 5949 ppsmn.
3233 5879 3276 5911 ⁸³
3321 5880 3377 5934 αἰ
3412 5866 3534 5932 ἀντ.
3570 5866 3631 5932 Β.

2759 5805 2808 5838 ³⁸⁵
2832 5805 3112 5876 ἀναπνοὴν
3144 5807 3209 5860 Α.
3305 5808 3350 5839 ⁸⁸
3383 5805 3630 5875 παχύντιο

2773 5894 2823 5928 τ.
2865 5877 3045 5928 Bacon.
3091 5879 3151 5928 Β.
3233 5879 3276 5911 ⁸³
3321 5880 3377 5928 αἰ
3412 5881 3534 5928 ἀντ.
3570 5843 3630 5928 ll.
