  <div class='ocr_page' id='page_1' title='image "/cluster/home/n/w/nwhite01/storage/ocr_20150623/64:no.13/coo.31924054869643/643.png"; bbox 0 0 4138 6472; ppageno 0'>
   <div class='ocr_carea' id='block_1_1' title="bbox 526 381 2124 440">
    <p class='ocr_par' dir='ltr' id='par_1_1' title="bbox 526 381 2111 440">
     <span class='ocr_line' id='line_1_1' title="bbox 526 381 2111 440; baseline 0.001 -3"><span class='ocrx_word' id='word_1_1' title='bbox 526 381 662 437; x_wconf 79' lang='grc' dir='ltr'><strong>1Ξο5</strong></span> <span class='ocrx_word' id='word_1_2' title='bbox 1832 383 2111 440; x_wconf 81' lang='lat' dir='ltr'><strong>MELETII</strong></span> 
     </span>
    </p>
   </div>
   <div class='ocr_carea' id='block_1_2' title="bbox 2212 381 3773 440">
    <p class='ocr_par' dir='ltr' id='par_1_2' title="bbox 2212 381 3773 440">
     <span class='ocr_line' id='line_1_2' title="bbox 2212 381 3773 440; baseline 0 -1"><span class='ocrx_word' id='word_1_3' title='bbox 2212 382 2464 440; x_wconf 77' lang='lat' dir='ltr'><strong>ONACHI</strong></span> <span class='ocrx_word' id='word_1_4' title='bbox 3635 381 3773 439; x_wconf 70' lang='grc' dir='ltr'><strong>12οι</strong></span> 
     </span>
    </p>
   </div>
   <div class='ocr_carea' id='block_1_3' title="bbox 523 492 2124 570">
    <p class='ocr_par' dir='ltr' id='par_1_3' title="bbox 523 492 2097 570">
     <span class='ocr_line' id='line_1_3' title="bbox 523 492 2097 570; baseline 0.005 -22"><span class='ocrx_word' id='word_1_5' title='bbox 523 509 636 549; x_wconf 87' lang='lat' dir='ltr'><strong>rem</strong></span> <span class='ocrx_word' id='word_1_6' title='bbox 677 492 917 552; x_wconf 80' lang='lat' dir='ltr'><strong>viviﬁcat</strong></span> <span class='ocrx_word' id='word_1_7' title='bbox 959 505 1125 567; x_wconf 88' lang='lat' dir='ltr'><strong>atque</strong></span> <span class='ocrx_word' id='word_1_8' title='bbox 1191 497 1477 554; x_wconf 98' lang='lat' dir='ltr'><strong>instaurat.</strong></span> <span class='ocrx_word' id='word_1_9' title='bbox 1522 497 1588 554; x_wconf 85' lang='lat' dir='ltr'><strong>Et</strong></span> <span class='ocrx_word' id='word_1_10' title='bbox 1638 513 1762 555; x_wconf 88' lang='lat' dir='ltr'><strong>cum</strong></span> <span class='ocrx_word' id='word_1_11' title='bbox 1807 501 1922 570; x_wconf 88' lang='lat' dir='ltr'><strong>ipsa</strong></span> <span class='ocrx_word' id='word_1_12' title='bbox 1965 515 2097 557; x_wconf 84' lang='lat' dir='ltr'><strong>sana</strong></span> 
     </span>
    </p>
   </div>
   <div class='ocr_carea' id='block_1_4' title="bbox 2212 492 3789 570">
    <p class='ocr_par' dir='ltr' id='par_1_4' title="bbox 2212 494 3789 570">
     <span class='ocr_line' id='line_1_4' title="bbox 2212 494 3789 570; baseline -0.001 -18"><span class='ocrx_word' id='word_1_13' title='bbox 2212 502 2283 564; x_wconf 79' lang='grc' dir='ltr'><strong>είς</strong></span> <span class='ocrx_word' id='word_1_14' title='bbox 2313 501 2374 552; x_wconf 75' lang='grc' dir='ltr'>τὸ</span> <span class='ocrx_word' id='word_1_15' title='bbox 2397 500 2495 570; x_wconf 77' lang='grc' dir='ltr'>ζῇν</span> <span class='ocrx_word' id='word_1_16' title='bbox 2521 496 2700 560; x_wconf 84' lang='grc' dir='ltr'>καλῶς</span> <span class='ocrx_word' id='word_1_17' title='bbox 2725 499 2838 562; x_wconf 81' lang='grc' dir='ltr'>τοῖς</span> <span class='ocrx_word' id='word_1_18' title='bbox 2863 494 3022 562; x_wconf 77' lang='grc' dir='ltr'>ζὼοις</span> <span class='ocrx_word' id='word_1_19' title='bbox 3044 498 3090 532; x_wconf 70' lang='grc'><strong>’⁸</strong></span> <span class='ocrx_word' id='word_1_20' title='bbox 3117 515 3180 552; x_wconf 89' lang='grc' dir='ltr'><strong>συ</strong></span> <span class='ocrx_word' id='word_1_21' title='bbox 3189 496 3489 568; x_wconf 79' lang='grc' dir='ltr'>μόἀλλεται</span> <span class='ocrx_word' id='word_1_22' title='bbox 3507 511 3521 526; x_wconf 78' lang='grc'><strong><em>⁸</em></strong></span> <span class='ocrx_word' id='word_1_23' title='bbox 3555 495 3789 568; x_wconf 73' lang='grc' dir='ltr'>βεϐλαμ·</span> 
     </span>
    </p>
   </div>
   <div class='ocr_carea' id='block_1_5' title="bbox 521 585 2124 661">
    <p class='ocr_par' dir='ltr' id='par_1_5' title="bbox 521 585 2099 658">
     <span class='ocr_line' id='line_1_5' title="bbox 521 585 2099 658; baseline 0.006 -22"><span class='ocrx_word' id='word_1_24' title='bbox 521 585 819 655; x_wconf 86' lang='lat' dir='ltr'><strong>valensque</strong></span> <span class='ocrx_word' id='word_1_25' title='bbox 867 585 1052 650; x_wconf 86' lang='lat' dir='ltr'><strong>fuerit,</strong></span> <span class='ocrx_word' id='word_1_26' title='bbox 1082 587 1379 658; x_wconf 85' lang='lat' dir='ltr'><strong>plurimum</strong></span> <span class='ocrx_word' id='word_1_27' title='bbox 1410 587 1644 653; x_wconf 85' lang='lat' dir='ltr'><strong>confert,</strong></span> <span class='ocrx_word' id='word_1_28' title='bbox 1700 590 1777 644; x_wconf 90' lang='lat' dir='ltr'><strong>uti</strong></span> <span class='ocrx_word' id='word_1_29' title='bbox 1807 589 2099 646; x_wconf 79' lang='lat' dir='ltr'><strong>incolumis</strong></span> 
     </span>
    </p>
   </div>
   <div class='ocr_carea' id='block_1_6' title="bbox 2212 585 3790 661">
    <p class='ocr_par' dir='ltr' id='par_1_6' title="bbox 2212 588 3790 661">
     <span class='ocr_line' id='line_1_6' title="bbox 2212 588 3790 661; baseline 0.002 -20"><span class='ocrx_word' id='word_1_30' title='bbox 2212 591 2384 661; x_wconf 82' lang='grc' dir='ltr'>μένως</span> <span class='ocrx_word' id='word_1_31' title='bbox 2401 591 2444 620; x_wconf 81' lang='grc'><strong>⁸⁷</strong></span> <span class='ocrx_word' id='word_1_32' title='bbox 2479 588 2537 641; x_wconf 86' lang='grc' dir='ltr'>δὲ</span> <span class='ocrx_word' id='word_1_33' title='bbox 2571 589 2948 659; x_wconf 79' lang='grc' dir='ltr'><strong>διακειμένης,</strong></span> <span class='ocrx_word' id='word_1_34' title='bbox 2999 590 3224 659; x_wconf 73' lang='grc' dir='ltr'>σφάλλει</span> <span class='ocrx_word' id='word_1_35' title='bbox 3262 590 3329 642; x_wconf 87' lang='grc' dir='ltr'><strong>τά</strong></span> <span class='ocrx_word' id='word_1_36' title='bbox 3360 589 3496 654; x_wconf 82' lang='grc' dir='ltr'>ζῶα,</span> <span class='ocrx_word' id='word_1_37' title='bbox 3528 591 3624 642; x_wconf 78' lang='grc' dir='ltr'>καὶ</span> <span class='ocrx_word' id='word_1_38' title='bbox 3667 590 3790 644; x_wconf 82' lang='grc' dir='ltr'>δια-</span> 
     </span>
    </p>
   </div>
   <div class='ocr_carea' id='block_1_7' title="bbox 523 677 2124 752">
    <p class='ocr_par' dir='ltr' id='par_1_7' title="bbox 523 677 2098 745">
     <span class='ocr_line' id='line_1_7' title="bbox 523 677 2098 745; baseline 0.003 -14"><span class='ocrx_word' id='word_1_39' title='bbox 523 677 842 731; x_wconf 89' lang='lat' dir='ltr'><strong>animalium</strong></span> <span class='ocrx_word' id='word_1_40' title='bbox 885 679 996 733; x_wconf 80' lang='lat' dir='ltr'><strong>vita</strong></span> <span class='ocrx_word' id='word_1_41' title='bbox 1038 691 1318 745; x_wconf 76' lang='lat' dir='ltr'><strong>servetur;</strong></span> <span class='ocrx_word' id='word_1_42' title='bbox 1356 695 1480 734; x_wconf 91' lang='lat' dir='ltr'><strong>cum</strong></span> <span class='ocrx_word' id='word_1_43' title='bbox 1527 695 1660 735; x_wconf 80' lang='lat' dir='ltr'><strong>vero</strong></span> <span class='ocrx_word' id='word_1_44' title='bbox 1716 680 2098 736; x_wconf 89' lang='lat' dir='ltr'><strong>detrimentum</strong></span> 
     </span>
    </p>
   </div>
   <div class='ocr_carea' id='block_1_8' title="bbox 2212 677 3791 752">
    <p class='ocr_par' dir='ltr' id='par_1_8' title="bbox 2212 679 3791 752">
     <span class='ocr_line' id='line_1_8' title="bbox 2212 679 3791 752; baseline 0.002 -19"><span class='ocrx_word' id='word_1_45' title='bbox 2212 681 2421 750; x_wconf 78' lang='grc' dir='ltr'>φθείρει</span> <span class='ocrx_word' id='word_1_46' title='bbox 2451 679 2609 733; x_wconf 77' lang='grc' dir='ltr'>αὐτὰ.</span> <span class='ocrx_word' id='word_1_47' title='bbox 2645 680 3010 750; x_wconf 82' lang='grc' dir='ltr'>Γενεσιουργὰ</span> <span class='ocrx_word' id='word_1_48' title='bbox 3048 681 3106 734; x_wconf 68' lang='grc' dir='ltr'>δὲ</span> <span class='ocrx_word' id='word_1_49' title='bbox 3154 682 3307 735; x_wconf 85' lang='grc' dir='ltr'>αἴτια</span> <span class='ocrx_word' id='word_1_50' title='bbox 3355 680 3459 752; x_wconf 86' lang='grc' dir='ltr'><strong>τῆς</strong></span> <span class='ocrx_word' id='word_1_51' title='bbox 3509 683 3791 752; x_wconf 77' lang='grc' dir='ltr'><strong>ἀναπνοῆς</strong></span> 
     </span>
    </p>
   </div>
   <div class='ocr_carea' id='block_1_9' title="bbox 521 769 2100 840">
    <p class='ocr_par' dir='ltr' id='par_1_9' title="bbox 521 769 2100 840">
     <span class='ocr_line' id='line_1_9' title="bbox 521 769 2100 840; baseline 0.004 -18"><span class='ocrx_word' id='word_1_52' title='bbox 521 769 750 836; x_wconf 86' lang='lat' dir='ltr'><strong>patitur,</strong></span> <span class='ocrx_word' id='word_1_53' title='bbox 805 770 922 840; x_wconf 88' lang='lat' dir='ltr'><strong>ipsa</strong></span> <span class='ocrx_word' id='word_1_54' title='bbox 967 771 1225 825; x_wconf 87' lang='lat' dir='ltr'><strong>animalia</strong></span> <span class='ocrx_word' id='word_1_55' title='bbox 1283 772 1482 825; x_wconf 91' lang='lat' dir='ltr'><strong>mirum</strong></span> <span class='ocrx_word' id='word_1_56' title='bbox 1520 772 1574 825; x_wconf 92' lang='lat' dir='ltr'><strong>in</strong></span> <span class='ocrx_word' id='word_1_57' title='bbox 1614 773 1838 828; x_wconf 89' lang='lat' dir='ltr'><strong>modum</strong></span> <span class='ocrx_word' id='word_1_58' title='bbox 1890 774 2100 828; x_wconf 67' lang='lat' dir='ltr'><strong>laedun-</strong></span> 
     </span>
    </p>
   </div>
   <div class='ocr_carea' id='block_1_10' title="bbox 2202 771 3792 844">
    <p class='ocr_par' dir='ltr' id='par_1_10' title="bbox 2202 771 3792 844">
     <span class='ocr_line' id='line_1_10' title="bbox 2202 771 3792 844; baseline 0.001 -20"><span class='ocrx_word' id='word_1_59' title='bbox 2202 771 2447 842; x_wconf 76' lang='grc' dir='ltr'>τέσσαρα</span> <span class='ocrx_word' id='word_1_60' title='bbox 2476 771 2558 824; x_wconf 79' lang='grc' dir='ltr'>δεῖ</span> <span class='ocrx_word' id='word_1_61' title='bbox 2603 771 2819 842; x_wconf 81' lang='grc' dir='ltr'>ζητεῖν·</span> <span class='ocrx_word' id='word_1_62' title='bbox 2850 773 3168 842; x_wconf 81' lang='grc' dir='ltr'>πονητικὸν,</span> <span class='ocrx_word' id='word_1_63' title='bbox 3214 773 3423 839; x_wconf 70' lang='grc' dir='ltr'>ὑλικὸν,</span> <span class='ocrx_word' id='word_1_64' title='bbox 3473 773 3792 844; x_wconf 75' lang='grc' dir='ltr'><strong>ὀργανικὸν,</strong></span> 
     </span>
    </p>
   </div>
   <div class='ocr_carea' id='block_1_11' title="bbox 524 862 2124 938">
    <p class='ocr_par' dir='ltr' id='par_1_11' title="bbox 524 862 2102 934">
     <span class='ocr_line' id='line_1_11' title="bbox 524 862 2102 934; baseline 0.006 -24"><span class='ocrx_word' id='word_1_65' title='bbox 524 869 614 914; x_wconf 89' lang='lat' dir='ltr'><strong>tur</strong></span> <span class='ocrx_word' id='word_1_66' title='bbox 653 870 1182 932; x_wconf 69' lang='lat' dir='ltr'><strong>prmvertunturque.</strong></span> <span class='ocrx_word' id='word_1_67' title='bbox 1227 862 1437 918; x_wconf 85' lang='lat' dir='ltr'><strong>Causas</strong></span> <span class='ocrx_word' id='word_1_68' title='bbox 1482 863 1646 934; x_wconf 75' lang='lat' dir='ltr'><strong>igitur</strong></span> <span class='ocrx_word' id='word_1_69' title='bbox 1686 865 2102 934; x_wconf 83' lang='lat' dir='ltr'><strong>respirationem</strong></span> 
     </span>
    </p>
   </div>
   <div class='ocr_carea' id='block_1_12' title="bbox 2212 862 3794 938">
    <p class='ocr_par' dir='ltr' id='par_1_12' title="bbox 2212 865 3794 938">
     <span class='ocr_line' id='line_1_12' title="bbox 2212 865 3794 938; baseline 0.002 -20"><span class='ocrx_word' id='word_1_70' title='bbox 2212 865 2439 918; x_wconf 80' lang='grc' dir='ltr'>τελικύν.</span> <span class='ocrx_word' id='word_1_71' title='bbox 2470 866 2580 918; x_wconf 72' lang='grc' dir='ltr'><strong>Καὶ</strong></span> <span class='ocrx_word' id='word_1_72' title='bbox 2611 865 2894 934; x_wconf 85' lang='grc' dir='ltr'>ποιητικὸν</span> <span class='ocrx_word' id='word_1_73' title='bbox 2916 867 3090 919; x_wconf 79' lang='grc' dir='ltr'>αίτιον</span> <span class='ocrx_word' id='word_1_74' title='bbox 3112 866 3212 936; x_wconf 88' lang='grc' dir='ltr'><strong>τῆς</strong></span> <span class='ocrx_word' id='word_1_75' title='bbox 3241 869 3538 937; x_wconf 86' lang='grc' dir='ltr'>ἀναπνοῆς,</span> <span class='ocrx_word' id='word_1_76' title='bbox 3565 869 3600 938; x_wconf 79' lang='grc' dir='ltr'><strong>ἡ</strong></span> <span class='ocrx_word' id='word_1_77' title='bbox 3623 867 3794 920; x_wconf 86' lang='grc' dir='ltr'>δύνα-</span> 
     </span>
    </p>
   </div>
   <div class='ocr_carea' id='block_1_13' title="bbox 522 953 2101 1023">
    <p class='ocr_par' dir='ltr' id='par_1_13' title="bbox 522 953 2101 1023">
     <span class='ocr_line' id='line_1_13' title="bbox 522 953 2101 1023; baseline 0.004 -19"><span class='ocrx_word' id='word_1_78' title='bbox 522 962 865 1020; x_wconf 79' lang='lat' dir='ltr'><strong>geuerantes,</strong></span> <span class='ocrx_word' id='word_1_79' title='bbox 884 953 1203 1008; x_wconf 90' lang='lat' dir='ltr'><strong>efﬁcientem</strong></span> <span class='ocrx_word' id='word_1_80' title='bbox 1221 953 1489 1021; x_wconf 81' lang='lat' dir='ltr'><strong>videlicet,</strong></span> <span class='ocrx_word' id='word_1_81' title='bbox 1513 957 1871 1023; x_wconf 87' lang='lat' dir='ltr'><strong>materialem,</strong></span> <span class='ocrx_word' id='word_1_82' title='bbox 1896 958 2101 1012; x_wconf 86' lang='lat' dir='ltr'><strong>instru-</strong></span> 
     </span>
    </p>
   </div>
   <div class='ocr_carea' id='block_1_14' title="bbox 523 1043 2096 1119">
    <p class='ocr_par' dir='ltr' id='par_1_14' title="bbox 523 1043 2096 1119">
     <span class='ocr_line' id='line_1_14' title="bbox 523 1043 2096 1119; baseline 0.003 -23"><span class='ocrx_word' id='word_1_83' title='bbox 523 1044 834 1111; x_wconf 89' lang='lat' dir='ltr'><strong>mentalem,</strong></span> <span class='ocrx_word' id='word_1_84' title='bbox 855 1043 1200 1115; x_wconf 86' lang='lat' dir='ltr'><strong>ﬁnalemque,</strong></span> <span class='ocrx_word' id='word_1_85' title='bbox 1223 1061 1469 1116; x_wconf 63' lang='lat' dir='ltr'><strong>quaerere</strong></span> <span class='ocrx_word' id='word_1_86' title='bbox 1487 1061 1626 1117; x_wconf 92' lang='lat' dir='ltr'><strong>opus</strong></span> <span class='ocrx_word' id='word_1_87' title='bbox 1648 1057 1750 1103; x_wconf 89' lang='lat' dir='ltr'><strong>est.</strong></span> <span class='ocrx_word' id='word_1_88' title='bbox 1770 1047 1838 1103; x_wconf 87' lang='lat' dir='ltr'><strong>Et</strong></span> <span class='ocrx_word' id='word_1_89' title='bbox 1852 1049 2096 1119; x_wconf 88' lang='lat' dir='ltr'><strong>quidem,</strong></span> 
     </span>
    </p>
   </div>
   <div class='ocr_carea' id='block_1_15' title="bbox 522 1135 2102 1206">
    <p class='ocr_par' dir='ltr' id='par_1_15' title="bbox 522 1135 2102 1206">
     <span class='ocr_line' id='line_1_15' title="bbox 522 1135 2102 1206; baseline 0.005 -19"><span class='ocrx_word' id='word_1_90' title='bbox 522 1135 764 1190; x_wconf 90' lang='lat' dir='ltr'><strong>efﬁciens</strong></span> <span class='ocrx_word' id='word_1_91' title='bbox 787 1137 906 1206; x_wconf 87' lang='lat' dir='ltr'><strong>ejus</strong></span> <span class='ocrx_word' id='word_1_92' title='bbox 923 1152 1107 1204; x_wconf 81' lang='lat' dir='ltr'><strong>causa,</strong></span> <span class='ocrx_word' id='word_1_93' title='bbox 1132 1138 1330 1191; x_wconf 73' lang='lat' dir='ltr'><strong>animae</strong></span> <span class='ocrx_word' id='word_1_94' title='bbox 1349 1137 1579 1192; x_wconf 80' lang='lat' dir='ltr'><strong>facultas</strong></span> <span class='ocrx_word' id='word_1_95' title='bbox 1595 1148 1698 1204; x_wconf 90' lang='lat' dir='ltr'><strong>est,</strong></span> <span class='ocrx_word' id='word_1_96' title='bbox 1717 1141 1860 1194; x_wconf 90' lang='lat' dir='ltr'><strong>unde</strong></span> <span class='ocrx_word' id='word_1_97' title='bbox 1876 1155 2102 1194; x_wconf 86' lang='lat' dir='ltr'><strong>muscu-</strong></span> 
     </span>
    </p>
   </div>
   <div class='ocr_carea' id='block_1_16' title="bbox 525 1226 2099 1300">
    <p class='ocr_par' dir='ltr' id='par_1_16' title="bbox 525 1226 2099 1300">
     <span class='ocr_line' id='line_1_16' title="bbox 525 1226 2099 1300; baseline 0.006 -22"><span class='ocrx_word' id='word_1_98' title='bbox 525 1226 592 1280; x_wconf 87' lang='lat' dir='ltr'><strong>lis</strong></span> <span class='ocrx_word' id='word_1_99' title='bbox 619 1228 864 1296; x_wconf 88' lang='lat' dir='ltr'><strong>corporis</strong></span> <span class='ocrx_word' id='word_1_100' title='bbox 886 1237 1066 1284; x_wconf 90' lang='lat' dir='ltr'><strong>motus</strong></span> <span class='ocrx_word' id='word_1_101' title='bbox 1083 1230 1562 1300; x_wconf 84' lang='lat' dir='ltr'><strong>subministratur;</strong></span> <span class='ocrx_word' id='word_1_102' title='bbox 1578 1232 1876 1288; x_wconf 84' lang='lat' dir='ltr'><strong>materialis</strong></span> <span class='ocrx_word' id='word_1_103' title='bbox 1891 1239 2099 1297; x_wconf 88' lang='lat' dir='ltr'><strong>autem,</strong></span> 
     </span>
    </p>
   </div>
   <div class='ocr_carea' id='block_1_17' title="bbox 523 1316 2104 1394">
    <p class='ocr_par' dir='ltr' id='par_1_17' title="bbox 523 1316 2104 1394">
     <span class='ocr_line' id='line_1_17' title="bbox 523 1316 2104 1394; baseline 0.006 -26"><span class='ocrx_word' id='word_1_104' title='bbox 523 1316 880 1387; x_wconf 83' lang='lat' dir='ltr'><strong>ingredientis</strong></span> <span class='ocrx_word' id='word_1_105' title='bbox 923 1323 1282 1392; x_wconf 80' lang='lat' dir='ltr'><strong>exeuntisque</strong></span> <span class='ocrx_word' id='word_1_106' title='bbox 1328 1324 1552 1393; x_wconf 83' lang='lat' dir='ltr'><strong>spiritus</strong></span> <span class='ocrx_word' id='word_1_107' title='bbox 1615 1323 1978 1394; x_wconf 86' lang='lat' dir='ltr'><strong>reciprocatio</strong></span> <span class='ocrx_word' id='word_1_108' title='bbox 2007 1324 2104 1377; x_wconf 85' lang='lat' dir='ltr'><strong>ba-</strong></span> 
     </span>
    </p>
   </div>
   <div class='ocr_carea' id='block_1_18' title="bbox 523 1407 2101 1486">
    <p class='ocr_par' dir='ltr' id='par_1_18' title="bbox 523 1407 2101 1486">
     <span class='ocr_line' id='line_1_18' title="bbox 523 1407 2101 1486; baseline 0.005 -25"><span class='ocrx_word' id='word_1_109' title='bbox 523 1407 717 1474; x_wconf 85' lang='lat' dir='ltr'><strong>betur;</strong></span> <span class='ocrx_word' id='word_1_110' title='bbox 771 1410 1205 1468; x_wconf 78' lang='lat' dir='ltr'><strong>inStrumentalis</strong></span> <span class='ocrx_word' id='word_1_111' title='bbox 1256 1428 1417 1480; x_wconf 90' lang='lat' dir='ltr'><strong>vero,</strong></span> <span class='ocrx_word' id='word_1_112' title='bbox 1460 1424 1674 1486; x_wconf 88' lang='lat' dir='ltr'><strong>septum</strong></span> <span class='ocrx_word' id='word_1_113' title='bbox 1726 1426 2101 1472; x_wconf 86' lang='lat' dir='ltr'><strong>transversum</strong></span> 
     </span>
    </p>
   </div>
   <div class='ocr_carea' id='block_1_19' title="bbox 2210 953 3789 1025">
    <p class='ocr_par' dir='ltr' id='par_1_19' title="bbox 2210 953 3789 1025">
     <span class='ocr_line' id='line_1_19' title="bbox 2210 953 3789 1025; baseline -0.001 -17"><span class='ocrx_word' id='word_1_114' title='bbox 2210 972 2300 1025; x_wconf 84' lang='grc' dir='ltr'><strong>μις</strong></span> <span class='ocrx_word' id='word_1_115' title='bbox 2329 953 2430 1025; x_wconf 88' lang='grc' dir='ltr'><strong>τῆς</strong></span> <span class='ocrx_word' id='word_1_116' title='bbox 2467 953 2668 1024; x_wconf 81' lang='grc' dir='ltr'>ψυχῆς,</span> <span class='ocrx_word' id='word_1_117' title='bbox 2690 957 2724 1025; x_wconf 82' lang='grc' dir='ltr'>ἡ</span> <span class='ocrx_word' id='word_1_118' title='bbox 2763 954 2993 1008; x_wconf 75' lang='grc' dir='ltr'><strong>κινοῦσα</strong></span> <span class='ocrx_word' id='word_1_119' title='bbox 3032 956 3160 1018; x_wconf 80' lang='grc' dir='ltr'>τοὺς</span> <span class='ocrx_word' id='word_1_120' title='bbox 3205 953 3347 1024; x_wconf 84' lang='grc' dir='ltr'>μῦας</span> <span class='ocrx_word' id='word_1_121' title='bbox 3375 954 3468 1007; x_wconf 91' lang='grc' dir='ltr'><strong>τοῦ</strong></span> <span class='ocrx_word' id='word_1_122' title='bbox 3497 953 3752 1024; x_wconf 81' lang='grc' dir='ltr'>σώματος</span> <span class='ocrx_word' id='word_1_123' title='bbox 3773 968 3789 983; x_wconf 91' lang='grc'><strong>·</strong></span> 
     </span>
    </p>
   </div>
   <div class='ocr_carea' id='block_1_20' title="bbox 2208 1043 3793 1118">
    <p class='ocr_par' dir='ltr' id='par_1_20' title="bbox 2208 1043 3793 1118">
     <span class='ocr_line' id='line_1_20' title="bbox 2208 1043 3793 1118; baseline -0.002 -16"><span class='ocrx_word' id='word_1_124' title='bbox 2208 1047 2392 1103; x_wconf 82' lang='grc' dir='ltr'>ὑλικὸν</span> <span class='ocrx_word' id='word_1_125' title='bbox 2421 1048 2500 1114; x_wconf 83' lang='grc' dir='ltr'>δὲ,</span> <span class='ocrx_word' id='word_1_126' title='bbox 2532 1048 2665 1101; x_wconf 83' lang='grc' dir='ltr'>αύτδ</span> <span class='ocrx_word' id='word_1_127' title='bbox 2703 1047 2765 1100; x_wconf 82' lang='grc' dir='ltr'>τὸ</span> <span class='ocrx_word' id='word_1_128' title='bbox 2801 1048 3190 1118; x_wconf 82' lang='grc' dir='ltr'>είσπνεόμενον</span> <span class='ocrx_word' id='word_1_129' title='bbox 3215 1048 3310 1102; x_wconf 78' lang='grc' dir='ltr'>καὶ</span> <span class='ocrx_word' id='word_1_130' title='bbox 3349 1048 3718 1118; x_wconf 77' lang='grc' dir='ltr'>ὲκπνεόμενον</span> <span class='ocrx_word' id='word_1_131' title='bbox 3743 1043 3793 1077; x_wconf 74' lang='grc'><strong>’⁸</strong></span> 
     </span>
    </p>
   </div>
   <div class='ocr_carea' id='block_1_21' title="bbox 2206 1138 3794 1212">
    <p class='ocr_par' dir='ltr' id='par_1_21' title="bbox 2206 1138 3794 1212">
     <span class='ocr_line' id='line_1_21' title="bbox 2206 1138 3794 1212; baseline -0.002 -17"><span class='ocrx_word' id='word_1_132' title='bbox 2206 1141 2456 1212; x_wconf 86' lang='grc' dir='ltr'>πνεῦμα·</span> <span class='ocrx_word' id='word_1_133' title='bbox 2481 1141 2696 1196; x_wconf 78' lang='grc' dir='ltr'><strong>τελικὸν</strong></span> <span class='ocrx_word' id='word_1_134' title='bbox 2739 1141 2797 1194; x_wconf 80' lang='grc' dir='ltr'>δὲ</span> <span class='ocrx_word' id='word_1_135' title='bbox 2845 1143 2880 1211; x_wconf 84' lang='grc' dir='ltr'><strong>ἡ</strong></span> <span class='ocrx_word' id='word_1_136' title='bbox 2912 1141 3072 1212; x_wconf 88' lang='grc' dir='ltr'>χρεία</span> <span class='ocrx_word' id='word_1_137' title='bbox 3097 1158 3112 1171; x_wconf 91' lang='grc'><strong>·</strong></span> <span class='ocrx_word' id='word_1_138' title='bbox 3145 1141 3294 1212; x_wconf 80' lang='grc' dir='ltr'>διττὴ</span> <span class='ocrx_word' id='word_1_139' title='bbox 3335 1141 3394 1194; x_wconf 84' lang='grc' dir='ltr'>δὲ</span> <span class='ocrx_word' id='word_1_140' title='bbox 3427 1141 3563 1209; x_wconf 84' lang='grc' dir='ltr'>αύτή</span> <span class='ocrx_word' id='word_1_141' title='bbox 3583 1142 3629 1172; x_wconf 79' lang='grc'><strong>⁹⁹</strong></span> <span class='ocrx_word' id='word_1_142' title='bbox 3654 1155 3668 1170; x_wconf 93' lang='grc'><strong>·</strong></span> <span class='ocrx_word' id='word_1_143' title='bbox 3701 1138 3794 1192; x_wconf 79' lang='grc' dir='ltr'><strong>διὰ</strong></span> 
     </span>
    </p>
   </div>
   <div class='ocr_carea' id='block_1_22' title="bbox 2211 1230 3794 1305">
    <p class='ocr_par' dir='ltr' id='par_1_22' title="bbox 2211 1230 3794 1305">
     <span class='ocr_line' id='line_1_22' title="bbox 2211 1230 3794 1305; baseline -0.003 -18"><span class='ocrx_word' id='word_1_144' title='bbox 2211 1234 2309 1305; x_wconf 78' lang='grc' dir='ltr'>μὲν</span> <span class='ocrx_word' id='word_1_145' title='bbox 2359 1234 2459 1303; x_wconf 85' lang='grc' dir='ltr'><strong>τῆς</strong></span> <span class='ocrx_word' id='word_1_146' title='bbox 2503 1234 2781 1304; x_wconf 86' lang='grc' dir='ltr'>είσπνοῆς,</span> <span class='ocrx_word' id='word_1_147' title='bbox 2831 1234 3048 1302; x_wconf 81' lang='grc' dir='ltr'><strong>εἰσάγει</strong></span> <span class='ocrx_word' id='word_1_148' title='bbox 3099 1233 3342 1302; x_wconf 80' lang='grc' dir='ltr'>καθαρὸν</span> <span class='ocrx_word' id='word_1_149' title='bbox 3385 1233 3476 1285; x_wconf 84' lang='grc' dir='ltr'>τὸν</span> <span class='ocrx_word' id='word_1_150' title='bbox 3501 1233 3660 1304; x_wconf 81' lang='grc' dir='ltr'>ἀέρα,</span> <span class='ocrx_word' id='word_1_151' title='bbox 3692 1230 3794 1284; x_wconf 79' lang='grc' dir='ltr'>καὶ</span> 
     </span>
    </p>
   </div>
   <div class='ocr_carea' id='block_1_23' title="bbox 2208 1322 3793 1396">
    <p class='ocr_par' dir='ltr' id='par_1_23' title="bbox 2208 1322 3793 1396">
     <span class='ocr_line' id='line_1_23' title="bbox 2208 1322 3793 1396; baseline -0.002 -17"><span class='ocrx_word' id='word_1_152' title='bbox 2208 1325 2445 1396; x_wconf 76' lang='grc' dir='ltr'>ὲμψύχει</span> <span class='ocrx_word' id='word_1_153' title='bbox 2492 1325 2554 1378; x_wconf 81' lang='grc' dir='ltr'>τὸ</span> <span class='ocrx_word' id='word_1_154' title='bbox 2601 1325 2843 1394; x_wconf 75' lang='grc' dir='ltr'>ἔμφυτον</span> <span class='ocrx_word' id='word_1_155' title='bbox 2889 1325 3131 1395; x_wconf 86' lang='grc' dir='ltr'>θερμόν·</span> <span class='ocrx_word' id='word_1_156' title='bbox 3175 1325 3263 1378; x_wconf 76' lang='grc' dir='ltr'>διὰ</span> <span class='ocrx_word' id='word_1_157' title='bbox 3290 1324 3349 1378; x_wconf 74' lang='grc' dir='ltr'>δὲ</span> <span class='ocrx_word' id='word_1_158' title='bbox 3384 1324 3483 1394; x_wconf 86' lang='grc' dir='ltr'><strong>τῆς</strong></span> <span class='ocrx_word' id='word_1_159' title='bbox 3516 1322 3793 1392; x_wconf 78' lang='grc' dir='ltr'>ἐκπνοῆς,</span> 
     </span>
    </p>
   </div>
   <div class='ocr_carea' id='block_1_24' title="bbox 2209 1413 3243 1485">
    <p class='ocr_par' dir='ltr' id='par_1_24' title="bbox 2209 1413 3243 1485">
     <span class='ocr_line' id='line_1_24' title="bbox 2209 1413 3243 1485; baseline -0.001 -18"><span class='ocrx_word' id='word_1_160' title='bbox 2209 1416 2397 1483; x_wconf 75' lang='grc' dir='ltr'><strong>ἐξάγει</strong></span> <span class='ocrx_word' id='word_1_161' title='bbox 2428 1415 2496 1468; x_wconf 73' lang='grc' dir='ltr'>τὰ</span> <span class='ocrx_word' id='word_1_162' title='bbox 2525 1414 2792 1484; x_wconf 83' lang='grc' dir='ltr'>λιγνυώδη</span> <span class='ocrx_word' id='word_1_163' title='bbox 2833 1413 3243 1485; x_wconf 86' lang='grc' dir='ltr'>περιττώματα.</span> 
     </span>
    </p>
   </div>
   <div class='ocr_carea' id='block_1_25' title="bbox 521 1502 3789 1579">
    <p class='ocr_par' dir='ltr' id='par_1_25' title="bbox 521 1502 3789 1579">
     <span class='ocr_line' id='line_1_25' title="bbox 521 1502 3789 1579; baseline 0 -27"><span class='ocrx_word' id='word_1_164' title='bbox 521 1509 576 1554; x_wconf 86' lang='lat' dir='ltr'><strong>et</strong></span> <span class='ocrx_word' id='word_1_165' title='bbox 621 1503 792 1557; x_wconf 86' lang='lat' dir='ltr'><strong>costis</strong></span> <span class='ocrx_word' id='word_1_166' title='bbox 839 1503 1148 1560; x_wconf 89' lang='lat' dir='ltr'><strong>intermedii</strong></span> <span class='ocrx_word' id='word_1_167' title='bbox 1199 1509 1460 1573; x_wconf 89' lang='lat' dir='ltr'><strong>musculi,</strong></span> <span class='ocrx_word' id='word_1_168' title='bbox 1504 1517 1558 1563; x_wconf 88' lang='lat' dir='ltr'><strong>ct</strong></span> <span class='ocrx_word' id='word_1_169' title='bbox 1607 1509 1703 1579; x_wconf 88' lang='lat' dir='ltr'><strong>qui</strong></span> <span class='ocrx_word' id='word_1_170' title='bbox 1754 1509 1956 1564; x_wconf 81' lang='lat' dir='ltr'><strong>excelsi</strong></span> <span class='ocrx_word' id='word_1_171' title='bbox 2008 1509 2287 1574; x_wconf 87' lang='lat' dir='ltr'><strong>dicuntur;</strong></span> <span class='ocrx_word' id='word_1_172' title='bbox 2353 1505 2537 1560; x_wconf 90' lang='lat' dir='ltr'><strong>tinalis</strong></span> <span class='ocrx_word' id='word_1_173' title='bbox 2601 1519 2730 1560; x_wconf 86' lang='lat' dir='ltr'><strong>vero</strong></span> <span class='ocrx_word' id='word_1_174' title='bbox 2757 1515 2862 1570; x_wconf 87' lang='lat' dir='ltr'><strong>est,</strong></span> <span class='ocrx_word' id='word_1_175' title='bbox 2931 1520 3068 1560; x_wconf 86' lang='lat' dir='ltr'><strong>usus</strong></span> <span class='ocrx_word' id='word_1_176' title='bbox 3110 1505 3205 1574; x_wconf 87' lang='lat' dir='ltr'><strong>qui</strong></span> <span class='ocrx_word' id='word_1_177' title='bbox 3279 1503 3476 1573; x_wconf 71' lang='lat' dir='ltr'><strong>duplex</strong></span> <span class='ocrx_word' id='word_1_178' title='bbox 3523 1502 3789 1566; x_wconf 86' lang='lat' dir='ltr'><strong>habetur;</strong></span> 
     </span>
    </p>
   </div>
   <div class='ocr_carea' id='block_1_26' title="bbox 521 1595 3791 1670">
    <p class='ocr_par' dir='ltr' id='par_1_26' title="bbox 521 1595 3791 1670">
     <span class='ocr_line' id='line_1_26' title="bbox 521 1595 3791 1670; baseline 0 -23"><span class='ocrx_word' id='word_1_179' title='bbox 521 1602 578 1648; x_wconf 89' lang='lat' dir='ltr'><strong>et</strong></span> <span class='ocrx_word' id='word_1_180' title='bbox 620 1595 758 1649; x_wconf 84' lang='lat' dir='ltr'><strong>alter</strong></span> <span class='ocrx_word' id='word_1_181' title='bbox 813 1597 1056 1667; x_wconf 88' lang='lat' dir='ltr'><strong>quidem,</strong></span> <span class='ocrx_word' id='word_1_182' title='bbox 1112 1614 1240 1654; x_wconf 91' lang='lat' dir='ltr'><strong>cum</strong></span> <span class='ocrx_word' id='word_1_183' title='bbox 1311 1616 1509 1670; x_wconf 88' lang='lat' dir='ltr'><strong>purum</strong></span> <span class='ocrx_word' id='word_1_184' title='bbox 1548 1617 1675 1658; x_wconf 88' lang='lat' dir='ltr'><strong>aera</strong></span> <span class='ocrx_word' id='word_1_185' title='bbox 1739 1603 1806 1657; x_wconf 88' lang='lat' dir='ltr'><strong>ad</strong></span> <span class='ocrx_word' id='word_1_186' title='bbox 1869 1602 2128 1658; x_wconf 90' lang='lat' dir='ltr'><strong>interiora</strong></span> <span class='ocrx_word' id='word_1_187' title='bbox 2203 1600 2438 1656; x_wconf 87' lang='lat' dir='ltr'><strong>admittit</strong></span> <span class='ocrx_word' id='word_1_188' title='bbox 2483 1607 2537 1653; x_wconf 89' lang='lat' dir='ltr'><strong>et</strong></span> <span class='ocrx_word' id='word_1_189' title='bbox 2583 1597 2812 1654; x_wconf 88' lang='lat' dir='ltr'><strong>insitum</strong></span> <span class='ocrx_word' id='word_1_190' title='bbox 2855 1597 3094 1652; x_wconf 87' lang='lat' dir='ltr'><strong>calorem</strong></span> <span class='ocrx_word' id='word_1_191' title='bbox 3136 1595 3410 1660; x_wconf 79' lang='lat' dir='ltr'><strong>viviticat,</strong></span> <span class='ocrx_word' id='word_1_192' title='bbox 3459 1595 3594 1649; x_wconf 83' lang='lat' dir='ltr'><strong>alter</strong></span> <span class='ocrx_word' id='word_1_193' title='bbox 3635 1609 3791 1659; x_wconf 87' lang='lat' dir='ltr'><strong>vero,</strong></span> 
     </span>
    </p>
   </div>
   <div class='ocr_carea' id='block_1_27' title="bbox 523 1689 2100 1759">
    <p class='ocr_par' dir='ltr' id='par_1_27' title="bbox 523 1689 2100 1759">
     <span class='ocr_line' id='line_1_27' title="bbox 523 1689 2100 1759; baseline 0.004 -19"><span class='ocrx_word' id='word_1_194' title='bbox 523 1701 647 1741; x_wconf 92' lang='lat' dir='ltr'><strong>cum</strong></span> <span class='ocrx_word' id='word_1_195' title='bbox 681 1697 833 1742; x_wconf 78' lang='lat' dir='ltr'><strong>extra</strong></span> <span class='ocrx_word' id='word_1_196' title='bbox 860 1689 1156 1759; x_wconf 82' lang='lat' dir='ltr'><strong>egreditur,</strong></span> <span class='ocrx_word' id='word_1_197' title='bbox 1183 1700 1238 1747; x_wconf 90' lang='lat' dir='ltr'><strong>et</strong></span> <span class='ocrx_word' id='word_1_198' title='bbox 1258 1703 1600 1749; x_wconf 80' lang='lat' dir='ltr'><strong>excrementa</strong></span> <span class='ocrx_word' id='word_1_199' title='bbox 1633 1694 1848 1750; x_wconf 85' lang='lat' dir='ltr'><strong>fumosa</strong></span> <span class='ocrx_word' id='word_1_200' title='bbox 1879 1695 2100 1750; x_wconf 88' lang='lat' dir='ltr'><strong>emittit.</strong></span> 
     </span>
    </p>
   </div>
   <div class='ocr_carea' id='block_1_28' title="bbox 599 1774 2124 1859">
    <p class='ocr_par' dir='ltr' id='par_1_28' title="bbox 599 1781 2104 1859">
     <span class='ocr_line' id='line_1_28' title="bbox 599 1781 2104 1859; baseline 0.005 -23"><span class='ocrx_word' id='word_1_201' title='bbox 599 1781 706 1836; x_wconf 89' lang='lat' dir='ltr'><strong>Sed</strong></span> <span class='ocrx_word' id='word_1_202' title='bbox 736 1781 885 1836; x_wconf 77' lang='lat' dir='ltr'><strong>ct&#39;ad</strong></span> <span class='ocrx_word' id='word_1_203' title='bbox 915 1784 1167 1840; x_wconf 77' lang='lat' dir='ltr'><strong>animalis</strong></span> <span class='ocrx_word' id='word_1_204' title='bbox 1196 1787 1422 1856; x_wconf 84' lang='lat' dir='ltr'><strong>spiritus</strong></span> <span class='ocrx_word' id='word_1_205' title='bbox 1455 1787 1958 1859; x_wconf 87' lang='lat' dir='ltr'><strong>alimentum,quod</strong></span> <span class='ocrx_word' id='word_1_206' title='bbox 1991 1789 2104 1845; x_wconf 88' lang='lat' dir='ltr'><strong>sola</strong></span> 
     </span>
    </p>
   </div>
   <div class='ocr_carea' id='block_1_29' title="bbox 2212 1774 3790 1859">
    <p class='ocr_par' dir='ltr' id='par_1_29' title="bbox 2280 1774 3790 1856">
     <span class='ocr_line' id='line_1_29' title="bbox 2280 1774 3790 1856; baseline -0.007 -17"><span class='ocrx_word' id='word_1_207' title='bbox 2280 1785 2456 1856; x_wconf 79' lang='grc' dir='ltr'>Χρεία</span> <span class='ocrx_word' id='word_1_208' title='bbox 2493 1785 2550 1838; x_wconf 83' lang='grc' dir='ltr'>δὲ</span> <span class='ocrx_word' id='word_1_209' title='bbox 2580 1783 2674 1837; x_wconf 76' lang='grc' dir='ltr'>καὶ</span> <span class='ocrx_word' id='word_1_210' title='bbox 2710 1783 2793 1845; x_wconf 85' lang='grc' dir='ltr'><strong>είς</strong></span> <span class='ocrx_word' id='word_1_211' title='bbox 2829 1779 3024 1852; x_wconf 76' lang='grc' dir='ltr'>θρέψιν</span> <span class='ocrx_word' id='word_1_212' title='bbox 3051 1777 3146 1834; x_wconf 87' lang='grc' dir='ltr'><strong>τοῦ</strong></span> <span class='ocrx_word' id='word_1_213' title='bbox 3175 1775 3411 1849; x_wconf 76' lang='grc' dir='ltr'>ψυχικοῦ</span> <span class='ocrx_word' id='word_1_214' title='bbox 3439 1774 3790 1846; x_wconf 86' lang='grc' dir='ltr'>πνεύματος·</span> 
     </span>
    </p>
   </div>
   <div class='ocr_carea' id='block_1_30' title="bbox 410 1860 2105 1950">
    <p class='ocr_par' dir='ltr' id='par_1_30' title="bbox 410 1860 2105 1950">
     <span class='ocr_line' id='line_1_30' title="bbox 410 1860 2105 1950; baseline 0.008 -28"><span class='ocrx_word' id='word_1_215' title='bbox 410 1860 415 1867; x_wconf 81' lang='grc'><em>’</em></span> <span class='ocrx_word' id='word_1_216' title='bbox 529 1880 741 1926; x_wconf 88' lang='lat' dir='ltr'><strong>tantum</strong></span> <span class='ocrx_word' id='word_1_217' title='bbox 794 1874 1156 1943; x_wconf 87' lang='lat' dir='ltr'><strong>respiratione</strong></span> <span class='ocrx_word' id='word_1_218' title='bbox 1210 1877 1293 1946; x_wconf 89' lang='lat' dir='ltr'><strong>ﬁt,</strong></span> <span class='ocrx_word' id='word_1_219' title='bbox 1343 1879 1458 1950; x_wconf 86' lang='lat' dir='ltr'><strong>ipsa</strong></span> <span class='ocrx_word' id='word_1_220' title='bbox 1511 1880 1738 1949; x_wconf 88' lang='lat' dir='ltr'><strong>spiritus</strong></span> <span class='ocrx_word' id='word_1_221' title='bbox 1796 1881 2105 1950; x_wconf 89' lang='lat' dir='ltr'><strong>reciproca-</strong></span> 
     </span>
    </p>
   </div>
   <div class='ocr_carea' id='block_1_31' title="bbox 529 1963 2104 2041">
    <p class='ocr_par' dir='ltr' id='par_1_31' title="bbox 529 1963 2104 2041">
     <span class='ocr_line' id='line_1_31' title="bbox 529 1963 2104 2041; baseline 0.005 -22"><span class='ocrx_word' id='word_1_222' title='bbox 529 1963 678 2019; x_wconf 90' lang='lat' dir='ltr'><strong>tione</strong></span> <span class='ocrx_word' id='word_1_223' title='bbox 712 1979 851 2034; x_wconf 89' lang='lat' dir='ltr'><strong>opus</strong></span> <span class='ocrx_word' id='word_1_224' title='bbox 884 1976 969 2022; x_wconf 86' lang='lat' dir='ltr'><strong>est</strong></span> <span class='ocrx_word' id='word_1_225' title='bbox 1006 1986 1019 2022; x_wconf 95' lang='lat'><strong>:</strong></span> <span class='ocrx_word' id='word_1_226' title='bbox 1052 1969 1322 2039; x_wconf 85' lang='lat' dir='ltr'><strong>siquidem</strong></span> <span class='ocrx_word' id='word_1_227' title='bbox 1349 1987 1467 2036; x_wconf 89' lang='lat' dir='ltr'><strong>cor,</strong></span> <span class='ocrx_word' id='word_1_228' title='bbox 1490 1988 1602 2041; x_wconf 74' lang='lat' dir='ltr'><strong>pra:</strong></span> <span class='ocrx_word' id='word_1_229' title='bbox 1646 1972 1732 2027; x_wconf 88' lang='lat' dir='ltr'><strong>sui</strong></span> <span class='ocrx_word' id='word_1_230' title='bbox 1764 1974 2104 2039; x_wconf 79' lang='lat' dir='ltr'><strong>extensione,</strong></span> 
     </span>
    </p>
   </div>
   <div class='ocr_carea' id='block_1_32' title="bbox 531 2056 2107 2136">
    <p class='ocr_par' dir='ltr' id='par_1_32' title="bbox 531 2056 2107 2136">
     <span class='ocr_line' id='line_1_32' title="bbox 531 2056 2107 2136; baseline 0.008 -28"><span class='ocrx_word' id='word_1_231' title='bbox 531 2056 676 2109; x_wconf 81' lang='lat' dir='ltr'><strong>aeris</strong></span> <span class='ocrx_word' id='word_1_232' title='bbox 714 2060 1010 2126; x_wconf 81' lang='lat' dir='ltr'><strong>quamdam</strong></span> <span class='ocrx_word' id='word_1_233' title='bbox 1058 2064 1363 2131; x_wconf 70' lang='lat' dir='ltr'><strong>partionem</strong></span> <span class='ocrx_word' id='word_1_234' title='bbox 1400 2066 1550 2120; x_wconf 86' lang='lat' dir='ltr'><strong>intus</strong></span> <span class='ocrx_word' id='word_1_235' title='bbox 1602 2067 1850 2130; x_wconf 81' lang='lat' dir='ltr'><strong>attrahit,</strong></span> <span class='ocrx_word' id='word_1_236' title='bbox 1897 2074 1951 2121; x_wconf 83' lang='lat' dir='ltr'><strong>et</strong></span> <span class='ocrx_word' id='word_1_237' title='bbox 1991 2068 2107 2136; x_wconf 84' lang='lat' dir='ltr'><strong>spl-</strong></span> 
     </span>
    </p>
   </div>
   <div class='ocr_carea' id='block_1_33' title="bbox 533 2146 2106 2224">
    <p class='ocr_par' dir='ltr' id='par_1_33' title="bbox 533 2146 2106 2224">
     <span class='ocr_line' id='line_1_33' title="bbox 533 2146 2106 2224; baseline 0.009 -27"><span class='ocrx_word' id='word_1_238' title='bbox 533 2146 662 2199; x_wconf 84' lang='lat' dir='ltr'><strong>ritui</strong></span> <span class='ocrx_word' id='word_1_239' title='bbox 704 2147 952 2214; x_wconf 86' lang='lat' dir='ltr'><strong>animali,</strong></span> <span class='ocrx_word' id='word_1_240' title='bbox 986 2151 1146 2220; x_wconf 86' lang='lat' dir='ltr'><strong>cujus</strong></span> <span class='ocrx_word' id='word_1_241' title='bbox 1179 2154 1232 2207; x_wconf 91' lang='lat' dir='ltr'><strong>in</strong></span> <span class='ocrx_word' id='word_1_242' title='bbox 1269 2168 1328 2210; x_wconf 91' lang='lat' dir='ltr'><strong>se</strong></span> <span class='ocrx_word' id='word_1_243' title='bbox 1364 2155 1483 2224; x_wconf 92' lang='lat' dir='ltr'><strong>ipso</strong></span> <span class='ocrx_word' id='word_1_244' title='bbox 1534 2157 1689 2211; x_wconf 85' lang='lat' dir='ltr'><strong>sedes</strong></span> <span class='ocrx_word' id='word_1_245' title='bbox 1741 2165 1844 2220; x_wconf 89' lang='lat' dir='ltr'><strong>est,</strong></span> <span class='ocrx_word' id='word_1_246' title='bbox 1879 2157 2106 2211; x_wconf 40' lang='lat' dir='ltr'><strong>alimena</strong></span> 
     </span>
    </p>
   </div>
   <div class='ocr_carea' id='block_1_34' title="bbox 534 2243 2108 2316">
    <p class='ocr_par' dir='ltr' id='par_1_34' title="bbox 534 2243 2108 2316">
     <span class='ocr_line' id='line_1_34' title="bbox 534 2243 2108 2316; baseline 0.01 -26"><span class='ocrx_word' id='word_1_247' title='bbox 534 2245 648 2293; x_wconf 88' lang='lat' dir='ltr'><strong>tum</strong></span> <span class='ocrx_word' id='word_1_248' title='bbox 702 2243 966 2312; x_wconf 78' lang='lat' dir='ltr'><strong>suggerit,</strong></span> <span class='ocrx_word' id='word_1_249' title='bbox 1011 2253 1065 2299; x_wconf 88' lang='lat' dir='ltr'><strong>et</strong></span> <span class='ocrx_word' id='word_1_250' title='bbox 1094 2246 1271 2316; x_wconf 86' lang='lat' dir='ltr'><strong>ipsum</strong></span> <span class='ocrx_word' id='word_1_251' title='bbox 1311 2247 1376 2301; x_wconf 85' lang='lat' dir='ltr'><strong>ad</strong></span> <span class='ocrx_word' id='word_1_252' title='bbox 1418 2263 1576 2303; x_wconf 89' lang='lat' dir='ltr'><strong>usum</strong></span> <span class='ocrx_word' id='word_1_253' title='bbox 1617 2250 1882 2305; x_wconf 88' lang='lat' dir='ltr'><strong>naturalis</strong></span> <span class='ocrx_word' id='word_1_254' title='bbox 1910 2251 2108 2305; x_wconf 89' lang='lat' dir='ltr'><strong>caloris</strong></span> 
     </span>
    </p>
   </div>
   <div class='ocr_carea' id='block_1_35' title="bbox 533 2332 2112 2406">
    <p class='ocr_par' dir='ltr' id='par_1_35' title="bbox 533 2332 2112 2406">
     <span class='ocr_line' id='line_1_35' title="bbox 533 2332 2112 2406; baseline 0.007 -22"><span class='ocrx_word' id='word_1_255' title='bbox 533 2346 631 2385; x_wconf 68' lang='lat' dir='ltr'><strong>c-eu</strong></span> <span class='ocrx_word' id='word_1_256' title='bbox 690 2332 744 2387; x_wconf 89' lang='lat' dir='ltr'><strong>in</strong></span> <span class='ocrx_word' id='word_1_257' title='bbox 795 2339 1172 2406; x_wconf 85' lang='lat' dir='ltr'><strong>promptuario</strong></span> <span class='ocrx_word' id='word_1_258' title='bbox 1217 2340 1501 2394; x_wconf 87' lang='lat' dir='ltr'><strong>conditum</strong></span> <span class='ocrx_word' id='word_1_259' title='bbox 1539 2351 1740 2396; x_wconf 82' lang='lat' dir='ltr'><strong>servat.</strong></span> <span class='ocrx_word' id='word_1_260' title='bbox 1781 2340 2112 2397; x_wconf 81' lang='lat' dir='ltr'><strong>Instrumen-</strong></span> 
     </span>
    </p>
   </div>
   <div class='ocr_carea' id='block_1_36' title="bbox 533 2421 2110 2503">
    <p class='ocr_par' dir='ltr' id='par_1_36' title="bbox 533 2421 2110 2503">
     <span class='ocr_line' id='line_1_36' title="bbox 533 2421 2110 2503; baseline 0.011 -30"><span class='ocrx_word' id='word_1_261' title='bbox 533 2421 658 2477; x_wconf 78' lang='lat' dir='ltr'><strong>t=tlis</strong></span> <span class='ocrx_word' id='word_1_262' title='bbox 696 2434 875 2480; x_wconf 90' lang='lat' dir='ltr'><strong>autem</strong></span> <span class='ocrx_word' id='word_1_263' title='bbox 908 2428 1286 2498; x_wconf 86' lang='lat' dir='ltr'><strong>respiratiouis</strong></span> <span class='ocrx_word' id='word_1_264' title='bbox 1321 2431 1641 2502; x_wconf 55' lang='lat' dir='ltr'><strong>“causa,</strong></span> <span class='ocrx_word' id='word_1_265' title='bbox 1679 2441 1891 2503; x_wconf 88' lang='lat' dir='ltr'><strong>septum</strong></span> <span class='ocrx_word' id='word_1_266' title='bbox 1931 2443 2110 2490; x_wconf 82' lang='lat' dir='ltr'><strong>trans-</strong></span> 
     </span>
    </p>
   </div>
   <div class='ocr_carea' id='block_1_37' title="bbox 540 2521 2111 2592">
    <p class='ocr_par' dir='ltr' id='par_1_37' title="bbox 540 2521 2111 2592">
     <span class='ocr_line' id='line_1_37' title="bbox 540 2521 2111 2592; baseline 0.007 -23"><span class='ocrx_word' id='word_1_267' title='bbox 540 2531 784 2579; x_wconf 87' lang='lat' dir='ltr'><strong>versum,</strong></span> <span class='ocrx_word' id='word_1_268' title='bbox 815 2521 1160 2592; x_wconf 86' lang='lat' dir='ltr'><strong>musculique</strong></span> <span class='ocrx_word' id='word_1_269' title='bbox 1225 2525 1394 2580; x_wconf 89' lang='lat' dir='ltr'><strong>costis</strong></span> <span class='ocrx_word' id='word_1_270' title='bbox 1426 2525 1752 2590; x_wconf 88' lang='lat' dir='ltr'><strong>intermedii,</strong></span> <span class='ocrx_word' id='word_1_271' title='bbox 1778 2541 1844 2580; x_wconf 89' lang='lat' dir='ltr'><strong>ac</strong></span> <span class='ocrx_word' id='word_1_272' title='bbox 1877 2527 2111 2582; x_wconf 89' lang='lat' dir='ltr'><strong>musculi</strong></span> 
     </span>
    </p>
   </div>
   <div class='ocr_carea' id='block_1_38' title="bbox 536 2609 2109 2690">
    <p class='ocr_par' dir='ltr' id='par_1_38' title="bbox 536 2609 2109 2690">
     <span class='ocr_line' id='line_1_38' title="bbox 536 2609 2109 2690; baseline 0.01 -31"><span class='ocrx_word' id='word_1_273' title='bbox 536 2609 629 2675; x_wconf 81' lang='lat' dir='ltr'><strong>qui</strong></span> <span class='ocrx_word' id='word_1_274' title='bbox 647 2610 846 2664; x_wconf 73' lang='lat' dir='ltr'><strong>excelsi</strong></span> <span class='ocrx_word' id='word_1_275' title='bbox 865 2611 1126 2667; x_wconf 89' lang='lat' dir='ltr'><strong>dicuntur</strong></span> <span class='ocrx_word' id='word_1_276' title='bbox 1143 2614 1418 2671; x_wconf 80' lang='lat' dir='ltr'><strong>exsistunt</strong></span> <span class='ocrx_word' id='word_1_277' title='bbox 1440 2633 1454 2681; x_wconf 93' lang='lat'><strong>;</strong></span> <span class='ocrx_word' id='word_1_278' title='bbox 1474 2617 1530 2670; x_wconf 91' lang='lat' dir='ltr'><strong>in</strong></span> <span class='ocrx_word' id='word_1_279' title='bbox 1548 2618 1748 2687; x_wconf 84' lang='lat' dir='ltr'><strong>quibus</strong></span> <span class='ocrx_word' id='word_1_280' title='bbox 1766 2635 1889 2674; x_wconf 90' lang='lat' dir='ltr'><strong>cum</strong></span> <span class='ocrx_word' id='word_1_281' title='bbox 1925 2620 2109 2690; x_wconf 76' lang='lat' dir='ltr'><strong>aliqua</strong></span> 
     </span>
    </p>
   </div>
   <div class='ocr_carea' id='block_1_39' title="bbox 534 2705 2110 2778">
    <p class='ocr_par' dir='ltr' id='par_1_39' title="bbox 534 2705 2110 2778">
     <span class='ocr_line' id='line_1_39' title="bbox 534 2705 2110 2778; baseline 0.01 -26"><span class='ocrx_word' id='word_1_282' title='bbox 534 2716 603 2754; x_wconf 79' lang='lat' dir='ltr'><strong>ex</strong></span> <span class='ocrx_word' id='word_1_283' title='bbox 640 2708 793 2770; x_wconf 87' lang='lat' dir='ltr'><strong>parte</strong></span> <span class='ocrx_word' id='word_1_284' title='bbox 838 2705 1118 2772; x_wconf 86' lang='lat' dir='ltr'><strong>perversio</strong></span> <span class='ocrx_word' id='word_1_285' title='bbox 1138 2706 1232 2773; x_wconf 91' lang='lat' dir='ltr'><strong>ﬁt,</strong></span> <span class='ocrx_word' id='word_1_286' title='bbox 1269 2708 1648 2778; x_wconf 85' lang='lat' dir='ltr'><strong>respirationis</strong></span> <span class='ocrx_word' id='word_1_287' title='bbox 1675 2709 1966 2766; x_wconf 85' lang='lat' dir='ltr'><strong>difficultas</strong></span> <span class='ocrx_word' id='word_1_288' title='bbox 1983 2713 2110 2766; x_wconf 83' lang='lat' dir='ltr'><strong>sub-</strong></span> 
     </span>
    </p>
   </div>
   <div class='ocr_carea' id='block_1_40' title="bbox 535 2793 2112 2869">
    <p class='ocr_par' dir='ltr' id='par_1_40' title="bbox 535 2793 2112 2869">
     <span class='ocr_line' id='line_1_40' title="bbox 535 2793 2112 2869; baseline 0.008 -24"><span class='ocrx_word' id='word_1_289' title='bbox 535 2793 804 2863; x_wconf 87' lang='lat' dir='ltr'><strong>sequitur.</strong></span> <span class='ocrx_word' id='word_1_290' title='bbox 866 2793 1141 2860; x_wconf 85' lang='lat' dir='ltr'><strong>Quidnam</strong></span> <span class='ocrx_word' id='word_1_291' title='bbox 1195 2806 1376 2852; x_wconf 90' lang='lat' dir='ltr'><strong>autem</strong></span> <span class='ocrx_word' id='word_1_292' title='bbox 1411 2800 1790 2869; x_wconf 88' lang='lat' dir='ltr'><strong>respirationis</strong></span> <span class='ocrx_word' id='word_1_293' title='bbox 1819 2799 2112 2858; x_wconf 87' lang='lat' dir='ltr'><strong>difﬁcultas</strong></span> 
     </span>
    </p>
   </div>
   <div class='ocr_carea' id='block_1_41' title="bbox 537 2882 2115 2955">
    <p class='ocr_par' dir='ltr' id='par_1_41' title="bbox 537 2882 2115 2955">
     <span class='ocr_line' id='line_1_41' title="bbox 537 2882 2115 2955; baseline 0.004 -19"><span class='ocrx_word' id='word_1_294' title='bbox 537 2882 630 2943; x_wconf 83' lang='lat' dir='ltr'><strong>sit,</strong></span> <span class='ocrx_word' id='word_1_295' title='bbox 661 2898 726 2937; x_wconf 90' lang='lat' dir='ltr'><strong>ac</strong></span> <span class='ocrx_word' id='word_1_296' title='bbox 746 2898 854 2952; x_wconf 91' lang='lat' dir='ltr'><strong>quo</strong></span> <span class='ocrx_word' id='word_1_297' title='bbox 887 2893 1045 2954; x_wconf 87' lang='lat' dir='ltr'><strong>pacto</strong></span> <span class='ocrx_word' id='word_1_298' title='bbox 1090 2884 1203 2950; x_wconf 86' lang='lat' dir='ltr'><strong>ﬁat,</strong></span> <span class='ocrx_word' id='word_1_299' title='bbox 1222 2895 1464 2955; x_wconf 87' lang='lat' dir='ltr'><strong>quotque</strong></span> <span class='ocrx_word' id='word_1_300' title='bbox 1513 2885 1632 2955; x_wconf 84' lang='lat' dir='ltr'><strong>ejus</strong></span> <span class='ocrx_word' id='word_1_301' title='bbox 1665 2885 1983 2942; x_wconf 90' lang='lat' dir='ltr'><strong>discrimina</strong></span> <span class='ocrx_word' id='word_1_302' title='bbox 2019 2889 2115 2943; x_wconf 86' lang='lat' dir='ltr'><strong>ba-</strong></span> 
     </span>
    </p>
   </div>
   <div class='ocr_carea' id='block_1_42' title="bbox 2203 1869 3801 1950">
    <p class='ocr_par' dir='ltr' id='par_1_42' title="bbox 2203 1869 3801 1950">
     <span class='ocr_line' id='line_1_42' title="bbox 2203 1869 3801 1950; baseline -0.006 -17"><span class='ocrx_word' id='word_1_303' title='bbox 2203 1879 2328 1950; x_wconf 72' lang='grc' dir='ltr'><strong>⁴ἵιτις</strong></span> <span class='ocrx_word' id='word_1_304' title='bbox 2358 1878 2571 1947; x_wconf 80' lang='grc' dir='ltr'>γίνεται</span> <span class='ocrx_word' id='word_1_305' title='bbox 2605 1874 2694 1929; x_wconf 89' lang='grc' dir='ltr'><strong>διά</strong></span> <span class='ocrx_word' id='word_1_306' title='bbox 2743 1873 2914 1944; x_wconf 85' lang='grc' dir='ltr'>μόνης</span> <span class='ocrx_word' id='word_1_307' title='bbox 2954 1873 3053 1938; x_wconf 81' lang='grc' dir='ltr'><strong>τῆς</strong></span> <span class='ocrx_word' id='word_1_308' title='bbox 3079 1870 3362 1940; x_wconf 81' lang='grc' dir='ltr'>ἀναπνοῆς</span> <span class='ocrx_word' id='word_1_309' title='bbox 3382 1887 3396 1901; x_wconf 76' lang='grc' dir='ltr'><strong>ο</strong></span> <span class='ocrx_word' id='word_1_310' title='bbox 3435 1869 3653 1923; x_wconf 72' lang='grc' dir='ltr'>ἕλκεται</span> <span class='ocrx_word' id='word_1_311' title='bbox 3682 1871 3801 1940; x_wconf 84' lang='grc' dir='ltr'><strong>γάρ</strong></span> 
     </span>
    </p>
   </div>
   <div class='ocr_carea' id='block_1_43' title="bbox 2202 1961 3795 2042">
    <p class='ocr_par' dir='ltr' id='par_1_43' title="bbox 2202 1961 3795 2042">
     <span class='ocr_line' id='line_1_43' title="bbox 2202 1961 3795 2042; baseline -0.008 -17"><span class='ocrx_word' id='word_1_312' title='bbox 2202 1989 2288 2034; x_wconf 90' lang='grc' dir='ltr'><strong>τις</strong></span> <span class='ocrx_word' id='word_1_313' title='bbox 2318 1971 2481 2042; x_wconf 74' lang='grc' dir='ltr'>ἀέρος</span> <span class='ocrx_word' id='word_1_314' title='bbox 2510 1972 2678 2040; x_wconf 79' lang='grc' dir='ltr'>μοῖρα</span> <span class='ocrx_word' id='word_1_315' title='bbox 2707 1966 2852 2021; x_wconf 85' lang='grc' dir='ltr'><strong>κατά</strong></span> <span class='ocrx_word' id='word_1_316' title='bbox 2881 1965 2980 2028; x_wconf 81' lang='grc' dir='ltr'>τὰς</span> <span class='ocrx_word' id='word_1_317' title='bbox 3011 1965 3299 2028; x_wconf 80' lang='grc' dir='ltr'>διαστολὰς</span> <span class='ocrx_word' id='word_1_318' title='bbox 3331 1963 3431 2034; x_wconf 81' lang='grc' dir='ltr'><strong>τῆς</strong></span> <span class='ocrx_word' id='word_1_319' title='bbox 3454 1961 3685 2032; x_wconf 76' lang='grc' dir='ltr'>καρδίας</span> <span class='ocrx_word' id='word_1_320' title='bbox 3709 1963 3795 2024; x_wconf 83' lang='grc' dir='ltr'><strong>εἰς</strong></span> 
     </span>
    </p>
   </div>
   <div class='ocr_carea' id='block_1_44' title="bbox 2206 2054 3792 2134">
    <p class='ocr_par' dir='ltr' id='par_1_44' title="bbox 2206 2054 3792 2134">
     <span class='ocr_line' id='line_1_44' title="bbox 2206 2054 3792 2134; baseline -0.006 -18"><span class='ocrx_word' id='word_1_321' title='bbox 2206 2061 2399 2134; x_wconf 74' lang='grc' dir='ltr'>αὐτὴν,</span> <span class='ocrx_word' id='word_1_322' title='bbox 2435 2061 2532 2115; x_wconf 64' lang='grc' dir='ltr'><strong>καλ¹</strong></span> <span class='ocrx_word' id='word_1_323' title='bbox 2560 2060 2753 2131; x_wconf 79' lang='grc' dir='ltr'>τρέφει</span> <span class='ocrx_word' id='word_1_324' title='bbox 2781 2058 2842 2111; x_wconf 73' lang='grc' dir='ltr'>τὸ</span> <span class='ocrx_word' id='word_1_325' title='bbox 2869 2056 3100 2127; x_wconf 77' lang='grc' dir='ltr'>ψυχικὸν</span> <span class='ocrx_word' id='word_1_326' title='bbox 3126 2055 3348 2126; x_wconf 82' lang='grc' dir='ltr'>πνεῦμα</span> <span class='ocrx_word' id='word_1_327' title='bbox 3375 2054 3436 2108; x_wconf 81' lang='grc' dir='ltr'>τὸ</span> <span class='ocrx_word' id='word_1_328' title='bbox 3467 2055 3526 2108; x_wconf 81' lang='grc' dir='ltr'>ὲν</span> <span class='ocrx_word' id='word_1_329' title='bbox 3555 2056 3621 2125; x_wconf 78' lang='grc' dir='ltr'>τῇ</span> <span class='ocrx_word' id='word_1_330' title='bbox 3649 2070 3792 2124; x_wconf 82' lang='grc' dir='ltr'>καρ-</span> 
     </span>
    </p>
   </div>
   <div class='ocr_carea' id='block_1_45' title="bbox 2205 2139 3797 2224">
    <p class='ocr_par' dir='ltr' id='par_1_45' title="bbox 2205 2139 3797 2224">
     <span class='ocr_line' id='line_1_45' title="bbox 2205 2139 3797 2224; baseline -0.008 -19"><span class='ocrx_word' id='word_1_331' title='bbox 2205 2153 2326 2224; x_wconf 79' lang='grc' dir='ltr'>δίᾳ·</span> <span class='ocrx_word' id='word_1_332' title='bbox 2357 2151 2452 2204; x_wconf 74' lang='grc' dir='ltr'>καὶ</span> <span class='ocrx_word' id='word_1_333' title='bbox 2472 2147 2826 2218; x_wconf 80' lang='grc' dir='ltr'>διαφυλάττει</span> <span class='ocrx_word' id='word_1_334' title='bbox 2855 2146 2990 2199; x_wconf 80' lang='grc' dir='ltr'>αὐτὸ</span> <span class='ocrx_word' id='word_1_335' title='bbox 3018 2146 3099 2209; x_wconf 84' lang='grc' dir='ltr'><strong>είς</strong></span> <span class='ocrx_word' id='word_1_336' title='bbox 3124 2143 3225 2215; x_wconf 79' lang='grc' dir='ltr'>τὴν</span> <span class='ocrx_word' id='word_1_337' title='bbox 3259 2143 3402 2196; x_wconf 85' lang='grc' dir='ltr'><strong>κατά</strong></span> <span class='ocrx_word' id='word_1_338' title='bbox 3429 2141 3593 2210; x_wconf 86' lang='grc' dir='ltr'>φύσιν</span> <span class='ocrx_word' id='word_1_339' title='bbox 3623 2139 3797 2194; x_wconf 79' lang='grc' dir='ltr'>αὐτοῦ</span> 
     </span>
    </p>
   </div>
   <div class='ocr_carea' id='block_1_46' title="bbox 2207 2232 3796 2313">
    <p class='ocr_par' dir='ltr' id='par_1_46' title="bbox 2207 2232 3796 2313">
     <span class='ocr_line' id='line_1_46' title="bbox 2207 2232 3796 2313; baseline -0.008 -16"><span class='ocrx_word' id='word_1_340' title='bbox 2207 2243 2542 2313; x_wconf 74' lang='grc' dir='ltr'>θερμότητα.</span> <span class='ocrx_word' id='word_1_341' title='bbox 2579 2239 2906 2312; x_wconf 74' lang='grc' dir='ltr'>Ὀργανικὸν</span> <span class='ocrx_word' id='word_1_342' title='bbox 2934 2237 2992 2291; x_wconf 81' lang='grc' dir='ltr'>δέ</span> <span class='ocrx_word' id='word_1_343' title='bbox 3015 2239 3165 2291; x_wconf 71' lang='grc' dir='ltr'>ἔστιν</span> <span class='ocrx_word' id='word_1_344' title='bbox 3191 2236 3277 2289; x_wconf 84' lang='grc' dir='ltr'>αῐτ</span> <span class='ocrx_word' id='word_1_345' title='bbox 3288 2252 3366 2289; x_wconf 90' lang='grc' dir='ltr'><strong>ιον</strong></span> <span class='ocrx_word' id='word_1_346' title='bbox 3397 2234 3499 2304; x_wconf 85' lang='grc' dir='ltr'><strong>τῆς</strong></span> <span class='ocrx_word' id='word_1_347' title='bbox 3515 2232 3796 2301; x_wconf 82' lang='grc' dir='ltr'>ἀναπνοῆς</span> 
     </span>
    </p>
   </div>
   <div class='ocr_carea' id='block_1_47' title="bbox 2207 2323 3792 2406">
    <p class='ocr_par' dir='ltr' id='par_1_47' title="bbox 2207 2323 3792 2406">
     <span class='ocr_line' id='line_1_47' title="bbox 2207 2323 3792 2406; baseline -0.011 -15"><span class='ocrx_word' id='word_1_348' title='bbox 2207 2337 2268 2391; x_wconf 82' lang='grc' dir='ltr'>τὸ</span> <span class='ocrx_word' id='word_1_349' title='bbox 2292 2337 2641 2406; x_wconf 81' lang='grc' dir='ltr'>διάφραγμα,</span> <span class='ocrx_word' id='word_1_350' title='bbox 2670 2334 2770 2388; x_wconf 74' lang='grc' dir='ltr'>καὶ</span> <span class='ocrx_word' id='word_1_351' title='bbox 2801 2334 2852 2386; x_wconf 87' lang='grc' dir='ltr'>οἱ</span> <span class='ocrx_word' id='word_1_352' title='bbox 2886 2328 3276 2400; x_wconf 78' lang='grc' dir='ltr'>μεσοπλεύριοι</span> <span class='ocrx_word' id='word_1_353' title='bbox 3312 2325 3470 2397; x_wconf 85' lang='grc' dir='ltr'>μῦες,</span> <span class='ocrx_word' id='word_1_354' title='bbox 3501 2325 3596 2379; x_wconf 77' lang='grc' dir='ltr'>καὶ</span> <span class='ocrx_word' id='word_1_355' title='bbox 3625 2323 3675 2378; x_wconf 81' lang='lat' dir='ltr'><strong>oi</strong></span> <span class='ocrx_word' id='word_1_356' title='bbox 3703 2323 3792 2375; x_wconf 81' lang='grc' dir='ltr'>λε-</span> 
     </span>
    </p>
   </div>
   <div class='ocr_carea' id='block_1_48' title="bbox 2211 2415 3796 2498">
    <p class='ocr_par' dir='ltr' id='par_1_48' title="bbox 2211 2415 3796 2498">
     <span class='ocr_line' id='line_1_48' title="bbox 2211 2415 3796 2498; baseline -0.009 -15"><span class='ocrx_word' id='word_1_357' title='bbox 2211 2429 2433 2498; x_wconf 84' lang='grc' dir='ltr'>γόμενοι</span> <span class='ocrx_word' id='word_1_358' title='bbox 2461 2425 2657 2495; x_wconf 77' lang='grc' dir='ltr'>ὑψηλοί</span> <span class='ocrx_word' id='word_1_359' title='bbox 2679 2441 2693 2455; x_wconf 93' lang='grc'><strong>·</strong></span> <span class='ocrx_word' id='word_1_360' title='bbox 2733 2417 2808 2477; x_wconf 80' lang='grc' dir='ltr'>ὧν</span> <span class='ocrx_word' id='word_1_361' title='bbox 2843 2421 2988 2476; x_wconf 88' lang='grc' dir='ltr'>κατά</span> <span class='ocrx_word' id='word_1_362' title='bbox 3011 2438 3065 2474; x_wconf 89' lang='grc' dir='ltr'><strong>τι</strong></span> <span class='ocrx_word' id='word_1_363' title='bbox 3091 2417 3445 2492; x_wconf 79' lang='grc' dir='ltr'>τρεπομένων</span> <span class='ocrx_word' id='word_1_364' title='bbox 3474 2415 3796 2468; x_wconf 75' lang='grc' dir='ltr'>συνίσταται</span> 
     </span>
    </p>
   </div>
   <div class='ocr_carea' id='block_1_49' title="bbox 2209 2507 3793 2575">
    <p class='ocr_par' dir='ltr' id='par_1_49' title="bbox 2209 2507 3793 2575">
     <span class='ocr_line' id='line_1_49' title="bbox 2209 2507 3793 2575; baseline -0.011 -1"><span class='ocrx_word' id='word_1_365' title='bbox 2209 2521 2497 2575; x_wconf 77' lang='grc' dir='ltr'>δύσπνοια.</span> <span class='ocrx_word' id='word_1_366' title='bbox 2529 2517 2595 2571; x_wconf 88' lang='grc' dir='ltr'>Τί</span> <span class='ocrx_word' id='word_1_367' title='bbox 2621 2517 2678 2570; x_wconf 81' lang='grc' dir='ltr'>δέ</span> <span class='ocrx_word' id='word_1_368' title='bbox 2707 2517 2826 2569; x_wconf 76' lang='grc' dir='ltr'>ἐστι</span> <span class='ocrx_word' id='word_1_369' title='bbox 2853 2513 3116 2567; x_wconf 79' lang='grc' dir='ltr'>δύσπνοια</span> <span class='ocrx_word' id='word_1_370' title='bbox 3135 2527 3148 2540; x_wconf 90' lang='grc'><strong>·</strong></span> <span class='ocrx_word' id='word_1_371' title='bbox 3178 2510 3272 2564; x_wconf 69' lang='grc' dir='ltr'>καὶ</span> <span class='ocrx_word' id='word_1_372' title='bbox 3303 2507 3420 2572; x_wconf 85' lang='grc' dir='ltr'><strong>πῶς</strong></span> <span class='ocrx_word' id='word_1_373' title='bbox 3451 2507 3793 2560; x_wconf 84' lang='grc' dir='ltr'>συνίσταται·</span> 
     </span>
    </p>
   </div>
   <div class='ocr_carea' id='block_1_50' title="bbox 2213 2597 3798 2678">
    <p class='ocr_par' dir='ltr' id='par_1_50' title="bbox 2213 2597 3798 2678">
     <span class='ocr_line' id='line_1_50' title="bbox 2213 2597 3798 2678; baseline -0.011 -11"><span class='ocrx_word' id='word_1_374' title='bbox 2213 2613 2307 2667; x_wconf 73' lang='grc' dir='ltr'>καὶ</span> <span class='ocrx_word' id='word_1_375' title='bbox 2333 2611 2495 2666; x_wconf 87' lang='grc' dir='ltr'>πόσαι</span> <span class='ocrx_word' id='word_1_376' title='bbox 2543 2608 2750 2678; x_wconf 84' lang='grc' dir='ltr'>ταύτης</span> <span class='ocrx_word' id='word_1_377' title='bbox 2782 2604 3075 2677; x_wconf 73' lang='grc' dir='ltr'>διαφοραὶ,</span> <span class='ocrx_word' id='word_1_378' title='bbox 3110 2601 3172 2656; x_wconf 78' lang='grc' dir='ltr'><strong>ού</strong></span> <span class='ocrx_word' id='word_1_379' title='bbox 3216 2601 3316 2672; x_wconf 79' lang='grc' dir='ltr'><strong>τῆς</strong></span> <span class='ocrx_word' id='word_1_380' title='bbox 3339 2599 3624 2673; x_wconf 80' lang='grc' dir='ltr'>παρούσης</span> <span class='ocrx_word' id='word_1_381' title='bbox 3667 2597 3798 2650; x_wconf 85' lang='grc' dir='ltr'>σκέ-</span> 
     </span>
    </p>
   </div>
   <div class='ocr_carea' id='block_1_51' title="bbox 2212 2688 3798 2774">
    <p class='ocr_par' dir='ltr' id='par_1_51' title="bbox 2212 2688 3798 2774">
     <span class='ocr_line' id='line_1_51' title="bbox 2212 2688 3798 2774; baseline -0.011 -17"><span class='ocrx_word' id='word_1_382' title='bbox 2212 2706 2358 2774; x_wconf 73' lang='grc' dir='ltr'>ψεως</span> <span class='ocrx_word' id='word_1_383' title='bbox 2388 2705 2585 2757; x_wconf 81' lang='grc' dir='ltr'>εἰπεῖν.</span> <span class='ocrx_word' id='word_1_384' title='bbox 2613 2700 2832 2755; x_wconf 82' lang='grc' dir='ltr'>Μᾶλλον</span> <span class='ocrx_word' id='word_1_385' title='bbox 2860 2700 2918 2752; x_wconf 79' lang='grc' dir='ltr'>δὲ</span> <span class='ocrx_word' id='word_1_386' title='bbox 2956 2688 3086 2768; x_wconf 74' lang='grc' dir='ltr'>περὶ</span> <span class='ocrx_word' id='word_1_387' title='bbox 3115 2695 3214 2748; x_wconf 89' lang='grc' dir='ltr'><strong>τοῦ</strong></span> <span class='ocrx_word' id='word_1_388' title='bbox 3248 2693 3484 2764; x_wconf 82' lang='grc' dir='ltr'>στήθους</span> <span class='ocrx_word' id='word_1_389' title='bbox 3509 2689 3798 2760; x_wconf 77' lang='grc' dir='ltr'>διερευνή-</span> 
     </span>
    </p>
   </div>
   <div class='ocr_carea' id='block_1_52' title="bbox 2215 2781 3804 2866">
    <p class='ocr_par' dir='ltr' id='par_1_52' title="bbox 2215 2781 3804 2866">
     <span class='ocr_line' id='line_1_52' title="bbox 2215 2781 3804 2866; baseline -0.011 -16"><span class='ocrx_word' id='word_1_390' title='bbox 2215 2811 2421 2866; x_wconf 80' lang='grc' dir='ltr'>σωμεν,</span> <span class='ocrx_word' id='word_1_391' title='bbox 2473 2795 2569 2848; x_wconf 68' lang='grc' dir='ltr'>καὶ</span> <span class='ocrx_word' id='word_1_392' title='bbox 2611 2794 2741 2866; x_wconf 70' lang='grc' dir='ltr'>περὶ</span> <span class='ocrx_word' id='word_1_393' title='bbox 2793 2793 2893 2862; x_wconf 82' lang='grc' dir='ltr'><strong>τῆς</strong></span> <span class='ocrx_word' id='word_1_394' title='bbox 2939 2789 3189 2843; x_wconf 74' lang='grc' dir='ltr'>ἐντεῦθεν</span> <span class='ocrx_word' id='word_1_395' title='bbox 3239 2788 3372 2858; x_wconf 79' lang='grc' dir='ltr'>ημῖν</span> <span class='ocrx_word' id='word_1_396' title='bbox 3431 2781 3804 2854; x_wconf 74' lang='grc' dir='ltr'>πηγαξούσης</span> 
     </span>
    </p>
   </div>
   <div class='ocr_carea' id='block_1_53' title="bbox 2216 2889 2560 2961">
    <p class='ocr_par' dir='ltr' id='par_1_53' title="bbox 2216 2889 2560 2961">
     <span class='ocr_line' id='line_1_53' title="bbox 2216 2889 2560 2961; baseline 0 -19"><span class='ocrx_word' id='word_1_397' title='bbox 2216 2889 2560 2961; x_wconf 76' lang='grc' dir='ltr'>εὐεργεσίας.</span> 
     </span>
    </p>
   </div>
   <div class='ocr_carea' id='block_1_54' title="bbox 538 2969 3802 3053">
    <p class='ocr_par' dir='ltr' id='par_1_54' title="bbox 538 2969 3802 3053">
     <span class='ocr_line' id='line_1_54' title="bbox 538 2969 3802 3053; baseline -0.003 -21"><span class='ocrx_word' id='word_1_398' title='bbox 538 2977 790 3042; x_wconf 85' lang='lat' dir='ltr'><strong>beantur,</strong></span> <span class='ocrx_word' id='word_1_399' title='bbox 823 2978 876 3031; x_wconf 94' lang='lat' dir='ltr'><strong>in</strong></span> <span class='ocrx_word' id='word_1_400' title='bbox 915 2980 1202 3048; x_wconf 70' lang='lat' dir='ltr'><strong>praesentia</strong></span> <span class='ocrx_word' id='word_1_401' title='bbox 1231 2980 1504 3050; x_wconf 82' lang='lat' dir='ltr'><strong>explicare</strong></span> <span class='ocrx_word' id='word_1_402' title='bbox 1538 2997 1644 3036; x_wconf 91' lang='lat' dir='ltr'><strong>non</strong></span> <span class='ocrx_word' id='word_1_403' title='bbox 1689 2982 1898 3036; x_wconf 88' lang='lat' dir='ltr'><strong>attinet.</strong></span> <span class='ocrx_word' id='word_1_404' title='bbox 1926 2981 1996 3036; x_wconf 80' lang='lat' dir='ltr'><strong>At</strong></span> <span class='ocrx_word' id='word_1_405' title='bbox 2039 2983 2106 3037; x_wconf 88' lang='lat' dir='ltr'><strong>de</strong></span> <span class='ocrx_word' id='word_1_406' title='bbox 2177 2993 2395 3053; x_wconf 89' lang='lat' dir='ltr'><strong>pectore</strong></span> <span class='ocrx_word' id='word_1_407' title='bbox 2452 2983 2656 3053; x_wconf 87' lang='lat' dir='ltr'><strong>potius,</strong></span> <span class='ocrx_word' id='word_1_408' title='bbox 2701 2980 2875 3050; x_wconf 89' lang='lat' dir='ltr'><strong>deque</strong></span> <span class='ocrx_word' id='word_1_409' title='bbox 2931 2975 3235 3033; x_wconf 88' lang='lat' dir='ltr'><strong>commodis</strong></span> <span class='ocrx_word' id='word_1_410' title='bbox 3279 2969 3802 3038; x_wconf 83' lang='lat' dir='ltr'><strong>emolumentisque,</strong></span> 
     </span>
    </p>
   </div>
   <div class='ocr_carea' id='block_1_55' title="bbox 536 3074 2230 3150">
    <p class='ocr_par' dir='ltr' id='par_1_55' title="bbox 536 3074 2230 3150">
     <span class='ocr_line' id='line_1_55' title="bbox 536 3074 2230 3150; baseline 0.005 -26"><span class='ocrx_word' id='word_1_411' title='bbox 536 3089 662 3143; x_wconf 73' lang='lat' dir='ltr'><strong>quae</strong></span> <span class='ocrx_word' id='word_1_412' title='bbox 675 3074 800 3130; x_wconf 87' lang='lat' dir='ltr'><strong>inde</strong></span> <span class='ocrx_word' id='word_1_413' title='bbox 822 3075 978 3130; x_wconf 86' lang='lat' dir='ltr'><strong>nobis</strong></span> <span class='ocrx_word' id='word_1_414' title='bbox 1007 3076 1354 3145; x_wconf 88' lang='lat' dir='ltr'><strong>proveniunt,</strong></span> <span class='ocrx_word' id='word_1_415' title='bbox 1377 3076 1798 3148; x_wconf 87' lang='lat' dir='ltr'><strong>disputationem</strong></span> <span class='ocrx_word' id='word_1_416' title='bbox 1832 3079 2230 3150; x_wconf 78' lang='lat' dir='ltr'><strong>aggrediamur.</strong></span> 
     </span>
    </p>
   </div>
   <div class='ocr_carea' id='block_1_56' title="bbox 990 3185 1660 3259">
    <p class='ocr_par' dir='ltr' id='par_1_56' title="bbox 990 3185 1660 3259">
     <span class='ocr_line' id='line_1_56' title="bbox 990 3185 1660 3259; baseline 0.004 -17"><span class='ocrx_word' id='word_1_417' title='bbox 990 3185 1122 3256; x_wconf 84' lang='lat' dir='ltr'><strong>Cap.</strong></span> <span class='ocrx_word' id='word_1_418' title='bbox 1157 3185 1297 3243; x_wconf 80' lang='lat' dir='ltr'><strong>Xlll.</strong></span> <span class='ocrx_word' id='word_1_419' title='bbox 1340 3187 1414 3243; x_wconf 86' lang='lat' dir='ltr'><strong>De</strong></span> <span class='ocrx_word' id='word_1_420' title='bbox 1433 3199 1660 3259; x_wconf 79' lang='lat' dir='ltr'><strong>pectore.</strong></span> 
     </span>
    </p>
   </div>
   <div class='ocr_carea' id='block_1_57' title="bbox 604 3317 2114 3396">
    <p class='ocr_par' dir='ltr' id='par_1_57' title="bbox 604 3317 2114 3396">
     <span class='ocr_line' id='line_1_57' title="bbox 604 3317 2114 3396; baseline 0.005 -24"><span class='ocrx_word' id='word_1_421' title='bbox 604 3317 805 3373; x_wconf 78' lang='lat' dir='ltr'><strong>Pectus</strong></span> <span class='ocrx_word' id='word_1_422' title='bbox 836 3334 866 3374; x_wconf 81' lang='lat' dir='ltr'><strong>a</strong></span> <span class='ocrx_word' id='word_1_423' title='bbox 895 3319 1101 3375; x_wconf 65' lang='lat' dir='ltr'><strong>Graecis</strong></span> <span class='ocrx_word' id='word_1_424' title='bbox 1149 3319 1368 3391; x_wconf 84' lang='grc' dir='ltr'>στῆθος,</span> <span class='ocrx_word' id='word_1_425' title='bbox 1414 3323 1507 3376; x_wconf 76' lang='grc' dir='ltr'>καὶ</span> <span class='ocrx_word' id='word_1_426' title='bbox 1538 3324 1779 3394; x_wconf 86' lang='grc' dir='ltr'>στέρνον,</span> <span class='ocrx_word' id='word_1_427' title='bbox 1812 3325 1906 3378; x_wconf 75' lang='grc' dir='ltr'><strong>καὶ</strong></span> <span class='ocrx_word' id='word_1_428' title='bbox 1931 3323 2114 3396; x_wconf 82' lang='grc' dir='ltr'>θώραξ</span> 
     </span>
    </p>
   </div>
   <div class='ocr_carea' id='block_1_58' title="bbox 536 3411 2118 3480">
    <p class='ocr_par' dir='ltr' id='par_1_58' title="bbox 536 3411 2118 3480">
     <span class='ocr_line' id='line_1_58' title="bbox 536 3411 2118 3480; baseline 0.006 -19"><span class='ocrx_word' id='word_1_429' title='bbox 536 3419 906 3480; x_wconf 79' lang='lat' dir='ltr'><strong>nuncupatur,</strong></span> <span class='ocrx_word' id='word_1_430' title='bbox 949 3411 1053 3467; x_wconf 90' lang='lat' dir='ltr'><strong>etsi</strong></span> <span class='ocrx_word' id='word_1_431' title='bbox 1111 3425 1143 3467; x_wconf 88' lang='lat' dir='ltr'><strong>a</strong></span> <span class='ocrx_word' id='word_1_432' title='bbox 1213 3414 1491 3469; x_wconf 87' lang='lat' dir='ltr'><strong>nonnullis</strong></span> <span class='ocrx_word' id='word_1_433' title='bbox 1545 3415 1661 3470; x_wconf 70' lang='lat' dir='ltr'><strong>haec</strong></span> <span class='ocrx_word' id='word_1_434' title='bbox 1711 3415 2024 3471; x_wconf 83' lang='lat' dir='ltr'><strong>dividantur</strong></span> <span class='ocrx_word' id='word_1_435' title='bbox 2062 3425 2118 3471; x_wconf 91' lang='lat' dir='ltr'><strong>et</strong></span> 
     </span>
    </p>
   </div>
   <div class='ocr_carea' id='block_1_59' title="bbox 538 3501 2113 3582">
    <p class='ocr_par' dir='ltr' id='par_1_59' title="bbox 538 3501 2113 3582">
     <span class='ocr_line' id='line_1_59' title="bbox 538 3501 2113 3582; baseline 0.009 -30"><span class='ocrx_word' id='word_1_436' title='bbox 538 3501 764 3573; x_wconf 84' lang='grc' dir='ltr'>στέρνον</span> <span class='ocrx_word' id='word_1_437' title='bbox 793 3503 1010 3572; x_wconf 86' lang='lat' dir='ltr'><strong>quidem</strong></span> <span class='ocrx_word' id='word_1_438' title='bbox 1045 3501 1115 3559; x_wconf 89' lang='lat' dir='ltr'><strong>ob</strong></span> <span class='ocrx_word' id='word_1_439' title='bbox 1143 3503 1194 3560; x_wconf 89' lang='lat' dir='ltr'><strong>id</strong></span> <span class='ocrx_word' id='word_1_440' title='bbox 1230 3505 1440 3570; x_wconf 88' lang='lat' dir='ltr'><strong>dicunt,</strong></span> <span class='ocrx_word' id='word_1_441' title='bbox 1471 3505 1559 3561; x_wconf 81' lang='grc' dir='ltr'><strong>διὰ</strong></span> <span class='ocrx_word' id='word_1_442' title='bbox 1589 3507 1650 3561; x_wconf 83' lang='grc' dir='ltr'><strong>τὺ</strong></span> <span class='ocrx_word' id='word_1_443' title='bbox 1696 3509 1936 3582; x_wconf 84' lang='grc' dir='ltr'>στερεόν,</span> <span class='ocrx_word' id='word_1_444' title='bbox 1967 3512 2113 3580; x_wconf 88' lang='lat' dir='ltr'><strong>quod</strong></span> 
     </span>
    </p>
   </div>
   <div class='ocr_carea' id='block_1_60' title="bbox 538 3593 2116 3671">
    <p class='ocr_par' dir='ltr' id='par_1_60' title="bbox 538 3593 2116 3671">
     <span class='ocr_line' id='line_1_60' title="bbox 538 3593 2116 3671; baseline 0.006 -25"><span class='ocrx_word' id='word_1_445' title='bbox 538 3593 772 3648; x_wconf 82' lang='lat' dir='ltr'><strong>solidum</strong></span> <span class='ocrx_word' id='word_1_446' title='bbox 811 3610 931 3650; x_wconf 83' lang='lat' dir='ltr'><strong>esse</strong></span> <span class='ocrx_word' id='word_1_447' title='bbox 953 3596 1291 3665; x_wconf 78' lang='lat' dir='ltr'><strong>explicarcs;</strong></span> <span class='ocrx_word' id='word_1_448' title='bbox 1357 3599 1551 3669; x_wconf 84' lang='grc' dir='ltr'>στῆθος</span> <span class='ocrx_word' id='word_1_449' title='bbox 1604 3615 1735 3654; x_wconf 86' lang='lat' dir='ltr'><strong>vero</strong></span> <span class='ocrx_word' id='word_1_450' title='bbox 1757 3601 1888 3654; x_wconf 83' lang='grc' dir='ltr'>διότι</span> <span class='ocrx_word' id='word_1_451' title='bbox 1917 3602 2116 3671; x_wconf 73' lang='grc' dir='ltr'>ἕστηκε</span> 
     </span>
    </p>
   </div>
   <div class='ocr_carea' id='block_1_61' title="bbox 535 3683 2113 3760">
    <p class='ocr_par' dir='ltr' id='par_1_61' title="bbox 535 3683 2113 3760">
     <span class='ocr_line' id='line_1_61' title="bbox 535 3683 2113 3760; baseline 0.007 -23"><span class='ocrx_word' id='word_1_452' title='bbox 535 3683 853 3752; x_wconf 84' lang='grc' dir='ltr'>ἀσάλευτον,</span> <span class='ocrx_word' id='word_1_453' title='bbox 889 3703 952 3743; x_wconf 77' lang='lat' dir='ltr'><strong>ex</strong></span> <span class='ocrx_word' id='word_1_454' title='bbox 991 3703 1056 3743; x_wconf 91' lang='lat' dir='ltr'><strong>co</strong></span> <span class='ocrx_word' id='word_1_455' title='bbox 1074 3691 1216 3760; x_wconf 91' lang='lat' dir='ltr'><strong>quod</strong></span> <span class='ocrx_word' id='word_1_456' title='bbox 1241 3689 1520 3745; x_wconf 81' lang='lat' dir='ltr'><strong>immobile</strong></span> <span class='ocrx_word' id='word_1_457' title='bbox 1544 3692 1807 3746; x_wconf 90' lang='lat' dir='ltr'><strong>consistat</strong></span> <span class='ocrx_word' id='word_1_458' title='bbox 1839 3693 2113 3748; x_wconf 81' lang='lat' dir='ltr'><strong>dixerunt.</strong></span> 
     </span>
    </p>
   </div>
   <div class='ocr_carea' id='block_1_62' title="bbox 537 3779 2117 3852">
    <p class='ocr_par' dir='ltr' id='par_1_62' title="bbox 537 3779 2117 3852">
     <span class='ocr_line' id='line_1_62' title="bbox 537 3779 2117 3852; baseline 0.007 -21"><span class='ocrx_word' id='word_1_459' title='bbox 537 3779 607 3832; x_wconf 78' lang='lat' dir='ltr'><strong>At</strong></span> <span class='ocrx_word' id='word_1_460' title='bbox 627 3779 717 3833; x_wconf 90' lang='lat' dir='ltr'><strong>alii</strong></span> <span class='ocrx_word' id='word_1_461' title='bbox 746 3779 814 3833; x_wconf 90' lang='lat' dir='ltr'><strong>ab</strong></span> <span class='ocrx_word' id='word_1_462' title='bbox 849 3790 936 3845; x_wconf 89' lang='lat' dir='ltr'><strong>eo,</strong></span> <span class='ocrx_word' id='word_1_463' title='bbox 963 3780 1093 3835; x_wconf 89' lang='lat' dir='ltr'><strong>illud</strong></span> <span class='ocrx_word' id='word_1_464' title='bbox 1129 3782 1274 3850; x_wconf 90' lang='lat' dir='ltr'><strong>quod</strong></span> <span class='ocrx_word' id='word_1_465' title='bbox 1311 3782 1365 3835; x_wconf 90' lang='lat' dir='ltr'><strong>in</strong></span> <span class='ocrx_word' id='word_1_466' title='bbox 1398 3782 1556 3837; x_wconf 89' lang='lat' dir='ltr'><strong>nobis</strong></span> <span class='ocrx_word' id='word_1_467' title='bbox 1594 3783 1878 3852; x_wconf 89' lang='lat' dir='ltr'><strong>imperium</strong></span> <span class='ocrx_word' id='word_1_468' title='bbox 1907 3785 2117 3842; x_wconf 80' lang='lat' dir='ltr'><strong>obtinet</strong></span> 
     </span>
    </p>
   </div>
   <div class='ocr_carea' id='block_1_63' title="bbox 537 3868 2113 3945">
    <p class='ocr_par' dir='ltr' id='par_1_63' title="bbox 537 3868 2113 3945">
     <span class='ocr_line' id='line_1_63' title="bbox 537 3868 2113 3945; baseline 0.005 -23"><span class='ocrx_word' id='word_1_469' title='bbox 537 3868 736 3924; x_wconf 90' lang='lat' dir='ltr'><strong>ibidem</strong></span> <span class='ocrx_word' id='word_1_470' title='bbox 757 3871 992 3938; x_wconf 89' lang='lat' dir='ltr'><strong>positum</strong></span> <span class='ocrx_word' id='word_1_471' title='bbox 1020 3871 1123 3937; x_wconf 89' lang='lat' dir='ltr'><strong>sit,</strong></span> <span class='ocrx_word' id='word_1_472' title='bbox 1157 3871 1279 3926; x_wconf 91' lang='lat' dir='ltr'><strong>inde</strong></span> <span class='ocrx_word' id='word_1_473' title='bbox 1307 3871 1384 3937; x_wconf 90' lang='lat' dir='ltr'><strong>ﬁt,</strong></span> <span class='ocrx_word' id='word_1_474' title='bbox 1405 3882 1466 3926; x_wconf 92' lang='lat' dir='ltr'><strong>ut</strong></span> <span class='ocrx_word' id='word_1_475' title='bbox 1484 3888 1608 3927; x_wconf 89' lang='lat' dir='ltr'><strong>cum</strong></span> <span class='ocrx_word' id='word_1_476' title='bbox 1631 3874 2113 3945; x_wconf 83' lang='lat' dir='ltr'><strong>damnoquispiam</strong></span> 
     </span>
    </p>
   </div>
   <div class='ocr_carea' id='block_1_64' title="bbox 537 3960 2113 4035">
    <p class='ocr_par' dir='ltr' id='par_1_64' title="bbox 537 3960 2113 4035">
     <span class='ocr_line' id='line_1_64' title="bbox 537 3960 2113 4035; baseline 0.006 -22"><span class='ocrx_word' id='word_1_477' title='bbox 537 3960 773 4030; x_wconf 84' lang='lat' dir='ltr'><strong>aliquem</strong></span> <span class='ocrx_word' id='word_1_478' title='bbox 805 3960 1022 4016; x_wconf 83' lang='lat' dir='ltr'><strong>afficere</strong></span> <span class='ocrx_word' id='word_1_479' title='bbox 1051 3963 1253 4027; x_wconf 85' lang='lat' dir='ltr'><strong>studet,</strong></span> <span class='ocrx_word' id='word_1_480' title='bbox 1281 3963 1334 4017; x_wconf 91' lang='lat' dir='ltr'><strong>iu</strong></span> <span class='ocrx_word' id='word_1_481' title='bbox 1368 3974 1589 4033; x_wconf 88' lang='lat' dir='ltr'><strong>pectore</strong></span> <span class='ocrx_word' id='word_1_482' title='bbox 1616 3974 1813 4027; x_wconf 84' lang='lat' dir='ltr'><strong>verset,</strong></span> <span class='ocrx_word' id='word_1_483' title='bbox 1853 3966 2000 4035; x_wconf 90' lang='lat' dir='ltr'><strong>quod</strong></span> <span class='ocrx_word' id='word_1_484' title='bbox 2039 3967 2113 4022; x_wconf 92' lang='lat' dir='ltr'><strong>illi</strong></span> 
     </span>
    </p>
   </div>
   <div class='ocr_carea' id='block_1_65' title="bbox 537 4052 2118 4126">
    <p class='ocr_par' dir='ltr' id='par_1_65' title="bbox 537 4052 2118 4126">
     <span class='ocr_line' id='line_1_65' title="bbox 537 4052 2118 4126; baseline 0.005 -21"><span class='ocrx_word' id='word_1_485' title='bbox 537 4053 612 4106; x_wconf 86' lang='lat' dir='ltr'><strong>ita</strong></span> <span class='ocrx_word' id='word_1_486' title='bbox 630 4052 818 4107; x_wconf 85' lang='lat' dir='ltr'><strong>dicunt</strong></span> <span class='ocrx_word' id='word_1_487' title='bbox 849 4072 861 4106; x_wconf 94' lang='lat'><strong>:</strong></span> <span class='ocrx_word' id='word_1_488' title='bbox 888 4052 1114 4106; x_wconf 85' lang='grc' dir='ltr'>Στεῦταί</span> <span class='ocrx_word' id='word_1_489' title='bbox 1141 4072 1224 4118; x_wconf 89' lang='grc' dir='ltr'><strong>τις</strong></span> <span class='ocrx_word' id='word_1_490' title='bbox 1249 4053 1493 4126; x_wconf 82' lang='grc' dir='ltr'>λωδῆσαί</span> <span class='ocrx_word' id='word_1_491' title='bbox 1524 4072 1612 4122; x_wconf 87' lang='grc' dir='ltr'>σε;</span> <span class='ocrx_word' id='word_1_492' title='bbox 1633 4055 1747 4111; x_wconf 83' lang='lat' dir='ltr'><strong>sive</strong></span> <span class='ocrx_word' id='word_1_493' title='bbox 1769 4056 2016 4121; x_wconf 85' lang='grc' dir='ltr'>σιτίωθος</span> <span class='ocrx_word' id='word_1_494' title='bbox 2032 4057 2118 4112; x_wconf 87' lang='lat' dir='ltr'><strong>di-</strong></span> 
     </span>
    </p>
   </div>
   <div class='ocr_carea' id='block_1_66' title="bbox 536 4146 2113 4219">
    <p class='ocr_par' dir='ltr' id='par_1_66' title="bbox 536 4146 2113 4219">
     <span class='ocr_line' id='line_1_66' title="bbox 536 4146 2113 4219; baseline 0.004 -20"><span class='ocrx_word' id='word_1_495' title='bbox 536 4146 700 4211; x_wconf 87' lang='lat' dir='ltr'><strong>citur,</strong></span> <span class='ocrx_word' id='word_1_496' title='bbox 737 4147 880 4217; x_wconf 90' lang='lat' dir='ltr'><strong>quod</strong></span> <span class='ocrx_word' id='word_1_497' title='bbox 910 4146 1162 4201; x_wconf 83' lang='lat' dir='ltr'><strong>videlicet</strong></span> <span class='ocrx_word' id='word_1_498' title='bbox 1195 4147 1351 4203; x_wconf 88' lang='lat' dir='ltr'><strong>cibus</strong></span> <span class='ocrx_word' id='word_1_499' title='bbox 1391 4162 1485 4218; x_wconf 88' lang='lat' dir='ltr'><strong>per</strong></span> <span class='ocrx_word' id='word_1_500' title='bbox 1519 4148 1695 4218; x_wconf 90' lang='lat' dir='ltr'><strong>ipsum</strong></span> <span class='ocrx_word' id='word_1_501' title='bbox 1744 4153 2113 4219; x_wconf 82' lang='lat' dir='ltr'><strong>propinquum</strong></span> 
     </span>
    </p>
   </div>
   <div class='ocr_carea' id='block_1_67' title="bbox 537 4233 2115 4310">
    <p class='ocr_par' dir='ltr' id='par_1_67' title="bbox 537 4233 2115 4310">
     <span class='ocr_line' id='line_1_67' title="bbox 537 4233 2115 4310; baseline 0 -18"><span class='ocrx_word' id='word_1_502' title='bbox 537 4239 590 4292; x_wconf 90' lang='lat' dir='ltr'><strong>in</strong></span> <span class='ocrx_word' id='word_1_503' title='bbox 629 4247 873 4292; x_wconf 86' lang='lat' dir='ltr'><strong>ventrem</strong></span> <span class='ocrx_word' id='word_1_504' title='bbox 912 4237 1226 4306; x_wconf 89' lang='lat' dir='ltr'><strong>impellitur.</strong></span> <span class='ocrx_word' id='word_1_505' title='bbox 1267 4237 1462 4310; x_wconf 82' lang='grc' dir='ltr'>Θώραξ</span> <span class='ocrx_word' id='word_1_506' title='bbox 1516 4253 1645 4294; x_wconf 81' lang='lat' dir='ltr'><strong>vero</strong></span> <span class='ocrx_word' id='word_1_507' title='bbox 1692 4233 1802 4293; x_wconf 78' lang='grc' dir='ltr'>οἷον</span> <span class='ocrx_word' id='word_1_508' title='bbox 1827 4240 1969 4309; x_wconf 79' lang='grc' dir='ltr'>ὅρος,</span> <span class='ocrx_word' id='word_1_509' title='bbox 2021 4240 2115 4292; x_wconf 81' lang='grc' dir='ltr'>καὶ</span> 
     </span>
    </p>
   </div>
   <div class='ocr_carea' id='block_1_68' title="bbox 535 4326 2112 4398">
    <p class='ocr_par' dir='ltr' id='par_1_68' title="bbox 535 4326 2112 4398">
     <span class='ocr_line' id='line_1_68' title="bbox 535 4326 2112 4398; baseline 0.001 -18"><span class='ocrx_word' id='word_1_510' title='bbox 535 4327 710 4396; x_wconf 83' lang='grc' dir='ltr'>φύλαξ</span> <span class='ocrx_word' id='word_1_511' title='bbox 736 4326 830 4380; x_wconf 87' lang='grc' dir='ltr'><strong>τοῦ</strong></span> <span class='ocrx_word' id='word_1_512' title='bbox 856 4326 1058 4398; x_wconf 82' lang='grc' dir='ltr'>θερμοῦ</span> <span class='ocrx_word' id='word_1_513' title='bbox 1090 4337 1455 4397; x_wconf 87' lang='lat' dir='ltr'><strong>nuncupatur,</strong></span> <span class='ocrx_word' id='word_1_514' title='bbox 1474 4329 1630 4398; x_wconf 90' lang='lat' dir='ltr'><strong>quasi</strong></span> <span class='ocrx_word' id='word_1_515' title='bbox 1657 4327 1802 4398; x_wconf 88' lang='lat' dir='ltr'><strong>quod</strong></span> <span class='ocrx_word' id='word_1_516' title='bbox 1824 4327 2112 4390; x_wconf 86' lang='lat' dir='ltr'><strong>terminus,</strong></span> 
     </span>
    </p>
   </div>
   <div class='ocr_carea' id='block_1_69' title="bbox 535 4417 2115 4487">
    <p class='ocr_par' dir='ltr' id='par_1_69' title="bbox 535 4417 2115 4487">
     <span class='ocr_line' id='line_1_69' title="bbox 535 4417 2115 4487; baseline 0.002 -19"><span class='ocrx_word' id='word_1_517' title='bbox 535 4431 832 4485; x_wconf 70' lang='lat' dir='ltr'><strong>cusmsque</strong></span> <span class='ocrx_word' id='word_1_518' title='bbox 874 4417 1074 4473; x_wconf 86' lang='lat' dir='ltr'><strong>caloris</strong></span> <span class='ocrx_word' id='word_1_519' title='bbox 1120 4433 1186 4487; x_wconf 53' lang='grc' dir='ltr'>ε)</span> <span class='ocrx_word' id='word_1_520' title='bbox 1224 4426 1496 4482; x_wconf 90' lang='lat' dir='ltr'><strong>movente,</strong></span> <span class='ocrx_word' id='word_1_521' title='bbox 1551 4419 1836 4473; x_wconf 84' lang='lat' dir='ltr'><strong>exsiliente</strong></span> <span class='ocrx_word' id='word_1_522' title='bbox 1861 4417 2115 4471; x_wconf 78' lang='lat' dir='ltr'><strong>videlicet</strong></span> 
     </span>
    </p>
   </div>
   <div class='ocr_carea' id='block_1_70' title="bbox 2145 3176 2266 3234">
    <p class='ocr_par' dir='ltr' id='par_1_70' title="bbox 2145 3176 2266 3234">
     <span class='ocr_line' id='line_1_70' title="bbox 2145 3176 2266 3234; baseline 0 -40"><span class='ocrx_word' id='word_1_523' title='bbox 2145 3176 2192 3234; x_wconf 58' lang='grc' dir='ltr'><strong>ο</strong></span> <span class='ocrx_word' id='word_1_524' title='bbox 2253 3179 2266 3194; x_wconf 78' lang='grc'>,</span> 
     </span>
    </p>
   </div>
   <div class='ocr_carea' id='block_1_71' title="bbox 2483 3181 3512 3259">
    <p class='ocr_par' dir='ltr' id='par_1_71' title="bbox 2483 3181 3512 3259">
     <span class='ocr_line' id='line_1_71' title="bbox 2483 3181 3512 3259; baseline -0.013 -15"><span class='ocrx_word' id='word_1_525' title='bbox 2483 3190 2629 3259; x_wconf 74' lang='grc' dir='ltr'>Κεφ.</span> <span class='ocrx_word' id='word_1_526' title='bbox 2668 3186 2772 3242; x_wconf 77' lang='lat' dir='ltr'><strong>ll&quot;.</strong></span> <span class='ocrx_word' id='word_1_527' title='bbox 2802 3215 2871 3226; x_wconf 90' lang='lat'><strong>-—</strong></span> <span class='ocrx_word' id='word_1_528' title='bbox 2903 3185 3046 3253; x_wconf 75' lang='grc' dir='ltr'>Περὶ</span> <span class='ocrx_word' id='word_1_529' title='bbox 3075 3182 3184 3240; x_wconf 82' lang='grc' dir='ltr'><strong>τοῦ</strong></span> <span class='ocrx_word' id='word_1_530' title='bbox 3229 3181 3512 3249; x_wconf 78' lang='grc' dir='ltr'>θώρακος.</span> 
     </span>
    </p>
   </div>
   <div class='ocr_carea' id='block_1_72' title="bbox 2286 3309 3797 3394">
    <p class='ocr_par' dir='ltr' id='par_1_72' title="bbox 2286 3309 3797 3394">
     <span class='ocr_line' id='line_1_72' title="bbox 2286 3309 3797 3394; baseline -0.013 -13"><span class='ocrx_word' id='word_1_531' title='bbox 2286 3325 2362 3380; x_wconf 67' lang='lat' dir='ltr'><strong>re</strong></span> <span class='ocrx_word' id='word_1_532' title='bbox 2389 3321 2618 3394; x_wconf 79' lang='grc' dir='ltr'>στῆθος</span> <span class='ocrx_word' id='word_1_533' title='bbox 2645 3321 2865 3390; x_wconf 75' lang='grc' dir='ltr'>λέγεται</span> <span class='ocrx_word' id='word_1_534' title='bbox 2905 3319 3003 3375; x_wconf 74' lang='grc' dir='ltr'>καὶ</span> <span class='ocrx_word' id='word_1_535' title='bbox 3043 3315 3323 3386; x_wconf 75' lang='grc' dir='ltr'>στέρνον,</span> <span class='ocrx_word' id='word_1_536' title='bbox 3356 3312 3452 3366; x_wconf 67' lang='grc' dir='ltr'>καὶ</span> <span class='ocrx_word' id='word_1_537' title='bbox 3480 3309 3676 3378; x_wconf 76' lang='grc' dir='ltr'>θώραξ</span> <span class='ocrx_word' id='word_1_538' title='bbox 3697 3324 3709 3337; x_wconf 90' lang='grc'><strong>·</strong></span> <span class='ocrx_word' id='word_1_539' title='bbox 3747 3309 3797 3361; x_wconf 85' lang='grc' dir='ltr'><strong>εί</strong></span> 
     </span>
    </p>
   </div>
   <div class='ocr_carea' id='block_1_73' title="bbox 2215 3399 3793 3486">
    <p class='ocr_par' dir='ltr' id='par_1_73' title="bbox 2215 3399 3793 3486">
     <span class='ocr_line' id='line_1_73' title="bbox 2215 3399 3793 3486; baseline -0.014 -14"><span class='ocrx_word' id='word_1_540' title='bbox 2215 3417 2308 3472; x_wconf 86' lang='grc' dir='ltr'><strong>καί</strong></span> <span class='ocrx_word' id='word_1_541' title='bbox 2342 3433 2487 3479; x_wconf 87' lang='grc' dir='ltr'>τινες</span> <span class='ocrx_word' id='word_1_542' title='bbox 2524 3414 2830 3486; x_wconf 82' lang='grc' dir='ltr'>διαιροῦσιν</span> <span class='ocrx_word' id='word_1_543' title='bbox 2858 3412 3029 3467; x_wconf 83' lang='grc' dir='ltr'>αὐτά’</span> <span class='ocrx_word' id='word_1_544' title='bbox 3072 3409 3213 3479; x_wconf 81' lang='grc' dir='ltr'>πλὴν</span> <span class='ocrx_word' id='word_1_545' title='bbox 3251 3405 3511 3473; x_wconf 73' lang='grc' dir='ltr'>στέρνον</span> <span class='ocrx_word' id='word_1_546' title='bbox 3551 3402 3670 3473; x_wconf 79' lang='grc' dir='ltr'>μὲν,</span> <span class='ocrx_word' id='word_1_547' title='bbox 3703 3399 3793 3453; x_wconf 66' lang='grc' dir='ltr'>διὰ</span> 
     </span>
    </p>
   </div>
   <div class='ocr_carea' id='block_1_74' title="bbox 2215 3494 3777 3579">
    <p class='ocr_par' dir='ltr' id='par_1_74' title="bbox 2215 3494 3777 3579">
     <span class='ocr_line' id='line_1_74' title="bbox 2215 3494 3777 3579; baseline -0.012 -17"><span class='ocrx_word' id='word_1_548' title='bbox 2215 3513 2277 3565; x_wconf 85' lang='grc' dir='ltr'>τὸ</span> <span class='ocrx_word' id='word_1_549' title='bbox 2309 3509 2557 3579; x_wconf 85' lang='grc' dir='ltr'>στερεόν·</span> <span class='ocrx_word' id='word_1_550' title='bbox 2591 3508 2684 3560; x_wconf 76' lang='grc' dir='ltr'>καὶ</span> <span class='ocrx_word' id='word_1_551' title='bbox 2712 3505 2961 3573; x_wconf 83' lang='grc' dir='ltr'>στῆθος,</span> <span class='ocrx_word' id='word_1_552' title='bbox 2995 3501 3150 3572; x_wconf 80' lang='grc' dir='ltr'>παρὰ</span> <span class='ocrx_word' id='word_1_553' title='bbox 3179 3500 3243 3553; x_wconf 78' lang='grc' dir='ltr'>τὸ</span> <span class='ocrx_word' id='word_1_554' title='bbox 3266 3497 3432 3554; x_wconf 81' lang='grc' dir='ltr'>αὐτό·</span> <span class='ocrx_word' id='word_1_555' title='bbox 3467 3495 3604 3549; x_wconf 84' lang='grc' dir='ltr'>διότι</span> <span class='ocrx_word' id='word_1_556' title='bbox 3629 3494 3777 3558; x_wconf 72' lang='grc' dir='ltr'>ἕστη-</span> 
     </span>
    </p>
   </div>
   <div class='ocr_carea' id='block_1_75' title="bbox 2217 3583 3784 3660">
    <p class='ocr_par' dir='ltr' id='par_1_75' title="bbox 2217 3583 3784 3660">
     <span class='ocr_line' id='line_1_75' title="bbox 2217 3583 3784 3660; baseline -0.014 -4"><span class='ocrx_word' id='word_1_557' title='bbox 2217 3618 2312 3656; x_wconf 85' lang='grc' dir='ltr'><strong>κεν</strong></span> <span class='ocrx_word' id='word_1_558' title='bbox 2339 3599 2639 3655; x_wconf 83' lang='grc' dir='ltr'>ἀσάλευτον</span> <span class='ocrx_word' id='word_1_559' title='bbox 2659 3613 2675 3630; x_wconf 97' lang='grc'><strong>·</strong></span> <span class='ocrx_word' id='word_1_560' title='bbox 2706 3596 2860 3652; x_wconf 73' lang='grc' dir='ltr'>ἀλλοι</span> <span class='ocrx_word' id='word_1_561' title='bbox 2887 3595 2967 3660; x_wconf 77' lang='grc' dir='ltr'>δὲ,</span> <span class='ocrx_word' id='word_1_562' title='bbox 2989 3595 3075 3647; x_wconf 84' lang='grc' dir='ltr'><strong>δτι</strong></span> <span class='ocrx_word' id='word_1_563' title='bbox 3099 3594 3160 3646; x_wconf 73' lang='grc' dir='ltr'>ἐν</span> <span class='ocrx_word' id='word_1_564' title='bbox 3187 3589 3336 3659; x_wconf 83' lang='grc' dir='ltr'><strong>αὐτῷ</strong></span> <span class='ocrx_word' id='word_1_565' title='bbox 3370 3587 3433 3642; x_wconf 78' lang='grc' dir='ltr'>τὸ</span> <span class='ocrx_word' id='word_1_566' title='bbox 3462 3583 3784 3656; x_wconf 56' lang='grc' dir='ltr'>ἡγεμονικὴν</span> 
     </span>
    </p>
   </div>
   <div class='ocr_carea' id='block_1_76' title="bbox 2215 3671 3793 3763">
    <p class='ocr_par' dir='ltr' id='par_1_76' title="bbox 2215 3671 3793 3763">
     <span class='ocr_line' id='line_1_76' title="bbox 2215 3671 3793 3763; baseline -0.013 -15"><span class='ocrx_word' id='word_1_567' title='bbox 2215 3694 2452 3763; x_wconf 71' lang='grc' dir='ltr'>ἕστηκεν</span> <span class='ocrx_word' id='word_1_568' title='bbox 2469 3710 2483 3724; x_wconf 93' lang='grc'><strong>·</strong></span> <span class='ocrx_word' id='word_1_569' title='bbox 2513 3691 2573 3759; x_wconf 76' lang='grc' dir='ltr'><strong>ἐξ</strong></span> <span class='ocrx_word' id='word_1_570' title='bbox 2601 3683 2664 3744; x_wconf 76' lang='grc' dir='ltr'><strong>οὗ</strong></span> <span class='ocrx_word' id='word_1_571' title='bbox 2686 3690 2804 3754; x_wconf 83' lang='grc' dir='ltr'>καὶ,</span> <span class='ocrx_word' id='word_1_572' title='bbox 2831 3686 3082 3743; x_wconf 79' lang='grc' dir='ltr'>Στεῦταί</span> <span class='ocrx_word' id='word_1_573' title='bbox 3111 3701 3204 3751; x_wconf 83' lang='grc' dir='ltr'><strong>τις</strong></span> <span class='ocrx_word' id='word_1_574' title='bbox 3230 3681 3506 3751; x_wconf 68' lang='grc' dir='ltr'>λωϐἦσαί</span> <span class='ocrx_word' id='word_1_575' title='bbox 3533 3693 3628 3732; x_wconf 78' lang='grc' dir='ltr'><strong>σε·</strong></span> <span class='ocrx_word' id='word_1_576' title='bbox 3660 3671 3793 3740; x_wconf 83' lang='grc' dir='ltr'>οἷον,</span> 
     </span>
    </p>
   </div>
   <div class='ocr_carea' id='block_1_77' title="bbox 2217 3767 3797 3854">
    <p class='ocr_par' dir='ltr' id='par_1_77' title="bbox 2217 3767 3797 3854">
     <span class='ocr_line' id='line_1_77' title="bbox 2217 3767 3797 3854; baseline -0.012 -16"><span class='ocrx_word' id='word_1_577' title='bbox 2217 3787 2275 3839; x_wconf 87' lang='grc' dir='ltr'>ὲν</span> <span class='ocrx_word' id='word_1_578' title='bbox 2323 3787 2436 3848; x_wconf 73' lang='grc' dir='ltr'>τοῖς</span> <span class='ocrx_word' id='word_1_579' title='bbox 2486 3783 2711 3854; x_wconf 80' lang='grc' dir='ltr'>στήθεσι</span> <span class='ocrx_word' id='word_1_580' title='bbox 2746 3778 3037 3836; x_wconf 76' lang='grc' dir='ltr'>διανοεῖταί</span> <span class='ocrx_word' id='word_1_581' title='bbox 3089 3793 3176 3840; x_wconf 89' lang='grc' dir='ltr'><strong>τις</strong></span> <span class='ocrx_word' id='word_1_582' title='bbox 3221 3774 3480 3844; x_wconf 88' lang='grc' dir='ltr'>ἀδικῆσαι</span> <span class='ocrx_word' id='word_1_583' title='bbox 3512 3771 3546 3840; x_wconf 79' lang='grc' dir='ltr'>ἦ</span> <span class='ocrx_word' id='word_1_584' title='bbox 3591 3767 3797 3837; x_wconf 76' lang='grc' dir='ltr'>βλάψαι</span> 
     </span>
    </p>
   </div>
   <div class='ocr_carea' id='block_1_78' title="bbox 2219 3862 3800 3948">
    <p class='ocr_par' dir='ltr' id='par_1_78' title="bbox 2219 3862 3800 3948">
     <span class='ocr_line' id='line_1_78' title="bbox 2219 3862 3800 3948; baseline -0.013 -16"><span class='ocrx_word' id='word_1_585' title='bbox 2219 3897 2300 3945; x_wconf 87' lang='grc' dir='ltr'><strong>σε,</strong></span> <span class='ocrx_word' id='word_1_586' title='bbox 2339 3878 2416 3942; x_wconf 84' lang='grc' dir='ltr'>ὡς</span> <span class='ocrx_word' id='word_1_587' title='bbox 2456 3877 2552 3930; x_wconf 73' lang='grc' dir='ltr'>καὶ</span> <span class='ocrx_word' id='word_1_588' title='bbox 2587 3875 2714 3948; x_wconf 85' lang='grc' dir='ltr'>παρ’</span> <span class='ocrx_word' id='word_1_589' title='bbox 2743 3874 3002 3944; x_wconf 80' lang='grc' dir='ltr'>Ὀμὴρφ,</span> <span class='ocrx_word' id='word_1_590' title='bbox 3025 3868 3253 3938; x_wconf 84' lang='grc' dir='ltr'>Στῆθος</span> <span class='ocrx_word' id='word_1_591' title='bbox 3280 3865 3349 3920; x_wconf 82' lang='grc' dir='ltr'>δὲ</span> <span class='ocrx_word' id='word_1_592' title='bbox 3374 3862 3617 3929; x_wconf 72' lang='grc' dir='ltr'>πλήξας</span> <span class='ocrx_word' id='word_1_593' title='bbox 3654 3876 3800 3928; x_wconf 78' lang='grc' dir='ltr'>καρ-</span> 
     </span>
    </p>
   </div>
   <div class='ocr_carea' id='block_1_79' title="bbox 2215 3953 3800 4039">
    <p class='ocr_par' dir='ltr' id='par_1_79' title="bbox 2215 3953 3800 4039">
     <span class='ocr_line' id='line_1_79' title="bbox 2215 3953 3800 4039; baseline -0.013 -15"><span class='ocrx_word' id='word_1_594' title='bbox 2215 3970 2386 4039; x_wconf 75' lang='grc' dir='ltr'>δίηνί</span> <span class='ocrx_word' id='word_1_595' title='bbox 2418 3971 2684 4037; x_wconf 76' lang='grc' dir='ltr'>ἠνίπαπε</span> <span class='ocrx_word' id='word_1_596' title='bbox 2707 3967 2876 4036; x_wconf 82' lang='grc' dir='ltr'>μύθῳ</span> <span class='ocrx_word' id='word_1_597' title='bbox 2894 3969 2998 4034; x_wconf 78' lang='grc'><strong>(0)·</strong></span> <span class='ocrx_word' id='word_1_598' title='bbox 3027 3963 3062 4033; x_wconf 79' lang='grc' dir='ltr'>ἢ</span> <span class='ocrx_word' id='word_1_599' title='bbox 3096 3962 3178 4015; x_wconf 85' lang='grc' dir='ltr'>ὃτι</span> <span class='ocrx_word' id='word_1_600' title='bbox 3199 3959 3265 4013; x_wconf 84' lang='grc' dir='ltr'><strong>δι’</strong></span> <span class='ocrx_word' id='word_1_601' title='bbox 3289 3956 3477 4023; x_wconf 87' lang='grc' dir='ltr'>αὑτοῦ,</span> <span class='ocrx_word' id='word_1_602' title='bbox 3508 3955 3543 4025; x_wconf 79' lang='grc' dir='ltr'>ἢ</span> <span class='ocrx_word' id='word_1_603' title='bbox 3567 3953 3800 4022; x_wconf 81' lang='grc' dir='ltr'>πλησίον</span> 
     </span>
    </p>
   </div>
   <div class='ocr_carea' id='block_1_80' title="bbox 2217 4043 3797 4122">
    <p class='ocr_par' dir='ltr' id='par_1_80' title="bbox 2217 4043 3797 4122">
     <span class='ocr_line' id='line_1_80' title="bbox 2217 4043 3797 4122; baseline -0.012 -7"><span class='ocrx_word' id='word_1_604' title='bbox 2217 4061 2403 4122; x_wconf 77' lang='grc' dir='ltr'>αὐτοῦ,</span> <span class='ocrx_word' id='word_1_605' title='bbox 2428 4061 2497 4113; x_wconf 81' lang='grc' dir='ltr'>τὰ</span> <span class='ocrx_word' id='word_1_606' title='bbox 2521 4060 2665 4113; x_wconf 88' lang='grc' dir='ltr'>σιτία</span> <span class='ocrx_word' id='word_1_607' title='bbox 2689 4057 2984 4112; x_wconf 84' lang='grc' dir='ltr'>διωθεῖται·</span> <span class='ocrx_word' id='word_1_608' title='bbox 3011 4047 3121 4108; x_wconf 80' lang='grc' dir='ltr'>οἷον</span> <span class='ocrx_word' id='word_1_609' title='bbox 3155 4050 3425 4112; x_wconf 85' lang='grc' dir='ltr'>σιτίωθος.</span> <span class='ocrx_word' id='word_1_610' title='bbox 3465 4045 3666 4114; x_wconf 78' lang='grc' dir='ltr'>Θώραξ</span> <span class='ocrx_word' id='word_1_611' title='bbox 3689 4043 3751 4096; x_wconf 79' lang='grc' dir='ltr'>δὲ</span> <span class='ocrx_word' id='word_1_612' title='bbox 3779 4082 3797 4107; x_wconf 94' lang='grc'><strong>,</strong></span> 
     </span>
    </p>
   </div>
   <div class='ocr_carea' id='block_1_81' title="bbox 2215 4137 3796 4223">
    <p class='ocr_par' dir='ltr' id='par_1_81' title="bbox 2215 4137 3796 4223">
     <span class='ocr_line' id='line_1_81' title="bbox 2215 4137 3796 4223; baseline -0.012 -16"><span class='ocrx_word' id='word_1_613' title='bbox 2215 4148 2326 4207; x_wconf 78' lang='grc' dir='ltr'>οἷον</span> <span class='ocrx_word' id='word_1_614' title='bbox 2359 4152 2502 4223; x_wconf 81' lang='grc' dir='ltr'>ὼρδς</span> <span class='ocrx_word' id='word_1_615' title='bbox 2525 4155 2546 4185; x_wconf 78' lang='grc'>²</span> <span class='ocrx_word' id='word_1_616' title='bbox 2581 4151 2676 4204; x_wconf 71' lang='grc' dir='ltr'>καὶ</span> <span class='ocrx_word' id='word_1_617' title='bbox 2706 4146 2880 4219; x_wconf 82' lang='grc' dir='ltr'>φύλαξ</span> <span class='ocrx_word' id='word_1_618' title='bbox 2906 4145 3003 4200; x_wconf 88' lang='grc' dir='ltr'><strong>τοῦ</strong></span> <span class='ocrx_word' id='word_1_619' title='bbox 3036 4142 3268 4214; x_wconf 82' lang='grc' dir='ltr'>θερμοῦ,</span> <span class='ocrx_word' id='word_1_620' title='bbox 3300 4142 3334 4213; x_wconf 79' lang='grc' dir='ltr'><strong>ἥ</strong></span> <span class='ocrx_word' id='word_1_621' title='bbox 3387 4139 3488 4210; x_wconf 82' lang='grc' dir='ltr'><strong>τῆς</strong></span> <span class='ocrx_word' id='word_1_622' title='bbox 3531 4137 3796 4209; x_wconf 82' lang='grc' dir='ltr'>ὀρούσης,</span> 
     </span>
    </p>
   </div>
   <div class='ocr_carea' id='block_1_82' title="bbox 2215 4227 3800 4317">
    <p class='ocr_par' dir='ltr' id='par_1_82' title="bbox 2215 4227 3800 4317">
     <span class='ocr_line' id='line_1_82' title="bbox 2215 4227 3800 4317; baseline -0.013 -17"><span class='ocrx_word' id='word_1_623' title='bbox 2215 4249 2337 4316; x_wconf 69' lang='grc' dir='ltr'>ἢτοι</span> <span class='ocrx_word' id='word_1_624' title='bbox 2368 4245 2630 4317; x_wconf 80' lang='grc' dir='ltr'>πηδώσης</span> <span class='ocrx_word' id='word_1_625' title='bbox 2668 4241 2926 4312; x_wconf 86' lang='grc' dir='ltr'>καρδίας·</span> <span class='ocrx_word' id='word_1_626' title='bbox 2953 4239 2988 4310; x_wconf 68' lang='grc' dir='ltr'><strong>ἢ</strong></span> <span class='ocrx_word' id='word_1_627' title='bbox 3020 4237 3116 4291; x_wconf 89' lang='grc' dir='ltr'><strong>τοῦ</strong></span> <span class='ocrx_word' id='word_1_628' title='bbox 3153 4236 3302 4290; x_wconf 80' lang='grc' dir='ltr'>θείου</span> <span class='ocrx_word' id='word_1_629' title='bbox 3325 4233 3419 4287; x_wconf 75' lang='grc' dir='ltr'>καὶ</span> <span class='ocrx_word' id='word_1_630' title='bbox 3458 4227 3800 4302; x_wconf 76' lang='grc' dir='ltr'>ἡγεμονικοῦ</span> 
     </span>
    </p>
   </div>
   <div class='ocr_carea' id='block_1_83' title="bbox 2215 4317 3802 4410">
    <p class='ocr_par' dir='ltr' id='par_1_83' title="bbox 2215 4317 3802 4410">
     <span class='ocr_line' id='line_1_83' title="bbox 2215 4317 3802 4410; baseline -0.013 -18"><span class='ocrx_word' id='word_1_631' title='bbox 2215 4339 2316 4410; x_wconf 85' lang='grc' dir='ltr'><strong>τῆς</strong></span> <span class='ocrx_word' id='word_1_632' title='bbox 2355 4338 2559 4408; x_wconf 79' lang='grc' dir='ltr'>ψυχῆς,</span> <span class='ocrx_word' id='word_1_633' title='bbox 2595 4335 2691 4390; x_wconf 89' lang='grc' dir='ltr'><strong>τοῦ</strong></span> <span class='ocrx_word' id='word_1_634' title='bbox 2740 4331 2996 4403; x_wconf 87' lang='grc' dir='ltr'>θυμικοῦ·</span> <span class='ocrx_word' id='word_1_635' title='bbox 3034 4325 3148 4384; x_wconf 81' lang='grc' dir='ltr'>οἷον</span> <span class='ocrx_word' id='word_1_636' title='bbox 3187 4325 3408 4397; x_wconf 80' lang='grc' dir='ltr'>θειύραξ</span> <span class='ocrx_word' id='word_1_637' title='bbox 3442 4324 3464 4356; x_wconf 89' lang='grc'>³</span> <span class='ocrx_word' id='word_1_638' title='bbox 3497 4339 3514 4354; x_wconf 90' lang='grc'><strong>·</strong></span> <span class='ocrx_word' id='word_1_639' title='bbox 3557 4320 3642 4392; x_wconf 73' lang='grc' dir='ltr'><strong>ἢ⁸</strong></span> <span class='ocrx_word' id='word_1_640' title='bbox 3687 4317 3802 4372; x_wconf 76' lang='grc' dir='ltr'>ἀπὸ</span> 
     </span>
    </p>
   </div>
   <div class='ocr_carea' id='block_1_84' title="bbox 2216 4411 3800 4497">
    <p class='ocr_par' dir='ltr' id='par_1_84' title="bbox 2216 4411 3800 4497">
     <span class='ocr_line' id='line_1_84' title="bbox 2216 4411 3800 4497; baseline -0.014 -13"><span class='ocrx_word' id='word_1_641' title='bbox 2216 4431 2312 4484; x_wconf 87' lang='grc' dir='ltr'><strong>τοῦ</strong></span> <span class='ocrx_word' id='word_1_642' title='bbox 2363 4432 2473 4484; x_wconf 80' lang='grc' dir='ltr'>πᾶν</span> <span class='ocrx_word' id='word_1_643' title='bbox 2525 4429 2759 4497; x_wconf 82' lang='grc' dir='ltr'>πρᾶγμα</span> <span class='ocrx_word' id='word_1_644' title='bbox 2792 4423 3061 4479; x_wconf 85' lang='grc' dir='ltr'>κινεῖσθαι</span> <span class='ocrx_word' id='word_1_645' title='bbox 3107 4420 3197 4475; x_wconf 79' lang='grc' dir='ltr'>διὰ</span> <span class='ocrx_word' id='word_1_646' title='bbox 3241 4418 3339 4473; x_wconf 90' lang='grc' dir='ltr'><strong>τοῦ</strong></span> <span class='ocrx_word' id='word_1_647' title='bbox 3398 4411 3800 4487; x_wconf 80' lang='grc' dir='ltr'>περιεχομένου</span> 
     </span>
    </p>
   </div>
   <div class='ocr_carea' id='block_1_85' title="bbox 534 4501 2124 4601">
    <p class='ocr_par' dir='ltr' id='par_1_85' title="bbox 534 4509 2110 4581">
     <span class='ocr_line' id='line_1_85' title="bbox 534 4509 2110 4581; baseline -0.001 -17"><span class='ocrx_word' id='word_1_648' title='bbox 534 4510 700 4564; x_wconf 86' lang='lat' dir='ltr'><strong>corde</strong></span> <span class='ocrx_word' id='word_1_649' title='bbox 718 4510 1108 4579; x_wconf 82' lang='lat' dir='ltr'><strong>proveniemis,</strong></span> <span class='ocrx_word' id='word_1_650' title='bbox 1166 4509 1555 4565; x_wconf 81' lang='lat' dir='ltr'><strong>habeatur.Vel</strong></span> <span class='ocrx_word' id='word_1_651' title='bbox 1611 4509 1831 4581; x_wconf 81' lang='grc' dir='ltr'>θυώραξ</span> <span class='ocrx_word' id='word_1_652' title='bbox 1887 4509 2110 4573; x_wconf 87' lang='lat' dir='ltr'><strong>dicitur,</strong></span> 
     </span>
    </p>
   </div>
   <div class='ocr_carea' id='block_1_86' title="bbox 2212 4501 3806 4601">
    <p class='ocr_par' dir='ltr' id='par_1_86' title="bbox 2218 4501 3806 4601">
     <span class='ocr_line' id='line_1_86' title="bbox 2218 4501 3806 4601; baseline -0.014 -24"><span class='ocrx_word' id='word_1_653' title='bbox 2218 4525 2385 4577; x_wconf 87' lang='grc' dir='ltr'>τόπου</span> <span class='ocrx_word' id='word_1_654' title='bbox 2412 4521 2517 4574; x_wconf 71' lang='grc' dir='ltr'>ὑπὸ</span> <span class='ocrx_word' id='word_1_655' title='bbox 2542 4520 2642 4589; x_wconf 88' lang='grc' dir='ltr'><strong>τῆς</strong></span> <span class='ocrx_word' id='word_1_656' title='bbox 2665 4517 2914 4590; x_wconf 84' lang='grc' dir='ltr'>καρδίας,</span> <span class='ocrx_word' id='word_1_657' title='bbox 2936 4512 3266 4587; x_wconf 79' lang='grc' dir='ltr'>ἡγεμονικοῦ</span> <span class='ocrx_word' id='word_1_658' title='bbox 3297 4511 3450 4573; x_wconf 79' lang='grc' dir='ltr'>δντος</span> <span class='ocrx_word' id='word_1_659' title='bbox 3469 4524 3482 4536; x_wconf 83' lang='grc'><strong><em>⁸</em></strong></span> <span class='ocrx_word' id='word_1_660' title='bbox 3508 4501 3640 4569; x_wconf 76' lang='grc' dir='ltr'>οἷον,</span> <span class='ocrx_word' id='word_1_661' title='bbox 3663 4502 3806 4601; x_wconf 35' lang='grc' dir='ltr'>θαι-ἶ)-</span> 
     </span>
    </p>
   </div>
   <div class='ocr_carea' id='block_1_87' title="bbox 536 4601 2116 4671">
    <p class='ocr_par' dir='ltr' id='par_1_87' title="bbox 536 4601 2116 4671">
     <span class='ocr_line' id='line_1_87' title="bbox 536 4601 2116 4671; baseline -0.001 -17"><span class='ocrx_word' id='word_1_662' title='bbox 536 4601 587 4654; x_wconf 84' lang='lat' dir='ltr'><strong>id</strong></span> <span class='ocrx_word' id='word_1_663' title='bbox 635 4609 720 4655; x_wconf 85' lang='lat' dir='ltr'><strong>est</strong></span> <span class='ocrx_word' id='word_1_664' title='bbox 764 4602 858 4671; x_wconf 86' lang='lat' dir='ltr'><strong>qui</strong></span> <span class='ocrx_word' id='word_1_665' title='bbox 903 4602 1164 4669; x_wconf 91' lang='lat' dir='ltr'><strong>impetum</strong></span> <span class='ocrx_word' id='word_1_666' title='bbox 1215 4611 1456 4662; x_wconf 86' lang='lat' dir='ltr'><strong>movent.</strong></span> <span class='ocrx_word' id='word_1_667' title='bbox 1504 4602 1784 4670; x_wconf 83' lang='lat' dir='ltr'><strong>quoniam,</strong></span> <span class='ocrx_word' id='word_1_668' title='bbox 1839 4616 1963 4654; x_wconf 92' lang='lat' dir='ltr'><strong>cum</strong></span> <span class='ocrx_word' id='word_1_669' title='bbox 2015 4602 2116 4654; x_wconf 83' lang='lat' dir='ltr'><strong>ira-</strong></span> 
     </span>
    </p>
   </div>
   <div class='ocr_carea' id='block_1_88' title="bbox 535 4691 2117 4774">
    <p class='ocr_par' dir='ltr' id='par_1_88' title="bbox 535 4691 2117 4774">
     <span class='ocr_line' id='line_1_88' title="bbox 535 4691 2117 4774; baseline 0.001 -30"><span class='ocrx_word' id='word_1_670' title='bbox 535 4691 743 4774; x_wconf 76' lang='lat' dir='ltr'><strong>scibiiis</strong></span> <span class='ocrx_word' id='word_1_671' title='bbox 783 4693 981 4747; x_wconf 69' lang='lat' dir='ltr'><strong>animm</strong></span> <span class='ocrx_word' id='word_1_672' title='bbox 1026 4693 1111 4748; x_wconf 89' lang='lat' dir='ltr'><strong>vis</strong></span> <span class='ocrx_word' id='word_1_673' title='bbox 1158 4692 1211 4745; x_wconf 91' lang='lat' dir='ltr'><strong>in</strong></span> <span class='ocrx_word' id='word_1_674' title='bbox 1240 4691 1406 4746; x_wconf 88' lang='lat' dir='ltr'><strong>corde</strong></span> <span class='ocrx_word' id='word_1_675' title='bbox 1451 4694 1738 4757; x_wconf 88' lang='lat' dir='ltr'><strong>consistat,</strong></span> <span class='ocrx_word' id='word_1_676' title='bbox 1771 4693 1840 4746; x_wconf 90' lang='lat' dir='ltr'><strong>ab</strong></span> <span class='ocrx_word' id='word_1_677' title='bbox 1879 4691 1998 4760; x_wconf 91' lang='lat' dir='ltr'><strong>ipso</strong></span> <span class='ocrx_word' id='word_1_678' title='bbox 2031 4708 2117 4761; x_wconf 89' lang='lat' dir='ltr'><strong>pe-</strong></span> 
     </span>
    </p>
   </div>
   <div class='ocr_carea' id='block_1_89' title="bbox 535 4780 2116 4855">
    <p class='ocr_par' dir='ltr' id='par_1_89' title="bbox 535 4780 2116 4855">
     <span class='ocr_line' id='line_1_89' title="bbox 535 4780 2116 4855; baseline 0.001 -18"><span class='ocrx_word' id='word_1_679' title='bbox 535 4795 706 4852; x_wconf 85' lang='lat' dir='ltr'><strong>ctore,</strong></span> <span class='ocrx_word' id='word_1_680' title='bbox 739 4783 884 4855; x_wconf 85' lang='lat' dir='ltr'><strong>quod</strong></span> <span class='ocrx_word' id='word_1_681' title='bbox 915 4784 1098 4838; x_wconf 87' lang='lat' dir='ltr'><strong>cordis</strong></span> <span class='ocrx_word' id='word_1_682' title='bbox 1126 4782 1322 4838; x_wconf 86' lang='lat' dir='ltr'><strong>ibidem</strong></span> <span class='ocrx_word' id='word_1_683' title='bbox 1358 4784 1492 4838; x_wconf 90' lang='lat' dir='ltr'><strong>tlnes</strong></span> <span class='ocrx_word' id='word_1_684' title='bbox 1527 4784 1656 4847; x_wconf 86' lang='lat' dir='ltr'><strong>sint,</strong></span> <span class='ocrx_word' id='word_1_685' title='bbox 1688 4782 1871 4838; x_wconf 90' lang='lat' dir='ltr'><strong>omnia</strong></span> <span class='ocrx_word' id='word_1_686' title='bbox 1915 4780 2116 4838; x_wconf 85' lang='lat' dir='ltr'><strong>furoris</strong></span> 
     </span>
    </p>
   </div>
   <div class='ocr_carea' id='block_1_90' title="bbox 538 4873 2116 4946">
    <p class='ocr_par' dir='ltr' id='par_1_90' title="bbox 538 4873 2116 4946">
     <span class='ocr_line' id='line_1_90' title="bbox 538 4873 2116 4946; baseline 0.002 -19"><span class='ocrx_word' id='word_1_687' title='bbox 538 4879 740 4945; x_wconf 86' lang='lat' dir='ltr'><strong>impetu</strong></span> <span class='ocrx_word' id='word_1_688' title='bbox 767 4885 1076 4931; x_wconf 83' lang='lat' dir='ltr'><strong>moventur.</strong></span> <span class='ocrx_word' id='word_1_689' title='bbox 1109 4873 1329 4930; x_wconf 82' lang='lat' dir='ltr'><strong>Thorax</strong></span> <span class='ocrx_word' id='word_1_690' title='bbox 1363 4875 1531 4946; x_wconf 79' lang='lat' dir='ltr'><strong>igitur</strong></span> <span class='ocrx_word' id='word_1_691' title='bbox 1565 4876 1740 4930; x_wconf 86' lang='lat' dir='ltr'><strong>locus‘</strong></span> <span class='ocrx_word' id='word_1_692' title='bbox 1762 4876 1854 4945; x_wconf 91' lang='lat' dir='ltr'><strong>qui</strong></span> <span class='ocrx_word' id='word_1_693' title='bbox 1887 4876 2116 4930; x_wconf 81' lang='lat' dir='ltr'><strong>alimen-</strong></span> 
     </span>
    </p>
   </div>
   <div class='ocr_carea' id='block_1_91' title="bbox 540 4967 2112 5039">
    <p class='ocr_par' dir='ltr' id='par_1_91' title="bbox 540 4967 2112 5039">
     <span class='ocr_line' id='line_1_91' title="bbox 540 4967 2112 5039; baseline -0.001 -17"><span class='ocrx_word' id='word_1_694' title='bbox 540 4981 652 5024; x_wconf 88' lang='lat' dir='ltr'><strong>tum</strong></span> <span class='ocrx_word' id='word_1_695' title='bbox 685 4970 883 5039; x_wconf 86' lang='lat' dir='ltr'><strong>aceipit</strong></span> <span class='ocrx_word' id='word_1_696' title='bbox 937 4977 1040 5024; x_wconf 90' lang='lat' dir='ltr'><strong>est.</strong></span> <span class='ocrx_word' id='word_1_697' title='bbox 1068 4967 1301 5035; x_wconf 82' lang='lat' dir='ltr'><strong>Quidam</strong></span> <span class='ocrx_word' id='word_1_698' title='bbox 1365 4975 1544 5022; x_wconf 86' lang='lat' dir='ltr'><strong>autem</strong></span> <span class='ocrx_word' id='word_1_699' title='bbox 1610 4967 1739 5021; x_wconf 84' lang='lat' dir='ltr'><strong>vino</strong></span> <span class='ocrx_word' id='word_1_700' title='bbox 1804 4967 2112 5021; x_wconf 83' lang='lat' dir='ltr'><strong>madentem</strong></span> 
     </span>
    </p>
   </div>
   <div class='ocr_carea' id='block_1_92' title="bbox 539 5058 2118 5135">
    <p class='ocr_par' dir='ltr' id='par_1_92' title="bbox 539 5058 2118 5135">
     <span class='ocr_line' id='line_1_92' title="bbox 539 5058 2118 5135; baseline -0.001 -21"><span class='ocrx_word' id='word_1_701' title='bbox 539 5063 884 5135; x_wconf 79' lang='grc' dir='ltr'>θωρήξασθαι</span> <span class='ocrx_word' id='word_1_702' title='bbox 922 5062 1197 5126; x_wconf 73' lang='lat' dir='ltr'><strong>dixerunt,</strong></span> <span class='ocrx_word' id='word_1_703' title='bbox 1220 5071 1278 5114; x_wconf 89' lang='lat' dir='ltr'><strong>ut</strong></span> <span class='ocrx_word' id='word_1_704' title='bbox 1305 5058 1699 5129; x_wconf 85' lang='lat' dir='ltr'><strong>Hippocrates:</strong></span> <span class='ocrx_word' id='word_1_705' title='bbox 1739 5058 2007 5123; x_wconf 80' lang='lat' dir='ltr'><strong>Ebrietas,</strong></span> <span class='ocrx_word' id='word_1_706' title='bbox 2033 5060 2118 5113; x_wconf 87' lang='lat' dir='ltr'><strong>in-</strong></span> 
     </span>
    </p>
   </div>
   <div class='ocr_carea' id='block_1_93' title="bbox 537 5148 2042 5224">
    <p class='ocr_par' dir='ltr' id='par_1_93' title="bbox 537 5148 2042 5224">
     <span class='ocr_line' id='line_1_93' title="bbox 537 5148 2042 5224; baseline -0.001 -19"><span class='ocrx_word' id='word_1_707' title='bbox 537 5153 674 5223; x_wconf 76' lang='lat' dir='ltr'><strong>quit,</strong></span> <span class='ocrx_word' id='word_1_708' title='bbox 709 5155 903 5224; x_wconf 76' lang='lat' dir='ltr'><strong>famem</strong></span> <span class='ocrx_word' id='word_1_709' title='bbox 926 5153 1123 5215; x_wconf 75' lang='lat' dir='ltr'><strong>solvit;</strong></span> <span class='ocrx_word' id='word_1_710' title='bbox 1155 5162 1210 5207; x_wconf 90' lang='lat' dir='ltr'><strong>et</strong></span> <span class='ocrx_word' id='word_1_711' title='bbox 1247 5148 1512 5205; x_wconf 79' lang='lat' dir='ltr'><strong>Pindarus</strong></span> <span class='ocrx_word' id='word_1_712' title='bbox 1539 5152 1590 5205; x_wconf 91' lang='lat' dir='ltr'><strong>iu</strong></span> <span class='ocrx_word' id='word_1_713' title='bbox 1627 5149 1991 5219; x_wconf 77' lang='lat' dir='ltr'><strong>Dithyrambis</strong></span> <span class='ocrx_word' id='word_1_714' title='bbox 2029 5169 2042 5203; x_wconf 93' lang='lat'><strong>:</strong></span> 
     </span>
    </p>
   </div>
   <div class='ocr_carea' id='block_1_94' title="bbox 542 5260 2107 5334">
    <p class='ocr_par' dir='ltr' id='par_1_94' title="bbox 542 5260 2107 5334">
     <span class='ocr_line' id='line_1_94' title="bbox 542 5260 2107 5334; baseline -0.003 -15"><span class='ocrx_word' id='word_1_715' title='bbox 542 5264 791 5329; x_wconf 72' lang='lat' dir='ltr'><strong>Uxorem,</strong></span> <span class='ocrx_word' id='word_1_716' title='bbox 809 5265 926 5319; x_wconf 82' lang='lat' dir='ltr'><strong>vino</strong></span> <span class='ocrx_word' id='word_1_717' title='bbox 948 5263 1259 5334; x_wconf 81' lang='lat' dir='ltr'><strong>quandoque</strong></span> <span class='ocrx_word' id='word_1_718' title='bbox 1280 5262 1545 5326; x_wconf 80' lang='lat' dir='ltr'><strong>madidus,</strong></span> <span class='ocrx_word' id='word_1_719' title='bbox 1574 5260 1727 5332; x_wconf 73' lang='lat' dir='ltr'><strong>falsis</strong></span> <span class='ocrx_word' id='word_1_720' title='bbox 1755 5261 2107 5316; x_wconf 79' lang='lat' dir='ltr'><strong>insimulavit.</strong></span> 
     </span>
    </p>
   </div>
   <div class='ocr_carea' id='block_1_95' title="bbox 640 5460 1024 5596">
    <p class='ocr_par' dir='ltr' id='par_1_95' title="bbox 640 5460 1024 5596">
     <span class='ocr_line' id='line_1_95' title="bbox 640 5460 1024 5596; baseline -0.008 -81"><span class='ocrx_word' id='word_1_721' title='bbox 640 5463 686 5496; x_wconf 79' lang='lat'><strong>&quot;</strong></span> <span class='ocrx_word' id='word_1_722' title='bbox 717 5465 795 5596; x_wconf 61' lang='grc' dir='ltr'><strong>τξὲ</strong></span> <span class='ocrx_word' id='word_1_723' title='bbox 816 5460 928 5531; x_wconf 81' lang='grc' dir='ltr'><strong>ζωῇ</strong></span> <span class='ocrx_word' id='word_1_724' title='bbox 959 5462 1024 5512; x_wconf 80' lang='grc' dir='ltr'><strong>Α.</strong></span> 
     </span>
     <span class='ocr_line' id='line_1_96' title="bbox 640 5529 1024 5596; baseline -0.003 -12"><span class='ocrx_word' id='word_1_725' title='bbox 640 5533 762 5596; x_wconf 63' lang='grc' dir='ltr'>δόρα</span> <span class='ocrx_word' id='word_1_726' title='bbox 819 5534 885 5592; x_wconf 78' lang='grc' dir='ltr'>Δ,</span> <span class='ocrx_word' id='word_1_727' title='bbox 926 5529 1024 5584; x_wconf 74' lang='lat' dir='ltr'><strong>Oud</strong></span> 
     </span>
    </p>
   </div>
   <div class='ocr_carea' id='block_1_96' title="bbox 540 5532 762 5600">
    <p class='ocr_par' dir='ltr' id='par_1_96' title="bbox 540 5532 762 5600">
     <span class='ocr_line' id='line_1_97' title="bbox 540 5532 762 5600; baseline -0.005 -15"><span class='ocrx_word' id='word_1_728' title='bbox 540 5533 558 5561; x_wconf 85' lang='grc'>³</span> <span class='ocrx_word' id='word_1_729' title='bbox 594 5532 762 5600; x_wconf 81' lang='grc' dir='ltr'>θυόρα</span> 
     </span>
    </p>
   </div>
   <div class='ocr_carea' id='block_1_97' title="bbox 541 5601 1193 5671">
    <p class='ocr_par' dir='ltr' id='par_1_97' title="bbox 541 5601 1193 5671">
     <span class='ocr_line' id='line_1_98' title="bbox 541 5601 1193 5671; baseline -0.003 -17"><span class='ocrx_word' id='word_1_730' title='bbox 541 5602 561 5631; x_wconf 88' lang='grc'>⁶</span> <span class='ocrx_word' id='word_1_731' title='bbox 589 5602 907 5671; x_wconf 81' lang='grc' dir='ltr'>θορίξασθαι</span> <span class='ocrx_word' id='word_1_732' title='bbox 944 5610 1010 5664; x_wconf 79' lang='grc' dir='ltr'>Α,</span> <span class='ocrx_word' id='word_1_733' title='bbox 1043 5601 1193 5671; x_wconf 77' lang='grc' dir='ltr'>θῳρή</span> 
     </span>
    </p>
   </div>
   <div class='ocr_carea' id='block_1_98' title="bbox 1202 5596 2014 5667">
    <p class='ocr_par' dir='ltr' id='par_1_98' title="bbox 1202 5596 2014 5667">
     <span class='ocr_line' id='line_1_99' title="bbox 1202 5596 2014 5667; baseline 0.001 -16"><span class='ocrx_word' id='word_1_734' title='bbox 1202 5597 1393 5662; x_wconf 76' lang='grc' dir='ltr'>ξασθαι</span> <span class='ocrx_word' id='word_1_735' title='bbox 1422 5596 1462 5652; x_wconf 91' lang='lat' dir='ltr'>C</span> <span class='ocrx_word' id='word_1_736' title='bbox 1505 5596 1566 5650; x_wconf 84' lang='lat' dir='ltr'><strong>P.</strong></span> <span class='ocrx_word' id='word_1_737' title='bbox 1638 5596 1645 5598; x_wconf 53' lang='grc'><strong>⁷</strong></span> <span class='ocrx_word' id='word_1_738' title='bbox 1677 5597 1696 5629; x_wconf 99' lang='grc'><strong>⁷</strong></span> <span class='ocrx_word' id='word_1_739' title='bbox 1723 5596 1926 5667; x_wconf 81' lang='grc' dir='ltr'>θόριξις</span> <span class='ocrx_word' id='word_1_740' title='bbox 1949 5597 2014 5652; x_wconf 81' lang='grc' dir='ltr'><strong>Α.</strong></span> 
     </span>
    </p>
   </div>
   <div class='ocr_carea' id='block_1_99' title="bbox 903 5457 2569 5531">
    <p class='ocr_par' dir='ltr' id='par_1_99' title="bbox 903 5457 2569 5531">
     <span class='ocr_line' id='line_1_100' title="bbox 903 5457 2569 5531; baseline 0.001 -20"><span class='ocrx_word' id='word_1_741' title='bbox 903 5460 1024 5531; x_wconf 13' lang='grc' dir='ltr'>ῇίΑ,</span> <span class='ocrx_word' id='word_1_742' title='bbox 1122 5457 1560 5531; x_wconf 26' lang='grc' dir='ltr'><strong>Αντ-πβεΰλαμένως</strong></span> <span class='ocrx_word' id='word_1_743' title='bbox 1713 5457 2093 5531; x_wconf 28' lang='grc' dir='ltr'>-θδιπνεόμενον</span> <span class='ocrx_word' id='word_1_744' title='bbox 2214 5526 2225 5531; x_wconf 84' lang='lat'>_</span> <span class='ocrx_word' id='word_1_745' title='bbox 2255 5457 2472 5531; x_wconf 63' lang='lat' dir='ltr'><strong>&quot;abet;</strong></span> <span class='ocrx_word' id='word_1_746' title='bbox 2508 5458 2569 5512; x_wconf 87' lang='grc' dir='ltr'><strong>Β.</strong></span> 
     </span>
    </p>
   </div>
   <div class='ocr_carea' id='block_1_100' title="bbox 819 5521 2124 5667">
    <p class='ocr_par' dir='ltr' id='par_1_100' title="bbox 819 5521 2096 5667">
     <span class='ocr_line' id='line_1_101' title="bbox 819 5521 2096 5599; baseline -0.005 -15"><span class='ocrx_word' id='word_1_747' title='bbox 819 5521 1144 5599; x_wconf 70' lang='grc' dir='ltr'>Ᾰ,”θυὼραξ</span> <span class='ocrx_word' id='word_1_748' title='bbox 1177 5521 1296 5584; x_wconf 62' lang='grc' dir='ltr'>ιιάι.</span> <span class='ocrx_word' id='word_1_749' title='bbox 1335 5521 1488 5582; x_wconf 66' lang='lat' dir='ltr'><strong>vers.</strong></span> <span class='ocrx_word' id='word_1_750' title='bbox 1531 5526 1736 5598; x_wconf 79' lang='grc' dir='ltr'>θοάραξ</span> <span class='ocrx_word' id='word_1_751' title='bbox 1775 5526 1812 5579; x_wconf 83' lang='grc' dir='ltr'><strong>Ρ</strong></span> <span class='ocrx_word' id='word_1_752' title='bbox 1851 5521 1944 5596; x_wconf 82' lang='lat' dir='ltr'><strong>qui</strong></span> <span class='ocrx_word' id='word_1_753' title='bbox 1985 5521 2096 5579; x_wconf 77' lang='grc' dir='ltr'>οἷον</span> 
     </span>
     <span class='ocr_line' id='line_1_102' title="bbox 819 5596 2014 5667; baseline -0.002 -13"><span class='ocrx_word' id='word_1_754' title='bbox 819 5603 907 5654; x_wconf 85' lang='grc' dir='ltr'><strong>θαι</strong></span> <span class='ocrx_word' id='word_1_755' title='bbox 944 5610 1010 5664; x_wconf 79' lang='grc' dir='ltr'>Α,</span> <span class='ocrx_word' id='word_1_756' title='bbox 1043 5597 1393 5667; x_wconf 80' lang='grc' dir='ltr'>θωρήξαοθαι</span> <span class='ocrx_word' id='word_1_757' title='bbox 1422 5596 1462 5652; x_wconf 91' lang='lat' dir='ltr'>C</span> <span class='ocrx_word' id='word_1_758' title='bbox 1505 5596 1566 5650; x_wconf 84' lang='lat' dir='ltr'><strong>P.</strong></span> <span class='ocrx_word' id='word_1_759' title='bbox 1677 5597 1696 5629; x_wconf 99' lang='grc'><strong>⁷</strong></span> <span class='ocrx_word' id='word_1_760' title='bbox 1723 5596 1926 5667; x_wconf 81' lang='grc' dir='ltr'>θόριξις</span> <span class='ocrx_word' id='word_1_761' title='bbox 1949 5597 2014 5652; x_wconf 81' lang='grc' dir='ltr'><strong>Α.</strong></span> 
     </span>
    </p>
   </div>
   <div class='ocr_carea' id='block_1_101' title="bbox 2212 5521 2696 5667">
    <p class='ocr_par' dir='ltr' id='par_1_101' title="bbox 2212 5521 2696 5667">
     <span class='ocr_line' id='line_1_103' title="bbox 2212 5521 2696 5596; baseline 0 -16"><span class='ocrx_word' id='word_1_762' title='bbox 2212 5526 2344 5596; x_wconf 77' lang='grc' dir='ltr'>ὒραξ</span> <span class='ocrx_word' id='word_1_763' title='bbox 2379 5521 2490 5582; x_wconf 66' lang='lat' dir='ltr'><strong>oni.</strong></span> <span class='ocrx_word' id='word_1_764' title='bbox 2602 5524 2624 5558; x_wconf 63' lang='grc'>⁸</span> <span class='ocrx_word' id='word_1_765' title='bbox 2664 5526 2696 5596; x_wconf 80' lang='grc' dir='ltr'><strong>ἦ</strong></span> 
     </span>
     <span class='ocr_line' id='line_1_104' title="bbox 2212 5596 2591 5667; baseline 0.003 -16"><span class='ocrx_word' id='word_1_766' title='bbox 2212 5597 2416 5667; x_wconf 78' lang='grc' dir='ltr'>ώρηξις</span> <span class='ocrx_word' id='word_1_767' title='bbox 2453 5599 2496 5652; x_wconf 65' lang='grc' dir='ltr'><strong>(Σ</strong></span> <span class='ocrx_word' id='word_1_768' title='bbox 2528 5596 2591 5652; x_wconf 86' lang='grc' dir='ltr'><strong>Ρ.</strong></span> 
     </span>
    </p>
   </div>
   <div class='ocr_carea' id='block_1_102' title="bbox 2220 4597 3806 4687">
    <p class='ocr_par' dir='ltr' id='par_1_102' title="bbox 2220 4597 3806 4687">
     <span class='ocr_line' id='line_1_105' title="bbox 2220 4597 3806 4687; baseline -0.011 -19"><span class='ocrx_word' id='word_1_769' title='bbox 2220 4614 2344 4687; x_wconf 80' lang='grc' dir='ltr'>ραξ.</span> <span class='ocrx_word' id='word_1_770' title='bbox 2373 4611 2571 4684; x_wconf 82' lang='grc' dir='ltr'>Θώραξ</span> <span class='ocrx_word' id='word_1_771' title='bbox 2603 4606 2697 4664; x_wconf 83' lang='grc' dir='ltr'>οὖν</span> <span class='ocrx_word' id='word_1_772' title='bbox 2736 4612 2764 4663; x_wconf 86' lang='grc' dir='ltr'><strong>δ</strong></span> <span class='ocrx_word' id='word_1_773' title='bbox 2805 4608 3055 4671; x_wconf 75' lang='grc' dir='ltr'>δεκτικὸς</span> <span class='ocrx_word' id='word_1_774' title='bbox 3087 4607 3188 4676; x_wconf 89' lang='grc' dir='ltr'><strong>τῆς</strong></span> <span class='ocrx_word' id='word_1_775' title='bbox 3213 4604 3423 4676; x_wconf 85' lang='grc' dir='ltr'>τροφῆς</span> <span class='ocrx_word' id='word_1_776' title='bbox 3468 4601 3665 4662; x_wconf 85' lang='grc' dir='ltr'>τόπος·</span> <span class='ocrx_word' id='word_1_777' title='bbox 3703 4597 3806 4650; x_wconf 74' lang='grc' dir='ltr'><strong>τὸν</strong></span> 
     </span>
    </p>
   </div>
   <div class='ocr_carea' id='block_1_103' title="bbox 2215 4691 3802 4776">
    <p class='ocr_par' dir='ltr' id='par_1_103' title="bbox 2215 4691 3802 4776">
     <span class='ocr_line' id='line_1_106' title="bbox 2215 4691 3802 4776; baseline -0.012 -17"><span class='ocrx_word' id='word_1_778' title='bbox 2215 4707 2324 4776; x_wconf 74' lang='grc' dir='ltr'><strong>γὰρ</strong></span> <span class='ocrx_word' id='word_1_779' title='bbox 2348 4705 2505 4758; x_wconf 77' lang='grc' dir='ltr'>οἴνων</span> <span class='ocrx_word' id='word_1_780' title='bbox 2561 4701 2975 4772; x_wconf 77' lang='grc' dir='ltr'>ἐμπιπλάμενον</span> <span class='ocrx_word' id='word_1_781' title='bbox 3008 4699 3030 4731; x_wconf 82' lang='grc'><strong><em>⁵</em></strong></span> <span class='ocrx_word' id='word_1_782' title='bbox 3076 4695 3414 4768; x_wconf 79' lang='grc' dir='ltr'>θωρίξασθαι</span> <span class='ocrx_word' id='word_1_783' title='bbox 3447 4696 3471 4728; x_wconf 85' lang='grc'><strong>⁶</strong></span> <span class='ocrx_word' id='word_1_784' title='bbox 3507 4691 3744 4760; x_wconf 71' lang='grc' dir='ltr'>λέγομεν</span> <span class='ocrx_word' id='word_1_785' title='bbox 3784 4705 3802 4718; x_wconf 94' lang='grc'><strong>·</strong></span> 
     </span>
    </p>
   </div>
   <div class='ocr_carea' id='block_1_104' title="bbox 2220 4780 3809 4866">
    <p class='ocr_par' dir='ltr' id='par_1_104' title="bbox 2220 4780 3809 4866">
     <span class='ocr_line' id='line_1_107' title="bbox 2220 4780 3809 4866; baseline -0.012 -16"><span class='ocrx_word' id='word_1_786' title='bbox 2220 4797 2314 4850; x_wconf 78' lang='grc' dir='ltr'>καὶ</span> <span class='ocrx_word' id='word_1_787' title='bbox 2349 4795 2739 4866; x_wconf 82' lang='grc' dir='ltr'>Ἱπποκράτης·</span> <span class='ocrx_word' id='word_1_788' title='bbox 2757 4791 2980 4862; x_wconf 79' lang='grc' dir='ltr'>Λοιμόν</span> <span class='ocrx_word' id='word_1_789' title='bbox 3002 4789 3238 4859; x_wconf 78' lang='grc' dir='ltr'>θώριεις</span> <span class='ocrx_word' id='word_1_790' title='bbox 3255 4790 3273 4820; x_wconf 91' lang='grc'><strong>⁷</strong></span> <span class='ocrx_word' id='word_1_791' title='bbox 3299 4787 3434 4842; x_wconf 68' lang='grc' dir='ltr'>λύει</span> <span class='ocrx_word' id='word_1_792' title='bbox 3454 4802 3469 4818; x_wconf 94' lang='grc'><strong>·</strong></span> <span class='ocrx_word' id='word_1_793' title='bbox 3497 4784 3597 4852; x_wconf 83' lang='grc' dir='ltr'>τὴν</span> <span class='ocrx_word' id='word_1_794' title='bbox 3631 4780 3809 4834; x_wconf 78' lang='grc' dir='ltr'>πολυ-</span> 
     </span>
    </p>
   </div>
   <div class='ocr_carea' id='block_1_105' title="bbox 2217 4871 3804 4954">
    <p class='ocr_par' dir='ltr' id='par_1_105' title="bbox 2217 4871 3804 4954">
     <span class='ocr_line' id='line_1_108' title="bbox 2217 4871 3804 4954; baseline -0.01 -15"><span class='ocrx_word' id='word_1_795' title='bbox 2217 4886 2412 4939; x_wconf 74' lang='grc' dir='ltr'>ποσίαν</span> <span class='ocrx_word' id='word_1_796' title='bbox 2465 4885 2640 4954; x_wconf 73' lang='grc' dir='ltr'>λέγων</span> <span class='ocrx_word' id='word_1_797' title='bbox 2671 4902 2684 4920; x_wconf 93' lang='grc'><strong>·</strong></span> <span class='ocrx_word' id='word_1_798' title='bbox 2733 4884 2810 4948; x_wconf 82' lang='grc' dir='ltr'>ὡς</span> <span class='ocrx_word' id='word_1_799' title='bbox 2868 4885 2963 4938; x_wconf 72' lang='grc' dir='ltr'>καὶ</span> <span class='ocrx_word' id='word_1_800' title='bbox 3021 4879 3263 4951; x_wconf 85' lang='grc' dir='ltr'>ἀλλαχοῦ</span> <span class='ocrx_word' id='word_1_801' title='bbox 3326 4877 3592 4947; x_wconf 77' lang='grc' dir='ltr'>Πίνδαρος</span> <span class='ocrx_word' id='word_1_802' title='bbox 3640 4871 3804 4928; x_wconf 83' lang='grc' dir='ltr'>διθυ-</span> 
     </span>
    </p>
   </div>
   <div class='ocr_carea' id='block_1_106' title="bbox 2223 4976 2449 5050">
    <p class='ocr_par' dir='ltr' id='par_1_106' title="bbox 2223 4976 2449 5050">
     <span class='ocr_line' id='line_1_109' title="bbox 2223 4976 2449 5050; baseline -0.009 -1"><span class='ocrx_word' id='word_1_803' title='bbox 2223 4976 2449 5050; x_wconf 76' lang='grc' dir='ltr'>ράμδῳ·</span> 
     </span>
    </p>
   </div>
   <div class='ocr_carea' id='block_1_107' title="bbox 2284 5249 3704 5331">
    <p class='ocr_par' dir='ltr' id='par_1_107' title="bbox 2284 5249 3704 5331">
     <span class='ocr_line' id='line_1_110' title="bbox 2284 5249 3704 5331; baseline -0.009 -16"><span class='ocrx_word' id='word_1_804' title='bbox 2284 5261 2551 5331; x_wconf 74' lang='grc' dir='ltr'><strong>’Δλόγχῳ</strong></span> <span class='ocrx_word' id='word_1_805' title='bbox 2571 5256 2718 5311; x_wconf 80' lang='grc' dir='ltr'>ποτὲ</span> <span class='ocrx_word' id='word_1_806' title='bbox 2738 5256 3034 5326; x_wconf 77' lang='grc' dir='ltr'>θοριχθεὶς</span> <span class='ocrx_word' id='word_1_807' title='bbox 3053 5255 3075 5288; x_wconf 81' lang='grc'>⁸</span> <span class='ocrx_word' id='word_1_808' title='bbox 3101 5254 3346 5324; x_wconf 74' lang='grc' dir='ltr'>ἐπεῖχεν</span> <span class='ocrx_word' id='word_1_809' title='bbox 3371 5252 3662 5318; x_wconf 68' lang='grc' dir='ltr'>ἀλλότρια</span> <span class='ocrx_word' id='word_1_810' title='bbox 3680 5249 3704 5282; x_wconf 82' lang='grc'>³</span> 
     </span>
    </p>
   </div>
   <div class='ocr_carea' id='block_1_108' title="bbox 2685 5447 3808 5526">
    <p class='ocr_par' dir='ltr' id='par_1_108' title="bbox 2685 5447 3808 5526">
     <span class='ocr_line' id='line_1_111' title="bbox 2685 5447 3808 5526; baseline -0.007 -16"><span class='ocrx_word' id='word_1_811' title='bbox 2685 5457 2699 5488; x_wconf 90' lang='grc'>¹</span> <span class='ocrx_word' id='word_1_812' title='bbox 2725 5454 2952 5526; x_wconf 60' lang='grc' dir='ltr'>καρδίαν</span> <span class='ocrx_word' id='word_1_813' title='bbox 2979 5462 3183 5526; x_wconf 78' lang='lat' dir='ltr'><strong>et_mt_ix</strong></span> <span class='ocrx_word' id='word_1_814' title='bbox 3211 5447 3369 5526; x_wconf 82' lang='grc' dir='ltr'>θυμῷ</span> <span class='ocrx_word' id='word_1_815' title='bbox 3395 5448 3480 5526; x_wconf 36' lang='grc' dir='ltr'><strong>Β.-</strong></span> <span class='ocrx_word' id='word_1_816' title='bbox 3515 5449 3554 5526; x_wconf 84' lang='lat'><strong>_’</strong></span> <span class='ocrx_word' id='word_1_817' title='bbox 3581 5447 3707 5518; x_wconf 78' lang='grc' dir='ltr'>δρὸς</span> 
     </span>
    </p>
   </div>
   <div class='ocr_carea' id='block_1_109' title="bbox 2731 5516 3823 5590">
    <p class='ocr_par' dir='ltr' id='par_1_109' title="bbox 2731 5516 3823 5590">
     <span class='ocr_line' id='line_1_112' title="bbox 2731 5516 3823 5590; baseline -0.008 -11"><span class='ocrx_word' id='word_1_818' title='bbox 2731 5516 2840 5579; x_wconf 74' lang='lat' dir='ltr'><strong>om.</strong></span> <span class='ocrx_word' id='word_1_819' title='bbox 2876 5525 2937 5576; x_wconf 84' lang='grc' dir='ltr'><strong>Β.</strong></span> <span class='ocrx_word' id='word_1_820' title='bbox 3046 5523 3067 5554; x_wconf 75' lang='grc'><strong><em>⁵</em></strong></span> <span class='ocrx_word' id='word_1_821' title='bbox 3095 5516 3238 5574; x_wconf 74' lang='grc' dir='ltr'>οἶνον</span> <span class='ocrx_word' id='word_1_822' title='bbox 3283 5516 3823 5590; x_wconf 52' lang='grc' dir='ltr'>ἐμπιπλάμενονιικ</span> 
     </span>
    </p>
   </div>
   <div class='ocr_carea' id='block_1_110' title="bbox 2336 5586 3817 5661">
    <p class='ocr_par' dir='ltr' id='par_1_110' title="bbox 2336 5586 3817 5661">
     <span class='ocr_line' id='line_1_113' title="bbox 2336 5586 3817 5661; baseline -0.007 -12"><span class='ocrx_word' id='word_1_823' title='bbox 2336 5586 2416 5661; x_wconf 70' lang='lat' dir='ltr'><strong>Et;</strong></span> <span class='ocrx_word' id='word_1_824' title='bbox 2453 5599 2496 5652; x_wconf 63' lang='grc' dir='ltr'><strong>(Σ</strong></span> <span class='ocrx_word' id='word_1_825' title='bbox 2528 5596 2591 5652; x_wconf 86' lang='grc' dir='ltr'><strong>Ρ.</strong></span> <span class='ocrx_word' id='word_1_826' title='bbox 2683 5586 2724 5627; x_wconf 76' lang='grc'><strong>’⁷</strong></span> <span class='ocrx_word' id='word_1_827' title='bbox 2763 5593 2922 5648; x_wconf 88' lang='lat' dir='ltr'><strong>Piud.</strong></span> <span class='ocrx_word' id='word_1_828' title='bbox 2957 5593 3268 5661; x_wconf 82' lang='lat' dir='ltr'><strong>citatiouem</strong></span> <span class='ocrx_word' id='word_1_829' title='bbox 3311 5586 3419 5661; x_wconf 67' lang='lat' dir='ltr'><strong>om.</strong></span> <span class='ocrx_word' id='word_1_830' title='bbox 3456 5589 3496 5639; x_wconf 87' lang='grc' dir='ltr'>Β</span> <span class='ocrx_word' id='word_1_831' title='bbox 3525 5586 3817 5661; x_wconf 42' lang='lat'><strong>(1,4161?</strong></span> 
     </span>
    </p>
   </div>
   <div class='ocr_carea' id='block_1_111' title="bbox 539 5657 2124 5741">
    <p class='ocr_par' dir='ltr' id='par_1_111' title="bbox 539 5657 2124 5741">
     <span class='ocr_line' id='line_1_114' title="bbox 539 5657 2124 5741; baseline -0.001 -18"><span class='ocrx_word' id='word_1_832' title='bbox 539 5657 670 5723; x_wconf 67' lang='grc' dir='ltr'>ποτε</span> <span class='ocrx_word' id='word_1_833' title='bbox 709 5657 1010 5741; x_wconf 72' lang='grc' dir='ltr'>θωραχθεὶς</span> <span class='ocrx_word' id='word_1_834' title='bbox 1045 5657 1379 5741; x_wconf 55' lang='grc' dir='ltr'>(θώρῆχθεὶς</span> <span class='ocrx_word' id='word_1_835' title='bbox 1419 5668 1504 5741; x_wconf 87' lang='grc' dir='ltr'><strong>Ρ),</strong></span> <span class='ocrx_word' id='word_1_836' title='bbox 1555 5667 1752 5738; x_wconf 78' lang='grc' dir='ltr'>ἐπέχεε</span> <span class='ocrx_word' id='word_1_837' title='bbox 1788 5657 2055 5740; x_wconf 70' lang='grc' dir='ltr'>’ἀλλότρια</span> <span class='ocrx_word' id='word_1_838' title='bbox 2085 5668 2124 5737; x_wconf 72' lang='grc' dir='ltr'><strong>(ι</strong></span> 
     </span>
    </p>
   </div>
   <div class='ocr_carea' id='block_1_112' title="bbox 2212 5657 3811 5741">
    <p class='ocr_par' dir='ltr' id='par_1_112' title="bbox 2223 5657 3811 5740">
     <span class='ocr_line' id='line_1_115' title="bbox 2223 5657 3811 5740; baseline -0.004 -19"><span class='ocrx_word' id='word_1_839' title='bbox 2223 5657 2492 5740; x_wconf 70' lang='grc' dir='ltr'>τριονῬ)</span> <span class='ocrx_word' id='word_1_840' title='bbox 2535 5667 2651 5722; x_wconf 83' lang='lat' dir='ltr'><strong>Lat.</strong></span> <span class='ocrx_word' id='word_1_841' title='bbox 2701 5663 2856 5720; x_wconf 84' lang='lat' dir='ltr'><strong>Vers.</strong></span> <span class='ocrx_word' id='word_1_842' title='bbox 2894 5662 2956 5730; x_wconf 87' lang='lat' dir='ltr'><strong>P,</strong></span> <span class='ocrx_word' id='word_1_843' title='bbox 3001 5660 3082 5716; x_wconf 83' lang='lat' dir='ltr'><strong>Cf.</strong></span> <span class='ocrx_word' id='word_1_844' title='bbox 3119 5661 3302 5730; x_wconf 84' lang='lat' dir='ltr'><strong>Etym.</strong></span> <span class='ocrx_word' id='word_1_845' title='bbox 3344 5657 3415 5712; x_wconf 88' lang='lat' dir='ltr'><strong>M.</strong></span> <span class='ocrx_word' id='word_1_846' title='bbox 3465 5674 3518 5725; x_wconf 89' lang='lat' dir='ltr'><strong>p.</strong></span> <span class='ocrx_word' id='word_1_847' title='bbox 3545 5658 3674 5722; x_wconf 74' lang='grc'>460,</span> <span class='ocrx_word' id='word_1_848' title='bbox 3704 5657 3811 5714; x_wconf 28' lang='lat'><strong>59‘.</strong></span> 
     </span>
    </p>
   </div>
   <div class='ocr_carea' id='block_1_113' title="bbox 614 5808 1043 5881">
    <p class='ocr_par' dir='ltr' id='par_1_113' title="bbox 614 5808 1043 5881">
     <span class='ocr_line' id='line_1_116' title="bbox 614 5808 1043 5881; baseline 0 -18"><span class='ocrx_word' id='word_1_849' title='bbox 614 5811 688 5881; x_wconf 76' lang='grc' dir='ltr'><strong>(ο)</strong></span> <span class='ocrx_word' id='word_1_850' title='bbox 726 5808 829 5866; x_wconf 90' lang='lat' dir='ltr'><strong>Od.</strong></span> <span class='ocrx_word' id='word_1_851' title='bbox 862 5809 927 5860; x_wconf 77' lang='grc' dir='ltr'><strong>γ.</strong></span> <span class='ocrx_word' id='word_1_852' title='bbox 957 5809 1043 5863; x_wconf 79' lang='lat' dir='ltr'><strong>i7.</strong></span> 
     </span>
    </p>
   </div>
  </div>
