4138 6462
438 425 462 480 ί
475 423 578 480 9.05

1691 417 1779 472 DE
1821 412 2112 470 NATUIiA
2153 416 2467 476 HOMINIS.

3604 415 3626 472 ί
3637 415 3746 472 206

435 542 633 614 Θώραξ
651 540 711 596 δὲ
734 538 796 595 τὸ
820 539 986 595 ὅπλον
1013 537 1122 594 ἀπὸ
1140 537 1236 592 τοῦ
1261 535 1660 612 περιεχομένου
1687 537 1749 590 τὸ
1773 535 2031 607 περιέχον

2152 538 2360 595 l‘horax
2396 539 2524 595 item
2555 546 2609 594 et
2644 544 2934 593 armatura:
2960 551 3132 608 genus
3163 543 3267 600 est,
3317 535 3386 590 ab
3437 533 3530 590 illo
3595 533 3741 605 quod

433 638 774 711 παρίστησιν
801 635 1027 704 ἔξωθεν,
1077 631 1446 706 μετωνυμικῷ
1486 630 1676 703 τρόπῳ
1701 631 1746 663 ¹⁰
1775 647 1788 660 ·
1824 629 1900 693 ὡς
1941 630 2038 684 καὶ

439 729 693 800 Ὅμηρος
713 765 729 793 ν

468 831 473 835 ’
507 824 634 892 Πῦρ
662 821 833 876 δαῖεν
853 820 973 875 ἀπὸ
999 817 1219 888 κρατός
1248 834 1314 871 τε
1335 816 1436 872 καί
1457 815 1632 886 ὤμων
1664 815 1739 886 (p)
1758 831 1773 846 °

437 916 545 970 ἀπὸ
579 915 688 971 τῶν
727 913 1140 985 περιεχομένων
1165 911 1237 965 τὰ
1259 909 1616 979 περιέχοντα·
1652 909 1776 963 ἀντὶ
1807 905 1902 962 τοῦ
1929 905 2040 962 ἀπὸ

435 1013 536 1074 τῆς
557 1007 786 1071 ἀσπίδος
816 1009 910 1060 καὶ
937 1008 1038 1078 τῆς
1067 1003 1538 1076 περικεφαλαίας.

512 1103 703 1155 Ἔστιν
744 1096 840 1153 οὖν
872 1103 899 1152 ὁ
934 1097 1122 1170 θώραξ
1158 1097 1462 1168 νευρώδης,
1515 1095 1610 1149 καὶ
1650 1095 1898 1169 μυώδης,
1945 1093 2041 1148 καὶ

437 1194 744 1265 φλεὸώδης,
793 1195 887 1248 καὶ
920 1191 1310 1264 ἀρτηριώδης,
1353 1189 1648 1262 ὀργανικὸν
1695 1188 1885 1260 μόριον
1933 1186 2042 1241 ὑπὸ

436 1287 530 1339 τοῦ
558 1285 908 1356 Δημιουργοῦ
934 1283 1409 1346 κατασκευασθεὶς
1448 1283 1585 1354 πρὸς
1619 1280 1719 1352 τὴν
1747 1280 2041 1352 ἐνέργειαν

439 1382 541 1452 τῆς
571 1383 850 1451 ἀναπνοῆς
872 1396 885 1409 ⁸
920 1379 1232 1433 συνδέδεται
1263 1378 1319 1434 δὲ
1349 1379 1473 1441 ταῖς
1513 1375 1895 1448 ώμοπλάταις,
1946 1376 2042 1429 καὶ

440 1477 565 1538 ταῖς
616 1472 968 1536 κατακλεῖσι,
1005 1473 1103 1525 καὶ
1147 1473 1273 1536 ταῖς
1323 1470 1613 1541 πλευραῖς.
1667 1467 1828 1523 Κατὰ
1879 1467 1936 1522 δὲ
1979 1468 2042 1522 τὸ

443 1571 622 1640 πέρας
660 1569 828 1623 αὐτοῦ
869 1568 1118 1623 κάτωθεν
1159 1567 1273 1621 τῶν
1325 1565 1575 1638 μαιστῶν
1599 1566 1668 1630 ¹¹,
1707 1567 1766 1619 ἐν
1792 1566 1861 1636 τῇ
1896 1563 2041 1635 μέσῃ

443 1663 808 1733 συμπέφυκεν
841 1661 992 1732 αύτῷ
1016 1663 1044 1716 ὀ
1071 1659 1386 1730 ξιφοειδὴς
1417 1659 1718 1728 λεγόμενος
1759 1657 2040 1728 χόνδρος.

456 1759 546 1812 Ἑν
579 1749 623 1826 ᾧ
652 1757 747 1810 καὶ
788 1755 850 1809 τδ
895 1754 1224 1826 διάερραγμα
1279 1751 1649 1825 περιζωννύει
1685 1751 1748 1807 τὸ
1791 1750 1955 1821 σῶμα
1976 1751 2040 1815 ¹¹ν

443 1849 769 1921 διαχωρίζον
791 1849 834 1880 ¹³
881 1849 953 1904 τά
981 1865 1040 1902 τε
1097 1847 1204 1902 ὑπὸ
1234 1847 1327 1901 τὸν
1371 1847 1624 1918 θώρακα,
1656 1843 1752 1898 καὶ
1778 1843 1922 1915 ὑπὲρ
1948 1842 2044 1894 τὸν

2142 633 2650 704 comprehenditur,
2681 640 2737 685 et
2797 631 2928 686 illud
2988 631 3136 702 quod
3191 628 3608 698 comprehendit
3652 643 3746 698 ap-

2143 725 2437 794 pellatum;
2487 722 2956 793 quemadmodum
3009 738 3063 778 ει
3115 721 3390 777 cassidem
3445 737 3746 791 περικεφα-

2142 817 2292 882 λαία,
2319 817 2466 889 quod
2494 816 2748 872 videlicet
2782 824 2949 886 caput
2981 817 3207 884 ambiat,
3235 817 3418 872 dicere
3450 815 3649 869 solent.

2215 1089 2499 1160 Siquidem
2537 1087 2731 1142 thorax
2775 1100 2904 1156 pars
2950 1091 3069 1148 est,
3117 1082 3300 1137 nervis
3331 1080 3744 1150 musculisque,
3838 1086 3845 1093 '

2145 1201 2211 1241 ac
2263 1183 2481 1239 arteriis
2547 1181 2656 1252 87
2704 1179 2929 1243 referta,
2996 1192 3162 1248 quam
3205 1190 3388 1229 rerum
3434 1173 3628 1243 Opil‘ex
3678 1173 3745 1228 ad

2145 1275 2373 1346 spiritus
2405 1271 2894 1342 reciprocationem
2925 1284 3023 1340 pro
3043 1267 3409 1320 instrumento
3436 1264 3744 1318 constituit.

2145 1368 2262 1437 Ipse
2281 1377 2462 1422 autem
2491 1381 2615 1420 cum
2647 1361 2911 1432 scapulis,
2936 1360 3330 1430 claviculisque
3361 1373 3427 1415 ac
3463 1357 3635 1412 costis
3661 1373 3752 1412 co-

2146 1464 2386 1535 pulatur.
2425 1461 2480 1514 In
2505 1469 2659 1529 parte
2695 1471 2846 1518 vero,
2880 1470 3007 1526 qua:
3033 1453 3086 1506 in
3120 1452 3226 1507 line
3256 1452 3376 1523 ejus
3398 1450 3502 1505 sub
3531 1449 3748 1520 papillis

2147 1557 2325 1611 media
2349 1563 2432 1612 est
2459 1594 2472 1618 ,
2503 1551 2772 1620 cartilago
2807 1563 2929 1619 qua:
2953 1545 3205 1617 gladialis
3232 1557 3602 1614 llllllcupallll',
3643 1540 3746 1610 ipsi

2146 1651 2420 1715 cohaeret;
2452 1662 2563 1718 quo
2593 1646 2646 1699 in
2673 1645 2795 1698 loco
2822 1650 3035 1711 septum
3073 1647 3468 1700 transversum,
3511 1636 3747 1698 viscera,

2147 1760 2272 1816 quae
2311 1742 2415 1797 sub
2459 1747 2682 1810 pectore
2722 1735 2791 1790 ab
2835 1735 2922 1788 his
2961 1748 3084 1802 quae
3125 1746 3290 1803 supra
3341 1739 3532 1800 pectus
3593 1740 3744 1792 sunt,

2148 1835 2444 1907 spiritales,
2483 1833 2727 1902 inquam,
2753 1824 3131 1898 vegetalesque
3154 1833 3339 1896 partes
3359 1825 3750 1879 disterminans

445 1915 673 2012 θώρακα
733 1940 1055 2011 σπλάγχνα⁹
1119 1940 1288 2011 ἤγουν
1342 1939 1411 1992 τά
1457 1915 1886 1992 ’ἀνάπνευστικὰ
1946 1933 2044 1988 καὶ

2152 1946 2215 1986 ac
2236 1928 2511 1993 dividens,
2535 1940 2734 1994 corpus
2755 1923 2810 1976 in
2841 1936 2992 1976 zonae
3025 1919 3248 1974 modum
3285 1918 3587 1990 praecingit.

445 2033 723 2106 θρεπτικά
755 2034 945 2105 μόρια.

519 2128 713 2181 Ἔστιν
741 2121 837 2180 οὖν
885 2127 914 2180 ὀ
943 2123 1131 2196 θώραξ
1163 2122 1490 2195 οἰκητήριον
1515 2121 1615 2189 μὲν
1645 2122 1747 2190 τῆς
1780 2121 2047 2192 καρδίας⁹

445 2220 736 2292 σύγκειται
759 2221 818 2274 δέ
848 2219 1000 2290 αὐτῷ
1037 2217 1271 2272 ὄπισθεν
1301 2219 1401 2287 μὲν
1427 2219 1460 2286 ἠ
1484 2214 1698 2284 ῥάχις,
1728 2213 2047 2286 ἔμπροσθεν

443 2315 502 2368 δὲ
531 2315 589 2368 τὸ
619 2313 880 2382 στέργον
898 2330 913 2346 ο
947 2311 1295 2380 ἑκατέρωθεν
1327 2309 1386 2362 δέ
1410 2311 1466 2362 αἱ
1497 2308 1778 2375 πλευραί.
1807 2307 1968 2376 Ἔχει
1991 2304 2049 2358 δὲ

445 2408 606 2461 atat“
661 2405 756 2460 δύο
806 2405 1046 2471 κοιλίας,
1125 2402 1312 2464 καθὼς
1356 2403 1577 2473 εἴρηται
1625 2399 1924 2469 ἀνωτέρωο
1981 2398 2049 2462 ἂς

446 2501 710 2573 ἐποίησεν
753 2502 789 2572 ή
821 2500 1010 2570 φύσις,
1051 2496 1243 2566 ὥσπερ
1275 2495 1429 2559 τινὰς
1467 2492 1776 2564 δεξαμενὰς
1805 2494 1884 2556 είς
1912 2493 2050 2546 ὀπο-

447 2592 610 2663 δοχὴν
652 2593 749 2646 καὶ
793 2591 1046 2662 φυλακὴν
1085 2587 1434 2658 πνεύματος’
1475 2586 1564 2640 ἴνα
1592 2587 1651 2640 ὲν
1675 2584 1855 2658 καιρῷ
1889 2601 2052 2654 περι-

450 2685 715 2749 στάσεως,
750 2683 983 2754 εὑρίσκῃ
1012 2681 1303 2752 ἀναψυχὴν
1327 2680 1361 2751 ἡ
1387 2678 1608 2750 καρδία.
1641 2678 1914 2741 Πολλάκις
1942 2677 2051 2749 γὰρ

449 2775 499 2826 at
520 2774 897 2842 ἀναφωνισταὶ
921 2772 1033 2826 τῶν
1053 2771 1209 2842 ᾠδῶν
1233 2770 1411 2835 λέξεις
1432 2770 1526 2824 ἐπὶ
1551 2769 1732 2837 λέξεσι
1754 2769 2052 2823 συνάπτειν

450 2863 752 2928 ἐθέλοντες,
780 2863 813 2935 ἢ
850 2862 988 2934 μέλη
1019 2865 1084 2916 ἐκ
1112 2861 1295 2934 μελῶν
1321 2861 1655 2921 συντιθέναι,
1692 2859 1753 2912 οὐ
1795 2858 2053 2912 δύνανται

448 2956 744 3010 ἀναπνεῖν
777 2955 812 3028 ἢ
851 2955 1057 3026 μᾶλλον
1101 2955 1165 3010 οὑ
1208 2953 1515 3025 βούλονται,
1549 2953 1639 3007 διὰ
1684 2951 1747 3006 τὸ
1772 2952 1848 3022 μὴ
1876 2951 2055 3005 θέλειν

450 3052 709 3104 ἐκπεσεῖν
738 3050 840 3119 τῆς
860 3051 956 3103 τοῦ
1003 3048 1217 3121 ῥυθμοῦ
1256 3048 1552 3120 ἁρμονίας.
1588 3045 1816 3110 Τούτοις
1841 3047 1886 3079 ¹⁸
1921 3045 2055 3115 γοῦν

449 3144 482 3212 ἠ
514 3141 717 3213 καρδία
742 3141 852 3195 ἀπὸ
871 3141 982 3196 τῶν
1007 3143 1066 3196 ἐν
1092 3140 1170 3212 τῷ
1218 3139 1435 3212 θώρακι
1469 3139 1806 3209 κοιλοτήτων
1836 3138 2054 3210 δέχεται

2224 2108 2448 2163 Thorax
2473 2104 2639 2174 igitur
2672 2099 3016 2156 domicilium
3059 2096 3242 2152 cordis
3271 2103 3374 2162 est,
3403 2094 3490 2148 cui
3522 2109 3551 2148 a
3594 2099 3751 2164 tergo

2152 2204 2331 2273 spina,
2362 2216 2429 2255 ex
2469 2197 2702 2252 adverso
2735 2207 2866 2247 vero
2888 2201 3102 2262 pectus,
3132 2197 3188 2243 at
3217 2205 3282 2243 ex
3323 2197 3558 2255 utroque
3581 2186 3752 2240 latere

2152 2305 2431 2353 costarum
2479 2287 2801 2346 constitutio
2862 2295 3146 2355 compacta
3190 2289 3294 2336 est.
3336 2279 3649 2342 Enimvero,
3695 2278 3749 2330 in

2153 2391 2296 2460 ipso,
2315 2385 2562 2458 geminos
2577 2379 2916 2436 ventriculos
2932 2393 3054 2434 esse
3069 2376 3221 2446 prius
3239 2372 3752 2440 ostendimus,quos

2154 2491 2352 2536 natura
2375 2478 2492 2548 ipsa
2517 2474 2677 2546 quasi
2718 2471 3062 2542 receptacula
3099 2467 3372 2539 quaedam,
3411 2467 3528 2521 sive
3559 2464 3754 2518 cister-

2153 2577 2318 2632 nulas
2379 2569 2705 2628 admittendi
2762 2567 3237 2636 conservandique
3291 2563 3519 2632 spiritus
3574 2560 3752 2633 gratia

2154 2668 2464 2729 constituit,
2487 2679 2599 2736 quo
2633 2661 2784 2719 cordi
2823 2663 2876 2716 in
2905 2674 3133 2716 casuum
3159 2666 3356 2712 eventu
3405 2653 3751 2723 refrigerium

2155 2765 2516 2830 levamenque
2558 2768 2812 2828 paratum
2841 2754 2931 2812 sit.
2966 2752 3299 2820 Plerumque
3329 2749 3475 2803 enim
3505 2745 3755 2801 accidere

2099 2859 2102 2864 ’
2157 2858 2297 2916 solet
2327 2854 2414 2909 his
2443 2852 2537 2922 qui
2571 2866 2630 2907 se
2663 2848 2925 2905 cantandi
2958 2854 3073 2900 arte
3091 2849 3372 2904 exercent,
3407 2856 3531 2896 cum
3564 2838 3752 2898 verba,

2158 2951 2242 3006 vel
2280 2942 2656 3000 modulamina
2693 2940 3036 3012 ingeminare
3065 2937 3340 2998 nituntur,
3379 2927 3756 3001 respirationis

2159 3046 2474 3101 facultatem
2545 3033 2822 3104 intercipi,
2861 3031 2947 3086 vel
2990 3030 3045 3086 id
3099 3035 3297 3099 sponte
3343 3024 3526 3096 potius
3565 3028 3752 3092 agunt,

2161 3157 2230 3198 ne
2275 3155 2305 3194 a
2357 3144 2525 3192 rectae
2574 3125 2881 3184 harmoniae
2915 3122 3103 3184 debito
3144 3130 3337 3175 tenore
3375 3114 3649 3171 deﬁciant.
3696 3108 3758 3165 In

453 3235 698 3307 πνεῦμα,
721 3236 819 3290 καὶ
845 3236 1059 3307 ἀνακτᾷ
1087 3234 1308 3306 ἑαυτὴν,
1332 3234 1440 3298 ἕως
1466 3234 1532 3288 ἂν
1553 3236 1754 3288 ἐκεῖνοι
1777 3233 2047 3297 παύσωσι,

2163 3235 2249 3293 his
2295 3230 2461 3300 igitur
2512 3222 2765 3282 casibus.
2815 3232 2911 3272 cor
2954 3231 2985 3270 a
3037 3212 3189 3270 cavis
3234 3225 3357 3280 quae
3417 3207 3470 3262 in
3532 3206 3758 3259 thorace

453 3331 550 3383 καὶ
573 3330 675 3400 τὴν
711 3331 972 3402 εἰσπνοὴν
1012 3330 1466 3384 ἐπισπάσωνται·
1513 3328 1744 3398 τοιαύτη
1778 3328 1864 3392 τίς
1897 3330 2051 3382 ἐστιν

449 3425 482 3492 ὴ
511 3421 607 3475 τοῦ
630 3423 885 3493 θώρακος
911 3422 1072 3477 οὐσία
1101 3424 1164 3488 ³⁸,
1185 3421 1441 3489 ἐνέργειά
1468 3437 1530 3474 τε
1554 3421 1648 3476 καὶ
1671 3420 1854 3491 χρεία.

2161 3333 2293 3385 sunt
2321 3297 2592 3391 'spiritum
2647 3309 2903 3380 suscipit,
2954 3322 2985 3361 a
3041 3305 3244 3375 quibus
3297 3313 3350 3357 et
3396 3297 3755 3358 rel'ocillatur,

2160 3421 2339 3475 donec
2366 3388 2465 3480 ipsi
2503 3407 2558 3462 in
2589 3402 2911 3472 respirando
2941 3397 3064 3469 (illi,
3099 3398 3344 3465 inquam,
3382 3393 3475 3462 qui
3501 3388 3758 3445 cantibus

449 3488 752 3586 indulgent)
793 3513 1038 3582 ejusdem
1105 3488 1596 3583 reciprocationem
1656 3488 1970 3570 admittant.
2035 3512 2186 3568 Talis
2241 3505 2495 3578 quatdam
2592 3499 2836 3554 thoracis
2895 3490 3233 3556 substantia.
3299 3488 3654 3555 aelimlesque
3703 3488 3759 3537 ει

452 3583 629 3667 usus,
670 3613 731 3658 ut
769 3604 1035 3670 diximus,
1088 3604 1382 3659 habentur.
1411 3603 1696 3674 Sequitur,
1731 3613 1790 3658 ut
1819 3605 1887 3659 de
1913 3605 2040 3660 colli
2081 3598 2388 3660 substantia
2442 3595 2768 3660 actioneque
2808 3585 3059 3660 proxime
3096 3583 3368 3637 dicamus.

452 3699 594 3762 Κεφ.
639 3697 738 3752 IA'.
769 3727 841 3738 -—-
869 3698 1008 3766 Περὶ
1042 3697 1150 3752 τοῦ
1186 3697 1528 3766 τραχήλου,
1559 3697 1659 3750 καὶ
1694 3697 1814 3751 τῶν
1852 3712 2046 3753 σπον-

520 3766 725 3823 δύλων
740 3767 852 3837 τῆς
872 3767 1132 3838 ῥάχεως,
1157 3769 1257 3822 καὶ
1283 3767 1390 3822 τοῦ
1417 3768 1697 3822 νωτιαίου
1719 3768 1972 3840 μυέλου.

536 3883 884 3953 Ἀνέλθωμεν
914 3883 971 3936 δὲ
1024 3883 1164 3954 πρὸς
1213 3882 1305 3936 τὸν
1356 3881 1654 3954 τράχηλον,
1708 3883 1804 3936 καὶ
1848 3883 2050 3956 ἴδωμεν

449 3976 552 4047 τὴν
577 3978 772 4032 οὐσίαν
801 3976 966 4032 αὐτοῦ
997 3978 1184 4042 ὁποία,
1223 3977 1320 4031 καὶ
1353 3977 1454 4046 τὴν
1485 3976 1772 4048 ἐνέργειαν
1792 3993 1806 4009 ο
1834 3972 1958 4031 εἶτα
1983 3978 2051 4033 τὰ

454 4070 776 4140 μετάφρενα
820 4070 917 4124 καὶ
937 4069 1040 4140 τὴν
1078 4069 1238 4142 ῥάχιν
1258 4085 1273 4100 ο
1307 4067 1502 4123 ἔπειτα
1527 4067 1627 4131 τὰς
1659 4068 1925 4140 πλευρὰς,
1955 4071 2053 4125 καὶ

449 4161 541 4214 τον
567 4159 892 4225 ύπεζωκότα
910 4176 923 4193 ο
953 4161 1050 4214 καὶ
1074 4162 1196 4213 τότε
1223 4158 1470 4231 περὶτοῦ
1495 4158 1803 4231 πνεύμονος
1837 4161 2053 4231 καὶτῆς

450 4253 680 4325 καρδίας
701 4253 1137 4324 διασκεψόμεθα.
1175 4252 1236 4305 '0
1273 4251 1584 4322 τράχηλος
1612 4251 1798 4306 τοίνυν
1825 4252 2053 4323 λέγεται

453 4347 546 4400 καὶ
572 4345 762 4400 τένων
784 4347 881 4400 καὶ
909 4345 1133 4415 αὐχήν.
1168 4345 1212 4398 Τ
1216 4343 1278 4397 οὖ
1315 4343 1372 4396 δέ
1397 4343 1672 4416 τραχήλου
1698 4343 1760 4398 τὸ
1797 4344 1897 4415 μὲν
1944 4343 1968 4396 ἔ
1977 4361 2047 4415 μ-

449 4440 692 4512 προσθεν
736 4439 928 4504 αὐτοῦ,
978 4439 1372 4506 κατακλεῒδες
1415 4440 1702 4506 λέγονται⁹
1739 4438 1800 4491 τὸ
1825 4438 1880 4490 δὲ
1923 4438 2048 4492 ὀπι-

2260 3705 2558 3781 Cap.XW.
2584 3703 2658 3758 De
2686 3700 2847 3764 coUo,
2881 3698 3034 3768 spina
3069 3706 3116 3751 et
3153 3693 3358 3748 άονειιίὶ
3390 3687 3650 3746 medulla.

2225 3889 2308 3945 Ab
2356 3886 2443 3943 his
2495 3897 2628 3938 vero
2680 3881 2748 3936 de
2795 3879 2962 3934 dorso
2998 3874 3302 3946 spinaque,
3345 3882 3458 3926 tum
3489 3869 3557 3924 de
3591 3867 3758 3923 costis

2153 3993 2210 4038 et
2255 3977 2578 4037 membrana
2610 3990 2719 4047 qua
2757 3973 2894 4044 ipsa:
2927 3981 3210 4041 teguntur,
3250 3977 3438 4038 postea
3475 3973 3659 4019 autem
3691 3963 3760 4018 de

2157 4076 2420 4146 pulmone
2455 4071 2730 4139 cordeque
2785 4073 3042 4121 accurate
3076 4060 3506 4130 disputabimus.
3542 4057 3758 4113 Collum

2157 4169 2326 4241 igitur
2366 4165 2542 4222 Graaci
2589 4162 2785 4223 τένων,
2821 4159 2917 4214 καί⁷
2961 4157 3164 4228 αὐχένα
3204 4160 3545 4224 nuncupant,
3603 4160 3760 4206 aute-

2157 4261 2364 4317 riorem
2412 4257 2636 4325 quidem
2682 4257 2805 4326 ejus
2852 4263 3061 4323 partem
3121 4247 3504 4310 κατακλεῖδας.
3544 4245 3648 4300 hoc
3674 4253 3760 4298 est

2155 4351 2474 4407 rlavicnlam
2517 4349 2729 4404 dicunt.
2769 4346 2904 4414 Quae.
2937 4361 3068 4400 vero
3112 4352 3260 4398 retro
3306 4356 3434 4411 pars
3477 4337 3757 4401 consistit,

2156 4459 2356 4502 nervus
2375 4451 2477 4503 est.
2501 4441 2590 4497 cui
2625 4438 2790 4494 tendo
2819 4453 3046 4498 nomen,
3072 4436 3142 4490 ab
3165 4434 3272 4488 illis
3299 4431 3470 4485 τένων
3497 4430 3701 4491 dictus,
3726 4443 3754 4482 a

452 4533 602 4597 σθεν,
644 4533 851 4587 τένων·
889 4533 950 4599 ἐξ
996 4525 1058 4587 οὗ
1105 4534 1201 4586 καὶ
1235 4533 1535 4587 τενάντιον.
1588 4530 1698 4584 Καὶ
1737 4529 2047 4600 τράχηλος

2155 4554 2266 4610 quo
2296 4547 2351 4593 et
2376 4534 2707 4591 tenantium.
2735 4530 2912 4586 morbi
2955 4529 3208 4584 videlicet
3246 4542 3420 4598 genus
3449 4524 3596 4596 quod
3632 4522 3760 4579 collt

453 4625 553 4693 μὲν
577 4625 822 4695 λέγεται,
859 4626 971 4680 ἀπὸ
995 4629 1095 4697 τῆς
1125 4623 1470 4698 τραχύτητος
1490 4621 1600 4676 τῶν
1631 4623 1816 4676 ἐκεῖσε
1843 4623 2045 4676 ὀστῶνο

448 4717 685 4780 ὀστῶδες
726 4719 836 4789 γὰρ
878 4719 939 4772 τὸ
986 4719 1152 4790 μέρος
1199 4717 1387 4772 τοῦτο’
1428 4717 1644 4791 ἢπαρέι
1668 4715 1731 4769 τὸ
1777 4715 1846 4770 δι’
1877 4714 2045 4770 αὐτοῦ

454 4813 591 4882 ῥεῖν,
619 4811 741 4883 ἦτοι
765 4812 986 4882 τρέχειν
1011 4811 1113 4883 τὴν
1133 4812 1344 4884 τροφήν
1367 4825 1380 4841 ⁶
1412 4804 1527 4864 οἷον
1557 4810 1858 4883 τρόχαλοςθ
1892 4811 1949 4864 αἱ
1989 4811 2046 4864 δὲ

450 4903 852 4973 κατακλεῖδες,
896 4904 980 4957 ὅτι
1031 4903 1410 4973 περικλείουσι
1458 4902 1529 4956 τὰ
1587 4907 1727 4974 πρὸς
1775 4904 1837 4956 τὸ
1884 4903 2048 4974 στέρ-

449 5015 541 5052 νον
565 4997 839 5062 ¹⁷·¹⁸,ταῖς
865 4999 908 5031 ¹¹⁹
925 4995 1280 5068 ώμοπλάταις
1297 4994 1727 5067 διαρθρούμεναι
1755 4997 1824 5050 ὀ.
1855 4996 1921 5050 Ἦ
1937 4997 2046 5066 γὰρ

450 5092 602 5154 κλεὶς
630 5091 718 5146 διὰ
744 5091 919 5162 μόνην
948 5090 1048 5161 τὴν
1071 5088 1167 5144 τοῦ
1192 5087 1446 5159 θώρακος
1483 5089 1702 5157 ἐγένετο
1726 5087 2036 5144 διάστασιν·

449 5183 528 5237 διδ
551 5185 646 5239 καὶ
678 5185 838 5255 μόνος
862 5188 889 5239 ὀ
909 5186 1199 5257 ἄνθρωπος
1223 5185 1288 5238 ἐκ
1309 5183 1531 5237 πάντων
1554 5182 1664 5236 τῶν
1687 5182 1866 5238 ἄλλων
1889 5183 2048 5250 ζώων

449 5275 565 5345 ἔχει
585 5277 754 5331 κλεῖν.

2151 4646 2352 4688 nervos
2385 4627 2648 4685 infestare
2671 4626 2833 4692 solet,
2857 4624 3184 4695 appellatur.
3201 4621 3442 4679 Collum.
3458 4617 3759 4690 τράχηλος,

2155 4712 2266 4778 ἀπὸ
2297 4722 2401 4793 τῆς
2429 4719 2776 4794 τραχύτητος
2796 4717 2907 4771 τῶν
2938 4719 3118 4770 ἐκεῖσε
3147 4715 3343 4780 ὀστῶν,
3377 4714 3446 4768 ab
3465 4712 3762 4782 asperitate

2152 4815 2409 4870 videlicet
2469 4813 2681 4868 ossium
2739 4825 2864 4882 qum
2907 4810 3043 4865 inibi
3102 4818 3256 4872 sunt,
3307 4807 3424 4878 88
3469 4807 3554 4861 vel
3613 4799 3760 4874 qtiod

2150 4923 2249 4977 per
2295 4907 2476 4976 ipsum
2526 4905 2849 4961 alimentum
2899 4903 3109 4968 deﬂuit,
3157 4901 3305 4972 quod
3367 4899 3444 4954 illi
3481 4900 3615 4970 ῥεῖν,
3666 4905 3761 4951 aut

2152 4999 2368 5072 τρέχειν
2402 4999 2614 5062 dicunt,
2643 5007 3003 5068 nuncupant;
3035 4993 3398 5057 κατακλεῖδας
3425 5005 3576 5054 vero,
3609 4989 3759 5060 quod

2148 5109 2254 5150 nos
2302 5093 2665 5159 claviculam,
2714 5092 2841 5148 inde
2897 5091 3006 5147 dici
3066 5089 3365 5159 opinantur
3419 5085 3566 5155 quod
3630 5099 3755 5136 rum

2147 5187 2388 5257 scapulis
2419 5187 2526 5242 tale
2573 5203 2636 5243 os
2685 5186 3104 5250 dearticulatur,
3144 5198 3210 5238 ac
3245 5193 3426 5252 partes
3448 5192 3572 5248 quae
3609 5177 3756 5231 circa

2148 5292 2338 5352 pectus
2365 5291 2492 5336 sunt
2543 5282 2810 5337 claudat:
2848 5279 3120 5349 siquidem
3167 5272 3435 5332 clavicula
3470 5271 3588 5340 ipsa
3635 5269 3760 5322 tho-

439 5372 596 5426 racis
623 5373 1004 5428 tantummodo
1046 5372 1469 5430 disterminandi
1500 5373 1677 5444 gratia
1743 5373 2042 5430 constituta
2081 5384 2186 5434 est.
2226 5377 2372 5448 quod
2404 5392 2490 5443 os,
2525 5385 2723 5449 praeter
2791 5375 2981 5430 omnia
3022 5371 3284 5428 animalia
3319 5366 3532 5424 homini
3556 5366 3758 5420 dunta-

454 5472 545 5518 xat
582 5475 776 5519 natura
824 5465 1035 5520 tribuit.

526 5557 687 5613 Ἔστι
725 5557 785 5611 δὲ
831 5557 951 5624 ὅλος
987 5561 1016 5612 ὀ
1063 5558 1338 5632 τράχηλος
1370 5558 1645 5632 ὀστώδης·
1695 5559 2027 5626 σπονδύλους

523 5668 570 5703 ¹⁰
593 5668 672 5746 ἐξ.
705 5687 918 5746 μετωνἒ
938 5674 1128 5746 τρόπῳ
1153 5689 1264 5746 oin.
1290 5675 1360 5746 VP.

1470 5673 1511 5707 ¹¹
1537 5673 1713 5730 ὀστῶν
1734 5675 2060 5750 ᾼχμαστῶν
2081 5676 2141 5750 Ρ.
2221 5679 2265 5711 ¹²
2284 5679 2347 5732 τὸ
2370 5677 2530 5750 σῶμα
2557 5695 2667 5733 om.
2698 5679 2762 5735 Α.

2208 5561 2426 5620 Collum
2483 5571 2661 5620 totum
2719 5561 2942 5618 ossibus
2978 5558 3224 5615 obsitum
3278 5564 3386 5622 est,
3417 5554 3488 5610 ab
3523 5551 3755 5622 occipite

2883 5677 2925 5708 ⁸³
2956 5671 3375 5746 διαχωρίζωνᾼ
3405 5673 3467 5727 Β.
3579 5670 3624 5704 ¹⁶
3653 5669 3751 5724 καὶ

447 5755 560 5800 om.
596 5741 659 5796 Β.
738 5741 782 5773 ¹³
820 5741 995 5800 ταῦτα
1025 5741 1110 5801 Α(
1171 5745 1213 5778 ¹⁶
1248 5745 1406 5800 οὐσία
1443 5760 1554 5804 om.
1584 5751 1651 5802 A.
1731 5741 1854 5789 "-‘3
1888 5747 1967 5801 τῶ
2009 5748 2220 5821 στέρνῳ
2257 5750 2319 5805 Α.
2403 5741 2586 5815 ιε”τοῖς
2633 5751 2691 5804 Β.
2769 5749 2814 5782 ²⁰
2855 5741 3264 5819 διαρθρούμενα
3308 5745 3368 5800 Β.

520 5898 618 5968 (ρ).
655 5898 715 5953 ιι.
745 5899 804 5957 ιε.
833 5899 881 5952 7.
