4138 6480
423 420 563 476 1207

1711 417 1992 474 Μειιετιι
2032 414 2346 473 MONACIII

3563 411 3710 469 1268

420 555 550 592 vero
579 539 751 609 spinas
775 540 1038 596 vertebrze
1068 550 1217 606 sunt,
1246 555 1370 611 quae
1397 540 1662 596 musculis
1713 541 2008 609 nervisque

2114 533 2344 592 ἀπὸτοῦ
2399 531 2534 588 ἰνίου
2577 536 2746 604 ἔχων,
2790 532 2900 586 ἀπὸ
2921 534 2964 564 ⁸⁸
3007 531 3162 602 μυῶν
3213 531 3310 586 καὶ
3353 531 3564 604 νεύρων
3611 536 3708 589 καὶ

416 633 652 688 invicem
683 633 979 689 cohaerent.
1008 633 1083 688 Ex
1117 634 1202 688 bis
1240 648 1362 702 quae
1391 633 1532 687 collo
1561 634 1822 688 vertebrae
1860 633 2014 687 adhi-

419 727 549 781 bita:
597 735 749 788 sunt,
801 738 1031 797 septem,
1089 741 1213 796 qum
1243 739 1373 779 vero
1401 724 1569 780 dorso
1596 724 1910 786 duodecim,
1944 724 2012 778 ad

414 819 638 874 lumbos
670 829 852 874 autem
893 820 1104 890 positae,
1137 816 1382 886 quinque
1413 824 1799 882 numerantur,
1837 816 1919 872 sic
1955 825 2016 870 ut

419 929 686 969 numerus
743 913 1116 968 vertebrarum
1167 911 1415 966 onmium
1453 919 1693 978 quatuor
1729 925 1894 979 spura
1931 910 2014 963 vi-

420 1007 558 1076 ginti
613 1006 902 1061 habeatur.
938 1005 1077 1059 Sunt
1108 1005 1329 1076 quidem
1359 1018 1550 1058 omnes
1579 1003 1814 1058 invicem
1861 1018 2014 1056 com-

421 1107 593 1168 pacta:
659 1098 1118 1167 compositasque,
1172 1112 1238 1151 ac
1293 1097 1349 1151 in
1400 1095 1486 1151 his
1539 1095 1962 1164 conjunctiones
1994 1135 2010 1160 ,

421 1206 822 1261 processusque
869 1190 923 1244 in
964 1191 1184 1245 modum
1218 1191 1502 1260 spinarum
1533 1190 1904 1260 prominentes
1935 1189 2015 1244 vi-

421 1293 636 1338 suntur.
697 1281 891 1336 Medici
966 1292 1148 1337 autem
1203 1282 1398 1337 harum
1459 1281 1847 1337 cohaerentiam
1874 1298 2013 1350 γυγ-

420 1372 669 1442 γλυσμύν
730 1372 1008 1442 appellare
1076 1381 1505 1427 consueverunt.
1543 1370 1674 1436 Sed,
1713 1386 2011 1441 quamnam

420 1463 685 1518 vertebra!
745 1463 875 1533 ἱρείη
928 1465 1038 1517 vim
1095 1463 1353 1527 habeant,
1406 1463 1564 1518 cuive
1619 1464 1741 1518 usui
1780 1462 2016 1517 actioni-

420 1571 528 1624 que
586 1556 1098 1622 accommodentur,
1141 1558 1194 1612 in
1252 1557 1339 1612 his
1385 1573 1508 1627 quae
1549 1557 1702 1627 prius
1751 1556 2013 1626 exposui-

421 1668 543 1706 mus
576 1652 714 1707 satis
767 1652 974 1706 dictum
1031 1659 1132 1707 est.
1187 1650 1490 1714 Praeterea,
1531 1651 1733 1706 collum
1790 1651 1859 1704 ab
1907 1649 2017 1703 illis

419 1744 572 1817 δειρὴ
615 1755 968 1816 nuncupatur
999 1785 1016 1810 ,
1069 1745 1163 1800 sed
1219 1745 1324 1800 hoc
1387 1761 1587 1799 nomen
1639 1743 1858 1815 propria
1910 1758 2014 1797 vo-

2115 629 2433 700 συνδέσμων
2480 626 2908 698 περιεχομένους
2934 639 2948 655 ·
2984 626 3129 681 κατά
3177 625 3280 695 μὲν
3311 625 3403 679 τὸν
3433 627 3708 697 τράχηλον

2077 759 2082 764 -
2115 722 2278 786 ἑπτὰ,
2312 719 2456 774 κατὰ
2483 719 2540 772 δὲ
2571 719 2662 772 τὸν
2696 718 2868 773 νῶτον
2898 718 2992 772 δύο
3022 719 3119 772 καὶ
3165 719 3320 772 δέκαο
3358 718 3502 773 κατὰ
3525 718 3583 771 δὲ
3607 718 3708 790 τὴν

2113 815 2289 882 ὀσφὺν
2332 814 2521 867 πέντεο
2553 812 2630 876 ὡς
2661 809 2806 866 εἶναι
2851 813 3064 876 πάντας
3094 812 3194 866 κδ’.
3245 811 3603 883 Ἑσφιτμένοι
3647 811 3710 866 δέ

2115 908 2223 959 εἰσι
2256 905 2393 975 πρὸς
2431 904 2700 976 ἀλλήλους
2739 906 2836 959 καὶ
2876 905 3204 975 τεθειμένοι,
3241 903 3523 975 συμϐολὰς
3552 903 3710 975 ἕχον-

2113 1015 2210 1063 τες
2244 998 2342 1052 καὶ
2373 997 2684 1068 ἀποφύσεις
2711 997 3073 1062 ἀκανθώδεις.
3115 999 3180 1052 Ἠ
3209 999 3268 1052 δὲ
3301 999 3547 1069 συμϐολὴ
3578 997 3711 1051 τού-

2115 1105 2254 1157 των,
2288 1089 2628 1162 γυγλισμὸς
2654 1089 2875 1160 λέγεται
2907 1093 3061 1164 παρὰ
3101 1091 3212 1145 τῶν
3251 1091 3477 1163 ἰατρῶν·
3513 1091 3613 1162 τὴν
3649 1091 3710 1144 δὲ

2115 1186 2326 1242 τούτων
2371 1186 2684 1240 σπονδύλων
2725 1185 2958 1257 δύναμιν
2981 1227 2996 1249 ,
3034 1189 3130 1242 καὶ
3163 1188 3375 1259 χρείαν,
3411 1187 3508 1242 καὶ
3546 1187 3709 1258 ὲνέρ·

2115 1299 2298 1351 γειαν,
2342 1283 2402 1335 ὲν
2439 1283 2554 1346 τοῖς
2599 1281 2827 1336 δπισθεν
2866 1282 3244 1354 διεξήλθομεν.
3298 1282 3536 1350 Λέγεται
3573 1281 3630 1336 δὲ
3680 1286 3710 1338 ὅ

2116 1376 2418 1445 τράχηλος
2451 1376 2548 1430 καὶ
2582 1375 2750 1446 «Scapti
2771 1393 2786 1408 ο
2820 1375 3032 1446 κυρίως
3069 1376 3168 1445 μὲν
3214 1375 3310 1428 ἐπὶ
3357 1375 3467 1428 τῶν
3507 1391 3709 1440 τετρα-

2118 1469 2317 1533 πόδων,
2358 1467 2452 1521 διά
2496 1467 2561 1520 τδ
2595 1467 2811 1522 ἐκεῖθεν
2854 1467 3211 1536 ὲκδέρεσθαι·
3245 1468 3711 1538 καταχρηστικῶς

2116 1560 2174 1612 δὲ
2206 1559 2301 1614 καὶ
2333 1561 2427 1613 επὶ
2455 1559 2568 1613 τῶν
2603 1559 2932 1631 ἀνθρώπων,
2979 1561 3118 1614 διότι
3154 1561 3264 1614 πᾶν
3296 1559 3325 1613 ὅ
3359 1561 3435 1631 μὴ
3467 1560 3540 1614 δι’
3578 1561 3706 1613 ὅλου

2118 1654 2268 1707 εστιν
2293 1647 2337 1721 ᾧ
2365 1656 2410 1686 ³¹
2431 1653 2674 1723 λέγεται,
2697 1655 2766 1707 ὲκ
2792 1653 3193 1726 καταχρήσεως
3222 1653 3338 1724 ἔχει
3362 1655 3461 1724 τὴν
3489 1653 3708 1724 κλῆσιν.

2118 1746 2200 1800 Τὰ
2234 1747 2293 1802 δὲ
2335 1745 2693 1801 ὑποκάτωθεν
2734 1745 2847 1798 τῶν
2877 1745 3226 1816 ὼμοπλατῶν
3263 1746 3586 1816 μετάφρενα
3614 1744 3709 1796 λέ-

421 1839 601 1893 cabuli
639 1838 1042 1908 signiﬁcatione
1072 1837 1139 1891 ad
1194 1836 1548 1907 quadrupcda
1583 1834 1857 1897 refertur,
1913 1833 2015 1887 hac

2118 1855 2329 1908 γονται,
2359 1840 2447 1894 ὄτι
2477 1837 2764 1903 ἐξόπισθεν
2800 1838 2911 1892 τῶν
2943 1838 3159 1908 φρενῶν
3193 1841 3411 1893 κεῖται·
3458 1837 3587 1892 ὅθεν
3617 1837 3714 1890 καὶ

419 1928 642 1998 quidem
675 1899 743 1984 de
771 1945 961 1992 causa,
1003 1930 1146 1998 quod
1171 1899 1242 1982 ab
1289 1899 1430 1996 ipso-
1457 1927 1721 1981 animalia
1767 1925 2015 1998 έκδέρον-

2121 1899 2150 1982 δ
2187 1899 2440 2000 Ὀμήρός
2479 1899 2683 1998 φήσιν,
2714 1923 2880 2000 ἧπαρ
2913 1899 3032 1984 sic
3062 1927 3379 1997 πραπίδων
3403 1926 3502 1998 (q),
3531 1927 3561 1980 δ
3593 1929 3714 1980 ἐστι

420 2038 534 2086 ται,
568 2021 673 2076 Ιιοε
703 2032 787 2076 est
809 2022 1164 2076 excoriautur
1190 2036 1204 2084 ;
1245 2020 1338 2074 sed
1365 2029 1420 2074 et
1451 2020 1678 2083 abusus,
1710 2017 1780 2073 ad
1829 2019 2007 2074 homi-

2120 2021 2232 2074 τῶν
2264 2021 2479 2093 φρενῶν
2503 2022 2571 2076 ’³.

421 2130 555 2167 num
615 2113 814 2168 collum
859 2115 961 2171 hoc
1021 2128 1220 2167 nomen
1253 2111 1443 2166 referri
1483 2113 1641 2166 solet.
1684 2109 1818 2164 lllud
1866 2111 2012 2166 enim
2055 2113 2228 2167 abusu
2270 2113 2492 2177 dicitur,
2560 2112 2710 2184 quod
2757 2127 2865 2168 non
2906 2128 2974 2169 ex
3023 2121 3138 2167 toto
3172 2126 3237 2168 ac
3313 2117 3461 2166 recta
3499 2111 3722 2166 ratione

422 2205 588 2260 alicui
624 2206 699 2259 rei
731 2206 1140 2261 accommodari
1182 2205 1375 2276 possit.
1421 2203 1557 2260 Pars
1617 2213 1799 2260 autem
1839 2221 1964 2276 quae
2001 2206 2245 2277 scapulis
2305 2207 2583 2272 subditur,
2643 2209 2870 2263 dorsum
2925 2208 3148 2273 dicitur,
3212 2207 3359 2277 quod
3418 2206 3495 2260 illi
3541 2204 3715 2277 μετάρ

423 2313 621 2368 φρενον
659 2297 866 2362 dicunt,
894 2297 1062 2365 quod,
1099 2303 1225 2365 post
1289 2295 1408 2350 loca
1457 2296 1513 2349 in
1561 2296 1764 2366 quibus
1805 2295 2008 2350 mentis
2045 2312 2110 2350 ac
2163 2296 2586 2366 praecordiorum
2629 2297 2787 2354 sedes
2853 2305 2956 2362 est,
2991 2297 3264 2361 consistit,
3299 2303 3358 2350 ut
3394 2293 3662 2351 Homerus
3693 2301 3711 2334 τ

421 2390 489 2444 At
514 2389 666 2459 jecur
698 2398 776 2443 est
805 2393 988 2442 subter
1016 2387 1338 2457 prwcordia.

496 2483 664 2552 Spiua
716 2498 867 2548 vero,
898 2499 1020 2553 quae
1051 2483 1228 2554 ῥάχις,
1256 2477 1369 2536 οἷον
1401 2481 1558 2554 ῥῆξις
1597 2481 1681 2546 τίς
1726 2483 1894 2547 ἐστιν,
1930 2481 2014 2535 vi-

2209 2482 2274 2536 Ἦ
2306 2482 2363 2536 δὲ
2389 2482 2570 2552 ῥάχις
2601 2483 2761 2554 ῥῆξις
2799 2482 2887 2547 τίς
2912 2485 3051 2547 ἐστι,
3086 2483 3156 2537 τὰ
3183 2480 3338 2548 δεξιὰ
3369 2479 3482 2532 τῶν
3511 2477 3718 2532 εὖωνύ-

421 2571 618 2626 delicet
653 2573 754 2627 rivi
801 2574 1090 2644 cujusdam
1140 2574 1377 2630 efﬂuxus
1430 2581 1536 2640 est,
1581 2577 1677 2646 qui
1733 2575 2014 2631 dexteram

2128 2591 2246 2646 μων
2272 2575 2698 2646 διαχωρίξουσα·
2741 2575 2774 2647 ἢ
2808 2575 2898 2629 διά
2939 2575 3260 2646 τραχύτητα
3301 2572 3411 2625 τῶν
3450 2586 3718 2638 συνεστηο

423 2677 458 2719 a
507 2663 638 2719 laeva
689 2675 842 2735 parte
903 2665 1118 2722 dividit.
1180 2666 1308 2722 Sive
1366 2666 1510 2731 inde,
1555 2681 1587 2721 a
1638 2667 2014 2722 vertebrarum

2124 2667 2301 2722 κότων
2331 2669 2471 2739 αὐτῇ
2505 2668 2799 2722 κονδύλων·
2832 2663 2968 2732 οἷον,
3001 2667 3213 2738 τράχις
3244 2666 3345 2721 καὶ
3365 2664 3568 2734 ῥάχις.
3607 2663 3715 2717 Λέ-

424 2754 644 2823 quidem
687 2755 1016 2824 asperitate,
1064 2771 1094 2809 a
1128 2757 1331 2827 quibus
1363 2756 1483 2825 ipsa
1515 2765 1734 2810 constat
1775 2757 2015 2810 nominis

2121 2779 2278 2831 γεται
2323 2761 2382 2814 δὲ
2434 2762 2529 2814 καὶ
2567 2760 2837 2826 ἄκανθα,
2899 2759 2979 2831 τῷ
3023 2761 3123 2825 τὰς
3169 2761 3234 2813 ὲκ
3284 2757 3396 2810 τῶν
3444 2756 3730 2810 κονδύλων

425 2858 652 2897 causam
689 2843 953 2908 desumit,
988 2844 1138 2914 quod
1184 2846 1253 2900 ab
1299 2845 1433 2914 ipsis
1480 2844 1695 2915 τραχὶς,
1723 2845 1819 2899 καὶ
1861 2845 2018 2916 ῥάχις
2127 2854 2434 2924 ἀποφύσεις
2461 2853 2803 2918 ἀκανθώδεις
2828 2847 2991 2908 εἶναιο
3023 2857 3052 2906 ὁ
3077 2854 3136 2908 δὲ
3166 2854 3417 2924 Ὅμηρος
3445 2849 3585 2915 151‘”-
3615 2849 3719 2902 αὐ..

425 2936 655 2992 dicitur.
705 2936 813 2991 Sed
855 2945 910 2992 et
953 2937 1123 3007 spina;
1161 2953 1362 2992 nomen
1405 2936 1636 3000 obtinet,
1670 2952 1736 2992 ex
1770 2951 1837 2992 eo
1873 2938 2015 3008 quod

2125 2946 2228 3016 τὴν
2261 2946 2434 2999 καλείο
2463 2947 2529 3017 ἣν
2556 2948 2654 3016 οὐχ
2681 2941 2798 3000 οἷόν
2827 2963 2887 2999 τε
2915 2945 3103 2998 κνισαι
3133 2944 3164 3016 ἢ
3198 2943 3364 3011 ξύσαι
3398 2943 3445 2974 ’⁸
3475 2941 3720 3003 εὐκόλως

430 3029 840 3098 prominentiis,
861 3030 978 3084 sive
1020 3030 1372 3100 processibus
1405 3028 1733 3099 quibusdam
1761 3030 1815 3085 in
1852 3031 2015 3100 spina:

2127 3038 2194 3103 τῇ
2233 3033 2342 3106 ἰδίᾳ
2375 3035 2544 3106 χειρὶ,
2575 3035 2689 3088 ἀλλ’
2721 3036 2930 3106 ἑτέρων
2953 3037 3000 3068 ⁸⁵
3021 3034 3237 3088 δεῖσθαι
3259 3034 3339 3096 εις
3362 3033 3545 3086 τοῦτο’
3582 3033 3725 3101 φησὶ

427 3120 649 3174 modum
687 3119 930 3184 fulcitur,
955 3136 1081 3192 qum
1124 3121 1194 3176 ab
1241 3121 1374 3191 ipsis
1410 3119 1623 3175 ἄκανθα
1648 3130 2015 3192 nuncupatur.

2127 3128 2258 3198 γάρ’
2294 3127 2721 3198 Κατὰκνηστιν
2745 3128 2910 3198 μέσα
2939 3127 3100 3182 νῶτα
3127 3124 3330 3196 πλῆξε
3353 3127 3448 3194 (ν).
3488 3125 3592 3180 Τὸν
3624 3125 3722 3178 τό-

427 3210 700 3268 Homerus
756 3222 936 3267 autem
995 3213 1139 3268 bane
1191 3212 1307 3279 ἰξὺν
1358 3212 1614 3283 appellat,
1659 3222 1847 3285 utpote
1893 3228 2015 3285 quae

2119 3238 2222 3275 πον
2274 3221 2601 3294 ἑρμηνεύων
2643 3222 2806 3276 τοῦτο
2841 3223 3085 3294 εἴρηκεν.
3129 3223 3193 3275 Oi
3247 3216 3393 3289 ὦμοι
3449 3218 3606 3291 παρά
3658 3217 3719 3271 τὸ

426 3304 599 3374 scalpi
661 3305 882 3374 propria
927 3305 1041 3376 89
1099 3321 1263 3360 manu
1314 3306 1458 3360 haud
1507 3305 1666 3362 facile
1702 3316 1888 3376 queat,
1919 3307 2015 3363 sed

2125 3313 2423 3384 ὑπομένειν
2478 3314 2550 3368 τὰ
2599 3313 2742 3385 βάρη
2785 3315 2895 3368 τῶν
2928 3315 3166 3385 φορτίων
3207 3315 3453 3384 εἴρηται.
3485 3313 3731 3379 Λέγεται

425 3397 604 3451 aliena
658 3397 902 3452 ol‘tlcium
953 3399 1156 3468 explet.
1207 3413 1238 3452 a
1289 3400 1458 3453 verbo
1503 3399 1744 3470 ξύσαι,ή
1793 3402 2013 3471 κνῆσαι.

2123 3404 2182 3458 δὲ
2209 3404 2272 3458 τὸ
2301 3406 2472 3476 μέρος
2509 3407 2568 3458 έν
2597 3399 2642 3473 ᾧ
2673 3407 2722 3458 oi
2753 3406 3084 3474 ὡμοπλάται
3128 3403 3342 3469 νῶτος,
3388 3402 3579 3472 ἐπειδὴ
3609 3401 3722 3454 τῶν

427 3490 562 3543 Nam
622 3488 934 3553 llmnerus,
1009 3490 1176 3560 huius
1227 3491 1336 3546 loci
1387 3491 1779 3561 interpretandi
1843 3491 2015 3561 gratia

2126 3495 2302 3552 ἄλλων
2359 3497 2634 3562 νοτίζεται
2693 3498 2936 3568 μᾶλλον,
2985 3498 3081 3552 καὶ
3115 3498 3197 3559 εἰς
3245 3493 3436 3548 τοῦτον
3480 3495 3511 3546 ὁ
3561 3490 3712 3562 ἱδρὼς

427 3576 510 3634 sic
568 3579 748 3650 inquit
800 3599 815 3634 :
861 3580 968 3646 Qui
1025 3583 1258 3635 medium
1309 3581 1456 3636 dorsi
1509 3582 1782 3653 scalpendi
1839 3583 2015 3652 gratia

2127 3592 2418 3663 καταρρεῖο
2464 3590 2542 3655 ὡς
2589 3592 2684 3645 καὶ
2711 3592 2757 3623 ’⁸
2805 3592 3086 3662 Ὄμηρος·
3129 3589 3290 3645 Κατὰ
3331 3587 3402 3641 δὲ
3441 3581 3712 3650 νώτιος¹⁷

429 3671 620 3740 tangit.
674 3669 948 3727 llumeros
997 3688 1238 3743 namque
1302 3672 1484 3743 ὤμους
1548 3674 1700 3745 παρά
1763 3671 1827 3726 τδ
1884 3675 2015 3728 ὑπο-

2114 3682 2261 3748 ρέεν
2291 3683 2467 3752 ἱδρὼς
2512 3687 2612 3756 (⁸)*
2641 3685 2759 3750 καὶ,
2793 3685 2906 3739 Τὸν
2934 3682 3128 3737 νῶτόν
3162 3699 3282 3752 μου
3325 3679 3519 3734 ἐδωκα
3542 3676 3589 3709 ’⁸
3634 3679 3721 3741 sic

429 3759 612 3830 μένειν
653 3763 716 3840 το
773 3763 912 3834 βαρὺ
965 3763 1074 3816 τῶν
1131 3763 1369 3836 φορτίων
1403 3804 1419 3830 ,
1472 3765 1619 3835 quod
1677 3767 2016 3820 sarcinarum
2118 3774 2442 3846 μάστιγαςο
2476 3777 2572 3830 καὶ
2607 3777 2897 3847 νωτοφόρα
2927 3775 3045 3840 (ad
3077 3790 3260 3844 φαμεν
3283 3773 3348 3826 η.
3389 3770 3631 3839 Λέγεται
3662 3765 3732 3819 τὸ

425 3853 679 3910 videlicet
723 3857 964 3924 pondera
1021 3857 1332 3912 sustineant
1382 3858 1489 3912 dici
1544 3859 1864 3927 opinantur.
1912 3858 2015 3915 Ve-

2119 3867 2368 3921 τοιοῦτον
2397 3869 2563 3940 μέρος
2590 3871 2684 3922 καὶ
2713 3869 2866 3938 ψύη,
2898 3866 3051 3936 παρά
3076 3865 3137 3919 τὸ
3163 3864 3343 3934 ψαύωο
3368 3859 3723 3933 ἡέπιψαύου-

425 3957 576 4010 rum,
624 3946 778 4001 locus
836 3949 888 4000 in
937 3962 1048 4017 quo
1099 3948 1337 4018 scapulae
1390 3957 1519 4004 sunt
1565 3958 1775 4017 tergum
1831 3953 2015 4022 appel-

2122 3973 2191 4011 σα
2215 3958 2260 3990 ³ο
2291 3959 2450 4030 σὰρξ,
2482 3960 2578 4014 καὶ
2607 3959 2704 4013 ἐπὶ
2737 3958 2955 4022 πολλοῖς
2985 3955 3124 4012 οὖσα
3153 3958 3268 4020 τοῖς
3299 3955 3533 4016 ὀστέοις.

427 4037 592 4105 latur,
642 4041 787 4110 quod
851 4039 948 4105 illi,
995 4037 1166 4095 νῶτον
1230 4040 1340 4094 ἀπὸ
1391 4038 1486 4094 τοῦ
1541 4039 1812 4106 νωτίζειν,
1871 4045 2015 4114 quod

2114 4049 2406 4119 rgiversari
2447 4060 2551 4114 est.
2620 4053 2705 4107 vel
2743 4051 2891 4122 quod
2944 4051 3120 4122 magis
3184 4065 3350 4121 quam
3388 4047 3509 4101 alia:
3539 4052 3731 4114 partes

429 4134 668 4204 pondera
699 4134 1032 4189 sustinentes
1053 4133 1252 4188 sudore
1269 4135 1606 4198 madescant,
1633 4145 1692 4190 ut
1740 4135 2047 4196 Homerus:
2091 4142 2288 4213 [Ie/luit
2345 4160 2410 4198 ea:
2450 4147 2681 4202 humeris
2735 4145 2920 4201 sudor.
2960 4145 3026 4199 Et
3068 4145 3198 4199 illud
3238 4143 3538 4214 propheta,
3584 4137 3724 4190 Dor-

426 4245 548 4283 utm
574 4244 745 4282 meum
787 4229 909 4283 dedi
947 4227 1361 4297 percutientibus
1413 4228 1527 4300 (α),
1557 4229 1702 4285 unde
1752 4231 2009 4288 animalia
2049 4235 2217 4294 dorso
2287 4241 2615 4296 sustinentia
2679 4240 2896 4310 pondus
2936 4238 3222 4307 νωτοφόρα
3251 4235 3369 4300 ζῶα
3428 4233 3713 4288 dicuntur.

851 4343 987 4415 Cap.
1016 4342 1133 4398 XV.
1169 4371 1242 4384 —
1270 4341 1349 4396 De
1379 4344 1565 4398 costis.

503 4455 608 4515 Sed
643 4468 696 4514 et
726 4459 1040 4514 lumborum
1072 4460 1228 4516 locus
1262 4472 1369 4528 est,
1431 4459 1526 4532 qui
1565 4460 1640 4515 illi
1689 4460 1834 4530 ψύας
1866 4461 2020 4533 παρά

2408 4356 2552 4424 Κεφ.
2586 4351 2690 4408 IE'.
2717 4386 2791 4396 —
2810 4353 2954 4422 Περὶ
2975 4352 3098 4407 τῶν
3131 4348 3439 4419 πλευρῶν.

2208 4469 2366 4523 Ἐπεὶ
2413 4467 2472 4522 δὲ
2513 4470 2547 4540 ἠ
2594 4467 2742 4540 ψύη,
2782 4467 2882 4521 καὶ
2921 4467 2956 4519 ὁ
2992 4463 3200 4535 θώραξ,
3240 4463 3337 4519 καὶ
3372 4461 3436 4516 αἱ
3480 4458 3728 4528 πλευραὶ

429 4550 492 4606 τδ
537 4550 698 4621 ψαύω
743 4553 1016 4616 dictitant,
1067 4569 1097 4608 a
1134 4554 1410 4626 tangendo
1467 4553 1735 4618 videlicet,
1789 4552 2015 4621 quodin

2129 4562 2553 4634 συνήρθρωνται
2590 4561 2689 4616 καὶ
2720 4559 3087 4622 συνδέδενται,
3130 4557 3227 4610 καὶ
3256 4552 3368 4610 οἷον
3416 4571 3724 4625 συγκοινω-

429 4645 512 4700 eis
568 4660 699 4701 caro
747 4661 873 4702 ossa
933 4645 1050 4715 ipsa
1103 4647 1486 4702 tantummodo
1536 4644 1730 4714 tangit,
1797 4659 1862 4698 ac
1925 4658 2015 4713 per

2122 4654 2309 4709 νοῦσιν
2333 4653 2590 4724 ἀλλήλοις
2615 4655 2738 4715 ταῖς
2761 4651 2987 4722 χρείαις¹
3011 4651 3106 4704 καὶ
3136 4651 3222 4701 ένε
3233 4647 3471 4718 ργείαις⁹
3500 4642 3656 4697 οὐδὲν
3676 4641 3725 4672 ³⁸

430 4736 778 4808 superﬁciem
829 4737 1179 4792 distenditur.
1224 4737 1496 4805 Quoniam
1540 4751 1670 4789 vero
1727 4733 1918 4798 lumbi,
1963 4746 2015 4791 et

2122 4741 2327 4796 ἄτοπον
2355 4739 2766 4808 ἐπισκέψασθαι
2803 4742 2936 4812 περὶ¹
2969 4739 3151 4794 αὐτῶν
3182 4737 3293 4791 τῶν
3337 4733 3613 4805 πλευρῶν.
3654 4732 3725 4785 Αἱ

431 4831 650 4897 thorax,
685 4841 1074 4902 costarumque
1101 4832 1238 4886 ordo
1261 4831 1494 4886 invicem
1529 4829 1808 4884 cohaerent
1851 4842 2022 4897 copu-

431 4923 722 4992 lanturque
743 4963 758 4989 ,
793 4933 848 4979 et
875 4939 976 4979 ceu
1002 4924 1317 4978 communia
1347 4923 1594 4992 quaedam
1621 4937 1819 4975 usuum
1845 4922 2020 4975 actio-

429 5032 673 5087 numque
733 5017 908 5073 olllcia
971 5019 1242 5088 explent,
1299 5031 1407 5070 non
1454 5015 1523 5069 ab
1583 5031 1641 5069 re
1689 5015 1903 5070 videtur
1953 5014 2023 5070 de

2127 4832 2225 4904 μὲν
2253 4833 2364 4886 εἰσὶ
2392 4835 2630 4906 μακραὶ,
2653 4835 2708 4887 αἱ
2731 4833 2790 4888 δὲ
2819 4833 3029 4886 κονταιο
3057 4829 3121 4895 ἀς
3155 4831 3251 4884 καὶ
3277 4826 3728 4893 κοντοπλεύρια

2122 4926 2399 4996 λέγουσιν.
2422 4926 2456 4997 ἢ
2476 4928 2697 4994 νόθους
2723 4926 3014 4996 πλευράς.
3047 4926 3172 4979 Εἰσὶ
3193 4924 3251 4978 δὲ
3276 4923 3442 4976 πέντε
3472 4921 3529 4973 αἱ
3556 4917 3724 4972 νόθοιο

2126 5018 2549 5090 συμφύονταιδὲ
2582 5019 2660 5092 τῷ
2694 5037 2753 5072 τε
2784 5019 3165 5089 διαφράγματι
3192 5016 3288 5070 καὶ
3320 5013 3609 5085 ἀλλήλαις·
3641 5009 3727 5071 είς

430 5110 599 5164 costis
626 5109 790 5164 etiam
825 5107 1032 5173 aliquid
1071 5105 1313 5176 proferre
1352 5106 1407 5160 in
1450 5107 1713 5161 medium.
1759 5104 2015 5172 Qumdam

2123 5109 2348 5183 χόνδρον
2379 5110 2442 5165 τὸ
2468 5111 2642 5183 πέρας
2671 5111 2857 5165 αὐτῶν
2889 5110 3140 5182 ἔχουσαι.
3185 5109 3251 5161 Αἱ
3282 5107 3342 5160 δὲ
3374 5106 3565 5159 λοιπαὶ
3611 5100 3729 5154 τῶν

433 5217 668 5272 namque
695 5210 860 5257 εοεαε
895 5201 1089 5268 longze,
1145 5199 1395 5269 quaedam
1451 5213 1579 5252 vero
1634 5197 1826 5253 breves
1865 5205 2015 5261 sunt,

2125 5201 2380 5274 πλευρῶν
2442 5205 2538 5257 καὶ
2586 5206 2636 5257 οἱ
2699 5203 2802 5273 τῆς
2861 5202 3077 5274 ῥάχεως
3138 5199 3429 5254 σπόνδυλοι
3485 5194 3614 5266 ’περὶ⁷
3663 5191 3729 5244 τὸ

431 5309 568 5363 quas
624 5293 868 5349 costulas
917 5292 1033 5347 sive
1075 5290 1394 5362 degeneres,
1445 5290 1528 5347 vel
1588 5290 1786 5345 nothas
1838 5298 2015 5344 costas

2129 5293 2351 5364 στέρνον
2385 5295 2453 5361 ³¹,
2485 5293 2582 5348 τοῦ
2613 5293 2869 5365 θώρακος
2907 5295 3049 5347 εἰσιν
3094 5291 3234 5346 ὀστᾶ
3255 5290 3323 5322 ³⁸·
3364 5287 3578 5342 δώδεκα
3627 5283 3732 5354 μὲν

503 5425 580 5496 (α)
609 5424 713 5480 lsa.
744 5443 794 5490 L,
826 5428 880 5480 6.

499 5539 541 5609 '_‘
573 5539 680 5592 ὑπὸ
702 5539 763 5594 Β,
841 5542 886 5574 ²²
909 5541 937 5594 ὃ
965 5542 1024 5595 Β.
1104 5540 1150 5571 ⁸³
1181 5538 1286 5591 ὑπὸ
1316 5539 1415 5600 τὰς
1446 5537 1651 5609 φρένας
1777 5531 2198 5609 ἦπαρέτρωσεν
2228 5536 2287 5588 Β.
2343 5536 2412 5609 f‘
2451 5553 2536 5589 κν.
2560 5535 2872 5609 ξύσαιΒ,
2912 5535 3133 5609 κινῆσαι
3162 5535 3233 5609 Α.Δ
3304 5530 3638 5609 ²¹Δέτέρῳοεν

437 5607 474 5676 'f
510 5607 583 5668 ὡς
612 5610 704 5661 καὶ
733 5626 842 5664 mn.
874 5613 938 5666 Α.
1053 5611 1098 5641 ’⁷
1136 5609 1370 5676 νώτερος
1405 5609 1463 5660 Β.

437 5675 480 5706 ⁸⁸
513 5678 606 5730 καὶ
629 5679 688 5730 τὸ
717 5680 938 5752 στέρνον
969 5680 1061 5735 τοῦ
1095 5678 1363 5748 θώρακος,
1402 5680 1509 5733 εἰσὶ
1553 5679 1602 5733 δ.
1643 5679 1700 5732 Β.

508 5813 584 5876 (qi
617 5810 676 5863 ιι.
714 5813 780 5872 Ν,
817 5813 940 5865 tie.

511 5883 584 5946 tr)
607 5883 709 5935 ()tl.
741 5886 807 5943 Κ,
842 5885 956 5933 ιοςι,

1587 5581 1648 5598 _,
1687 5581 1736 5588 --
1785 5581 1893 5588 ρ--
1962 5581 2014 5587 _-

1583 5609 1626 5638 η
1667 5581 1878 5659 δέδω⁸κα
1902 5581 1956 5657 rB
1986 5607 2015 5658 ιλ

2114 5581 2193 5638 ἶν’
2218 5581 2399 5674 ᾦάμὲν
2433 5581 3272 5672 .;;.'.'.1:13;“36'33'tam.
3353 5581 3396 5674 δῖ
3416 5581 3629 5674 ’όῦδζξςέι
3661 5601 3704 5652 ιι

1819 5677 1862 5708 ³³
1891 5676 1982 5730 τοῦ
2023 5676 2081 5730 δὲ
2119 5671 2255 5746 θωρ.
2301 5671 2442 5729 εἰσὶν
2482 5678 2623 5730 έπτά
2656 5677 2773 5730 ὀστ.
2818 5680 2884 5743 Α,
2915 5677 3010 5732 τοῦ
3050 5671 3186 5746 θὼρ.
3223 5676 3328 5728 εἰσ.
3361 5672 3503 5726 ὀστᾶ.
3545 5671 3607 5726 C.

2201 5812 2266 5881 (θ)
2296 5812 2356 5866 ιι.
2397 5814 2462 5877 Α,
2493 5812 2616 5865 διο.
