4138 6498
409 430 547 492 ιεοθ

1661 431 1748 487 DE
1785 431 2069 489 N.\TUR.-\
2117 431 2424 488 HOMINIS.

3565 435 3704 493 1210

407 545 757 620 ἑκατέρωθεν
788 545 846 600 αἱ
880 544 1139 618 πλευραὶ,
1173 544 1431 615 καθάπερ
1460 547 1556 600 καὶ
1593 548 1644 601 οἱ
1669 550 1961 604 σπόνδυλοι
1982 568 1997 582 ο
2035 600 2040 615 ε

2148 552 2382 606 ictitant.
2440 548 2534 604 lla:
2584 547 2808 619 quidem
2863 561 3097 603 numero
3135 545 3384 618 quinque
3424 545 3721 612 habentur,

406 643 777 713 διήρθρωνται
808 636 853 671 ³⁸
903 638 1013 711 γὰρ
1063 637 1275 708 ἑκάστη
1330 638 1471 708 πρὸς
1521 639 1640 717 ἕνα.
1693 642 1765 694 τὰ
1815 643 1873 694 δὲ
1911 642 2008 696 τοῦ

409 733 637 804 στέρνου
698 728 1121 802 συνήρθρωνται
1148 729 1194 761 ³⁸
1241 727 1520 801 ἀλλήλοις.
1583 730 1760 785 Ἑπτά
1808 731 1866 786 δὲ
1919 734 2011 787 τὸν

408 824 648 896 ἀριθμόν
675 825 838 878 εἰσιν·
876 823 1002 876 ὅσαι
1037 822 1132 875 καὶ
1163 823 1218 876 αἱ
1254 823 1394 890 πρὸς
1419 821 1555 876 αὐτὸ
1578 823 2013 897 διαρθρούμεναι

409 916 675 988 πλευραί·
726 915 804 978 ὼς
851 909 997 968 εῖναι
1043 913 1145 978 τὰς
1187 914 1368 978 πάσας
1399 915 1442 946 ⁸⁸
1476 915 1655 969 εἴκοσι
1704 917 2012 989 τέσσαρας

408 1008 621 1062 δώδεκα
653 1007 778 1061 καθ’
810 1008 1074 1078 ἑκάτερον
1100 1007 1271 1078 μέρος
1298 1007 1792 1080 συναρθρουμένας
1822 1010 1890 1041 ³⁷·
1911 1010 2014 1074 τὰς

416 1097 517 1170 μὲν
546 1097 780 1166 δώδεκα,
811 1101 927 1161 τοῖς
955 1096 1168 1150 δώδεκα
1204 1096 1526 1160 σπονδύλοις
1554 1099 1650 1152 τοῦ
1682 1099 1879 1168 νώτου,
1911 1102 2014 1165 τὰς

412 1191 469 1244 δέ
501 1208 564 1261 γε
586 1193 770 1258 πέντε,
799 1193 866 1264 τῇ
887 1189 1071 1261 ὀσφύῖο
1092 1191 1147 1244 αἱ
1173 1191 1231 1244 δὲ
1260 1189 1424 1256 ἑπτὰ,
1452 1191 1531 1261 τῷ
1564 1193 1796 1264 στέρνῳ,
1824 1194 2012 1260 καθὼς

415 1300 440 1336 ε
451 1283 658 1354 ῖρηται.

2119 654 2175 699 et
2209 653 2364 714 septo
2425 653 2743 697 transverso
2795 641 3111 706 cohaerent,
3170 656 3237 697 ac
3285 639 3520 697 invicem
3574 651 3727 698 recto

2120 733 2316 788 ordine
2381 733 2749 789 consistentes
2788 771 2804 795 ,
2871 731 2924 785 in
2993 730 3377 802 cartilaginem
3440 728 3724 785 desinunt.

2122 822 2369 894 Reliquae
2405 840 2540 879 vero
2567 833 2737 878 costae
2771 822 3076 892 spinaque,
3107 821 3376 878 vertebrae
3404 829 3459 876 et
3497 828 3686 890 pectus
3709 858 3726 882 ,

2127 918 2372 973 thoracis
2407 933 2536 973 ossa
2587 928 2740 972 sunt.
2770 916 3043 982 Quaelibet
3086 931 3235 987 pars,
3284 916 3548 986 utrinque
3592 915 3732 968 dno-

2122 1011 2293 1067 denas
2325 1023 2533 1076 costas,
2593 1009 2740 1080 quod
2793 1020 2847 1065 et
2916 1010 3075 1080 spina
3124 1009 3408 1064 vertebras
3459 1006 3728 1071 continet,

2121 1119 2356 1175 quarum
2399 1104 2659 1176 qutelibet
2705 1104 2940 1176 singulis
2994 1103 3265 1158 vertebris
3311 1101 3727 1156 coarticulatnr.

2125 1198 2198 1252 At
2269 1197 2507 1269 pectoris
2566 1213 2739 1263 ossa,
2798 1213 2922 1266 qua:
2995 1197 3371 1267 scptenarium
3435 1207 3730 1249 numerum

2120 1289 2365 1360 explent,
2403 1290 2864 1346 dearticulatione
2911 1291 3145 1344 invicem
3175 1289 3506 1359 junguntur,
3539 1298 3735 1356 quem-

417 1380 714 1435 admodum
754 1387 809 1433 et
857 1387 1044 1442 costae,
1089 1392 1232 1448 quae,
1259 1377 1362 1444 ipsi
1395 1387 1522 1433 sunt
1555 1378 2014 1436 dearticulatione
2075 1383 2403 1452 conjunctae.
2475 1381 2686 1454 itaque,
2719 1391 2902 1438 costas
2969 1397 3162 1437 omnes
3202 1395 3436 1436 numero
3484 1389 3725 1449 quatuor

417 1493 583 1548 supra
631 1476 822 1546 viginti
859 1490 980 1530 esse
1013 1486 1246 1530 constat.
1277 1476 1360 1531 Ab
1399 1485 1636 1546 utraque
1663 1477 1810 1532 enim
1875 1488 2026 1548 parte
2100 1481 2389 1545 duodenm,
2442 1481 2592 1538 dorsi
2650 1482 2958 1547 vertebris,
3013 1495 3137 1550 qua:
3192 1477 3420 1534 totidem
3502 1491 3734 1530 numero

420 1581 569 1637 sunt,
602 1570 1054 1632 coarticulantur,
1090 1584 1324 1639 quarum
1395 1568 1642 1639 quinque
1683 1569 1916 1626 lumbis.
1953 1571 2090 1642 ipsis
2126 1575 2508 1645 applicantur,
2563 1583 2772 1646 septem
2833 1590 2963 1628 vero
3020 1589 3145 1629 cum
3214 1582 3466 1643 pectore,
3533 1584 3734 1640 quemv

421 1667 718 1722 admodum
747 1666 991 1720 diximus
1015 1706 1032 1731 ,
1066 1663 1336 1734 copulata:
1370 1672 1523 1718 sunt.

491 1782 713 1844 Ταύτας
740 1781 797 1834 δὲ
823 1781 921 1845 τὰς
955 1781 1000 1814 ³⁸
1041 1781 1186 1834 ἑπτὰ
1215 1779 1556 1844 ὑποζωννύει
1587 1780 1682 1834 καλ⁸
1727 1781 2023 1850 ὑπαλείφει

2205 1780 2317 1838 Has
2350 1794 2532 1837 autem
2593 1791 2801 1854 septem
2858 1791 3063 1847 costas,
3113 1781 3424 1837 communis
3482 1783 3734 1852 quaedam

424 1891 509 1935 τις
567 1873 715 1944 ὑμὴν
775 1872 994 1936 κοινὸς,
1053 1871 1114 1936 ὃς
1163 1872 1277 1926 ἀπὸ
1327 1875 1428 1944 τῆς
1477 1874 1670 1944 χρείας
1722 1873 2027 1939 ὑπεζωκὼς

2144 1877 2451 1931 nembrana
2527 1893 2635 1947 qua
2697 1887 2864 1933 costae
2903 1885 3188 1947 teguntur,
3240 1893 3364 1946 quae
3425 1875 3736 1941 ὑπεζωκὼς

426 1966 766 2036 ὠνόμασται.
822 1965 1081 2032 Ἐγένετο
1117 1964 1176 2018 δὲ
1232 1955 1389 2028 οὗτος
1440 1965 1468 2016 ὁ
1517 1965 1667 2036 ὑμὴν
1723 1967 1879 2038 παρὰ
1925 1967 2028 2036 τῆς

430 2059 721 2131 προνοίας,
768 2058 860 2112 ἵνα
897 2060 972 2128 μὴ
1009 2057 1090 2129 τῷ
1141 2056 1410 2128 πνεύμονι
1449 2059 1678 2128 ἁμέσως
1726 2059 2030 2131 ὁμιλοῦσα,

429 2153 539 2208 τῶν
557 2153 735 2208 ὀστῶν
763 2155 797 2224 ὴ
828 2153 990 2206 οὐσία
1025 2151 1241 2224 σκληρὰ
1267 2151 1362 2205 καὶ
1385 2151 1685 2216 ἀντίτυπος
1712 2148 1871 2217 οὖσα,
1903 2154 2036 2225 ἀνιᾷ

432 2248 596 2303 αὑτὸν
641 2249 736 2300 καὶ
775 2247 1093 2318 ὲπιπλήσσῃ
1137 2247 1206 2316 τῇ
1255 2244 1627 2318 προσψαὺσει.
1679 2247 1802 2300 Εἰσὶ
1834 2247 1892 2300 δὲ
1939 2248 2035 2301 καὶ

434 2342 581 2396 κατὰ
612 2341 713 2406 τὰς
753 2342 952 2406 λοιπὰς
1002 2339 1249 2411 πλευρὰς
1300 2339 1692 2412 μεσοπλεὺριοι
1733 2340 1907 2411 μῢες.
1939 2341 2036 2406 οὓς

436 2436 535 2488 καὶ
567 2435 796 2504 φρένας
830 2434 1090 2488 καλοῦσι·
1133 2433 1228 2487 διὰ
1265 2433 1326 2486 τδ
1361 2435 1664 2506 φρενητιᾷν
1695 2434 1740 2466 ⁸³
1766 2435 1896 2499 τοὺς
1939 2436 2038 2488 άν-

439 2527 732 2597 θρώπους,
773 2528 1005 2581 ἐκείνων
1051 2525 1522 2596 φλεγμαινόντων.
1556 2527 1726 2581 Οὐδὲν
1766 2530 1875 2597 γάρ
1921 2530 2039 2582 ἐστι

440 2618 724 2689 πλευρῖτις
753 2659 770 2685 ,
807 2621 856 2672 εί
884 2617 962 2688 μὴ
985 2614 1272 2688 φλεγμονὴ
1302 2613 1398 2668 τοῦ
1428 2615 1527 2680 τὰς
1558 2616 1799 2688 πλευρὰς
1828 2618 2044 2682 ὑπεζω-

442 2711 600 2774 3:610;
631 2713 854 2781 ὑμένος.

2129 1968 2241 2040 90
2277 1969 2499 2037 dicitur,
2532 1969 2809 2040 subcingit
2857 1971 3112 2040 velatque
3177 1970 3245 2024 ah
3277 1967 3444 2024 oflicii
3473 1967 3739 2024 videlicvt

2134 2062 2416 2118 iunctione
2455 2065 2603 2134 quod
2636 2065 2839 2134 explet,
2877 2064 2953 2118 ita
2981 2062 3273 2134 appellata.
3303 2060 3488 2115 Talem
3513 2061 3736 2132 quidem

2135 2156 2514 2211 membranam
2567 2155 2846 2212 Creatoris
2891 2156 3230 2227 providentia
3271 2153 3405 2208 inibi
3429 2153 3736 2216 constituit.

2137 2264 2207 2304 ne
2231 2248 2443 2305 scilicet
2471 2249 2681 2305 ossium
2722 2249 3054 2313 substantia,
3097 2262 3220 2318 qua:
3257 2261 3452 2316 aspera
3483 2260 3548 2300 ac
3587 2245 3738 2300 relu-

2139 2349 2298 2397 ctaus
2321 2349 2427 2406 est,
2485 2351 2710 2412 repente
2766 2341 2976 2411 absque
3026 2340 3210 2394 medio
3251 2339 3437 2408 aliquo
3491 2335 3740 2407 pulmoni

2141 2448 2464 2500 occurrens,
2517 2435 2736 2489 dolores
2766 2433 2872 2504 ipsi
2916 2433 3148 2504 inlligat,
3204 2432 3470 2501 illumque
3510 2445 3622 2499 prae
3652 2429 3740 2484 sui

2142 2535 2290 2582 tactu
2320 2527 2511 2581 reddat
2539 2527 2858 2582 attonitum.
2901 2524 3043 2580 Sunt
3080 2525 3302 2594 quidem
3338 2532 3390 2577 et
3418 2523 3566 2578 circa
3599 2522 3740 2575 alias

2144 2631 2327 2675 costas
2359 2620 2614 2686 musculi,
2647 2621 2738 2691 qui
2770 2617 3140 2674 intercostiles
3183 2615 3466 2679 dicuntur,
3507 2628 3648 2684 quos
3688 2621 3744 2666 et

2146 2713 2386 2783 phrenas
2435 2719 2792 2784 nuncupant.
2835 2710 3098 2782 quoniam
3135 2709 3189 2763 in
3235 2707 3555 2779 phrenesim
3616 2703 3742 2774 ipsi,

443 2805 549 2859 hoc
571 2815 656 2860 est
686 2807 738 2862 in
770 2807 1207 2872 insaniam,cum
1240 2824 1336 2865 eos
1403 2817 1712 2864 tumescere
1777 2808 2002 2875 accidit,
2029 2807 2311 2865 hominem
2343 2811 2592 2884 adigunt.
2655 2809 2802 2865 Nihil
2850 2809 2999 2864 enim
3045 2807 3196 2863 aliud
3231 2802 3540 2876 'pleuresis,
3578 2817 3745 2874 quam

442 2899 778 2955 membranae
798 2914 978 2957 tumor
996 2918 1119 2974 quae
1139 2909 1324 2959 costas
1346 2903 1626 2973 subcingit
1643 2902 1918 2973 velatquc,
1943 2912 2048 2957 est.

515 3034 675 3099 Τινὲς
708 3035 768 3089 δὲ
798 3035 862 3089 τὸ
905 3035 1250 3107 διάφραγμα
1290 3037 1388 3091 καὶ
1431 3037 1524 3090 τὸν
1555 3032 1903 3097 ὑπεζωκότα
1946 3035 2044 3089 ’ένα

446 3124 720 3178 ὑπέλαϐον
755 3122 899 3179 εἶναι
950 3127 1163 3196 ὑμένα·
1199 3127 1302 3181 οὑκ
1347 3127 1496 3181 ἔστιν
1537 3125 1616 3181 δέ.
1663 3126 1828 3181 Ἀλλο
1849 3126 1895 3159 ⁸ο
1937 3128 2048 3197 γὰρ

2225 3038 2367 3096 Sunt
2403 3039 2497 3111 qni
2548 3051 2763 3109 septum
2825 3047 3228 3101 transversum,
3286 3042 3342 3089 et
3390 3039 3576 3088 costas
3619 3029 3751 3087 sub-

2151 3137 2459 3206 cingentem
2507 3134 2907 3200 membranam,
2957 3146 3121 3185 unam
3181 3128 3542 3196 eamdemque
3572 3139 3750 3178 mem-

445 3219 678 3284 ἐκεῖνος,
711 3219 807 3272 καὶ
831 3218 962 3273 ἄλλο
984 3219 1028 3251 ⁸¹
1056 3213 1236 3285 οὗτος.
1283 3219 1527 3284 Ἐκεῖνος
1563 3220 1664 3289 μὲν
1698 3219 1810 3290 γὰρ
1841 3219 2040 3290 διαχω-

2150 3233 2382 3287 branam
2416 3244 2561 3294 esse,
2587 3229 2682 3284 sed
2716 3243 2823 3281 non
2867 3235 3014 3282 recte
3039 3221 3246 3293 Opinati
3297 3231 3446 3276 sunt.
3479 3217 3614 3293 Nam
3641 3217 3748 3272 alia

448 3311 585 3384 ρίζει
625 3313 697 3367 τά
729 3330 789 3366 τε
819 3314 876 3366 ὲν
905 3311 985 3385 τῷ
1016 3311 1254 3385 θώρακι,
1284 3315 1380 3368 καὶ
1422 3313 1492 3367 τὰ
1538 3313 1644 3366 ὑπὸ
1691 3312 1784 3366 τὸν
1817 3312 2048 3384 θώρακα

449 3407 757 3481 σπλάγχνα,
790 3406 888 3459 καὶ
917 3406 1017 3476 τὴν
1052 3404 1333 3476 ἀναπνοὴν
1366 3407 1614 3476 ἐνεργεῖ,
1652 3403 1840 3468 καθὼς
1873 3404 2048 3476 ἔφθην

448 3497 649 3551 εἰπών’
684 3492 841 3560 οὗτος
874 3497 932 3549 δὲ
972 3497 1070 3560 τὰς
1119 3497 1364 3568 πλευρὰς
1410 3496 1785 3562 ὑποζωννὺει,
1819 3499 1915 3550 καὶ
1955 3498 2049 3552 τὸν

448 3593 730 3660 πνεύμονα
772 3588 1125 3658 διαφυλάττει
1173 3589 1274 3660 τῆς
1315 3588 1525 3643 τούτων
1580 3588 1807 3660 βλάϐης.
1848 3589 1954 3643 Τὸν
1991 3589 2050 3642 δὲ

447 3682 542 3735 τοῦ
581 3681 1003 3752 διαφράγματος
1041 3681 1218 3752 ὑμένα
1257 3681 1638 3750 περίπεπλον
1669 3681 1922 3751 λέγουσι’
1959 3680 2052 3735 διὰ

447 3772 512 3826 τὸ
550 3773 952 3845 περιειλεῖσθαι
978 3775 1024 3806 ⁸³
1064 3773 1230 3829 αὑτὸν
1269 3775 1385 3838 τοῖς
1431 3774 1789 3846 σπλάγχνοις.
1821 3777 1892 3828 Ἢ
1942 3774 2050 3829 πέ-

449 3872 629 3930 πλον,
659 3868 749 3922 διὰ
779 3869 841 3922 τὸ
871 3866 1261 3936 ὑφαπλοῦσθαι
1291 3867 1357 3899 ⁸³·
1389 3866 1422 3938 ἢ
1453 3866 1648 3933 πάτος
1682 3867 1792 3921 ἀπὸ
1821 3868 1914 3922 τοῦ
1950 3886 2052 3922 πε-

449 3961 681 4031 πῆχθαι,
718 3962 814 4015 καὶ
842 3956 957 4016 οἷον
987 3961 1346 4034 συνεσιρῖχθαι
1367 3978 1382 3992 ·
1418 3961 1499 4015 διὸ
1524 3962 1619 4015 καὶ
1643 3963 1672 4014 ὁ
1701 3961 2052 4033 Καλλίμαχος

450 4054 626 4120 οὕτως
647 4055 775 4128 ἔφη·
808 4057 991 4127 Ἥρης
1037 4058 1232 4128 ἁγνὸν
1253 4058 1629 4128 ὺφηνέμεναι
1653 4057 1797 4128 τῇσι
1820 4060 2056 4131 μέμηλε

451 4145 643 4214 πάτος
664 4146 732 4201 ⁸⁸.
761 4147 883 4202 Είσὶ
899 4148 957 4203 δὲ
981 4151 1126 4203 κατὰ
1157 4151 1346 4221 σχῆμα
1373 4151 1428 4204 αἱ
1451 4150 1693 4220 πλευραὶ
1720 4153 1822 4222 οὐχ
1842 4151 2051 4222 ὄμοιαν

451 4237 570 4292 ἀλλ’
601 4240 657 4292 αἱ
697 4239 798 4310 μὲν
829 4241 1174 4311 ἐπικαμπεῖς
1197 4281 1213 4305 ,
1244 4242 1302 4294 αἱ
1331 4241 1388 4295 δὲ
1420 4241 1785 4295 άνανεύουσαι
1831 4242 1969 4310 πρὸς
1995 4242 2058 4295 τὸ

456 4333 679 4404 στέρνον
701 4350 714 4364 ·
741 4331 802 4385 τὸ
834 4332 988 4396 τέλος
1017 4333 1242 4404 ἔχουσαι
1277 4333 1525 4404 χόνδρον,
1558 4333 1676 4387 ἀλλ’
1711 4333 1815 4388 οὐκ
1842 4333 2055 4388 ὀστοῦν.

454 4424 799 4496 Στρογγὺλαι
832 4426 934 4496 μὲν
967 4426 1122 4480 ἔνθεν
1143 4468 1158 4494 ,
1188 4426 1398 4480 ἐκεῖθεν
1435 4427 1491 4480 δὲ
1542 4427 1825 4480 πλατεῖαν
1858 4428 2061 4480 ἐναπο-

455 4517 678 4572 δέουσαι
712 4518 1139 4589 ἀλλήλαις,’κα“ι
1179 4519 1646 4590 ὲναπομένουσαι.
1693 4518 1961 4592 Είρηνται
2001 4519 2059 4571 δὲ

457 4610 739 4680 πλευραί,
770 4612 856 4665 ὅτι
899 4611 1132 4683 πλήρεις
1177 4611 1286 4665 εἰσὶ
1337 4611 1554 4682 μυελῶν
1603 4609 2056 4683 άναμυχωτοίοῆ

457 4701 570 4758 οἷον
600 4704 925 4776 πολυευραὶ,
952 4705 1029 4769 ὡς
1067 4705 1320 4759 πλατεῖαι
1353 4705 1451 4759 καὶ
1477 4705 1666 4777 χώραν
1707 4704 1914 4774 πολλὴν
1944 4704 2060 4756 δια-

2150 3325 2372 3396 quidem
2407 3323 2520 3387 illa,
2553 3323 2659 3376 alia
2681 3336 2809 3375 vero
2834 3321 2948 3374 haec
2968 3318 3218 3372 habetur.
3247 3313 3473 3385 Septum
3498 3326 3754 3390 namque

2153 3428 2553 3481 transversum,
2584 3430 2646 3468 ea
2707 3429 2832 3483 quae
2862 3413 2914 3466 in
2948 3413 3172 3464 thorace
3203 3418 3352 3471 sunt,
3384 3415 3439 3462 et
3473 3421 3596 3476 quae
3647 3403 3753 3460 sub

2152 3511 2272 3580 ipso
2292 3508 2602 3563 consistunt
2628 3506 2862 3570 viscera,
2897 3501 3266 3565 disterminat,
3291 3505 3346 3554 et
3371 3495 3754 3567 respirationis

2152 3601 2396 3655 ofllcium
2431 3598 2674 3661 exhibet,
2708 3595 2788 3651 uti
2825 3595 2980 3665 prius
3006 3609 3130 3648 cum
3172 3592 3240 3647 de
3263 3591 3351 3646 his
3404 3604 3620 3662 agerem
3657 3603 3755 3642 ex-

2153 3688 2349 3760 plicavi
2388 3705 2404 3754 ;
2442 3688 2611 3742 altera
2642 3701 2771 3742 vero
2800 3693 2983 3739 coslas
3016 3681 3316 3750 subcingit,
3347 3687 3401 3734 et
3440 3678 3754 3748 pulmonem

2155 3780 2455 3850 quominus
2482 3777 2550 3832 ab
2610 3776 2744 3846 ipsis
2791 3773 2912 3829 laedi
2973 3780 3161 3843 queat,
3190 3769 3370 3826 reddit
3411 3775 3750 3836 exemptum.

2156 3872 2317 3928 Enim
2352 3887 2502 3938 vero,
2527 3866 2983 3940 diaphragmatis,
3021 3865 3127 3920 hoc
3151 3873 3232 3919 est
3275 3862 3414 3932 septi
3455 3858 3758 3916 transversi

2159 3967 2560 4026 membranam,
2590 3961 2905 4036 περίπλοον,
2955 3958 3105 4030 quod
3160 3956 3468 4012 visceribus
3516 3951 3760 4007 involva-

2159 4070 2256 4115 ιυιν
2305 4065 2645 4126 nuncupant.
2697 4053 2824 4109 Sive
2883 4051 3082 4124 peplon
3131 4047 3302 4103 διὰτὸ
3352 4043 3758 4118 ὑφαπλοῦσθαι,

2159 4152 2306 4224 quod
2325 4151 2574 4206 videlicet
2601 4147 2704 4217 ipsi
2733 4149 2782 4201 in
2816 4147 2956 4216 pepli
2980 4144 3204 4200 modum
3237 4141 3645 4205 substernatur,
3675 4136 3762 4191 vel

2161 4246 2355 4306 πάτος,
2404 4241 2514 4296 ἀπὸ
2559 4239 2654 4294 τοῦ
2709 4238 3012 4309 πεπῆχθαι.
3043 4236 3140 4290 καὶ
3202 4230 3314 4288 οἷον
3377 4229 3759 4301 συνεσφίχθαι,

2161 4335 2307 4405 quod
2321 4343 2664 4404 compactam
2683 4346 2807 4387 esse
2818 4330 3284 4398 constrictamque
3296 4324 3761 4395 interpretareris.

2164 4427 2238 4483 Ut
2265 4427 2641 4483 Callimachus
2688 4425 2866 4496 inquit
2913 4442 2926 4478 :
2980 4423 3165 4494 ’Ἤρης
3199 4421 3367 4490 ἁγνὸν
3427 4419 3764 4490 ὑφηνέμεναι

2162 4523 2288 4593 τῇσι
2323 4519 2534 4591 μέμηλε
2564 4519 2754 4582 πάτος,
2792 4517 2938 4587 quod
2985 4515 3219 4571 studiosi
3260 4528 3359 4584 pro
3407 4513 3491 4568 sui
3537 4511 3768 4566 arbitrio

2167 4615 2611 4685 interpretentur.
2643 4610 2762 4667 Non
2793 4613 2938 4666 enim
2969 4618 3138 4666 costa:
3173 4608 3344 4681 ﬁgura
3370 4606 3605 4662 invicem
3633 4620 3769 4659 con-

2165 4707 2414 4770 veniunt,
2437 4704 2532 4760 sed
2551 4704 2800 4774 quaedam
2822 4718 3088 4770 recurvae,
3114 4702 3236 4757 aliae
3253 4715 3383 4756 vero
3395 4700 3460 4755 ad
3480 4707 3670 4769 pectus
3687 4698 3771 4752 in-

459 4795 813 4866 κατέχουσαι·
843 4796 877 4868 ἢ
910 4796 1194 4869 πολυωραὶ
1224 4795 1406 4863 οὖσαι,
1443 4798 1520 4860 ὡς
1556 4799 1938 4867 φυλάσσουσαι
1964 4798 2040 4851 κα

2165 4809 2420 4862 nuentes,
2451 4799 2504 4853 in
2534 4797 2936 4867 cartilaginem,
2971 4811 3078 4850 non
3093 4805 3276 4850 autem
3313 4794 3367 4847 in
3395 4808 3458 4848 os
3483 4791 3770 4847 desinunt.

459 4889 817 4962 περιέχουσαι
869 4889 963 4943 τὸν
1009 4890 1318 4961 πνεύμονα,
1369 4892 1470 4961 τὴν
1522 4892 1787 4962 καρδίαν,
1825 4892 1920 4944 καὶ
1957 4891 2040 4959 τὴς

2167 4891 2611 4947 Etextrinseeus
2664 4889 2885 4960 quidem
2943 4890 3216 4953 rotundae,
3267 4887 3605 4942 intrinsecus
3640 4897 3774 4938 vero

458 4982 728 5055 γαστέραο
757 4982 866 5038 ἀπὸ
897 4983 994 5037 τοῦ
1031 4983 1218 5054 ὡρεῖν,
1238 4984 1406 5056 ῆγουν
1442 4985 1764 5052 φυλάττειν⁸
1796 4985 1892 5037 καὶ
1911 5000 2040 5055 κηπ-

2163 4983 2289 5038 lat:e
2318 4987 2506 5053 ﬁgura:
2553 4991 2705 5044 sunt,
2758 4997 2810 5039 et
2839 4983 3179 5046 deﬁcientes,
3222 4996 3287 5035 ac
3321 4979 3488 5034 veluti
3518 4993 3642 5033 sese
3672 4992 3773 5029 ex-

473 5077 638 5147 ωρὺς,
680 5079 776 5131 καὶ
805 5077 1056 5150 θυρωρὸς
1087 5076 1148 5143 ἐξ
1181 5078 1374 5132 αὑτοῦ*
1406 5077 1483 5141 ὡς
1515 5077 1611 5130 καὶ
1652 5078 1922 5139 Ἡσίοδοςο

2165 5078 2848 5145 spectantes,cousistunt.
2876 5077 2934 5130 In
2963 5090 3155 5131 earnm
3182 5089 3312 5128 vero
3335 5085 3590 5142 suprema
3622 5076 3776 5138 parte

460 5173 720 5237 medulla,
774 5187 883 5226 non
951 5180 1134 5227 autem
1171 5171 1227 5227 in
1283 5171 1475 5226 intima
1546 5170 1762 5226 visitur.
1793 5169 1902 5225 llas
1969 5169 2040 5222 πλ

2144 5167 2217 5234 ὰς
2277 5169 2350 5225 ob
2397 5170 2450 5225 id
2486 5171 2762 5235 dictitant,
2797 5165 2910 5225 οἷον
2967 5168 3293 5240 πολυευρὰς,
3347 5166 3439 5221 καὶ
3485 5161 3767 5224 πλατείας,

459 5270 608 5340 quod
676 5270 730 5324 in
772 5270 1066 5341 plurimam
1108 5269 1453 5325 latitudinem
1497 5277 1804 5338 porrectas,
1835 5282 1900 5322 ac
1927 5267 2159 5321 multum
2197 5266 2304 5321 loci
2339 5277 2673 5337 occupantes
2703 5276 2852 5322 recte
2883 5267 3107 5321 dixeris.
3135 5265 3263 5319 Sive
3301 5260 3583 5331 πυλεωραὶ
3617 5252 3774 5311 οὖσαι

461 5368 571 5420 ἀπὸ
593 5366 688 5420 τοῦ
705 5367 891 5438 ὼρεῖν,
918 5368 1011 5421 καλ⁹
1049 5366 1361 5438 φυλάττειν,
1403 5365 1549 5434 quod
1606 5364 1900 5420 terminare
1929 5379 1995 5419 ac
2033 5384 2040 5414 ι

2144 5364 2311 5419 todire
2337 5363 2575 5429 diceres,
2632 5365 2892 5433 quoniam
2933 5365 3062 5418 dum
3096 5364 3410 5432 pulmonem
3462 5365 3516 5413 et
3562 5371 3679 5417 cor,
3711 5369 3777 5409 ac

465 5455 569 5509 nlvi
610 5456 744 5512 lines
787 5465 1030 5524 servant,
1103 5455 1210 5526 91
1246 5455 1704 5525 custodiamque,
1750 5469 1940 5511 eorum
1995 5453 2347 5509 excubitores
2420 5468 2486 5510 ac
2539 5455 2722 5510 aeditui
2765 5455 3065 5521 habentur;
3100 5463 3157 5507 ut
3201 5449 3474 5507 Hesiodus
3528 5447 3595 5504 de
3630 5456 3775 5502 terra

465 5547 645 5620 inquit
669 5567 683 5603 :

539 5751 585 5786 ³³
606 5753 946 5825 διήρθρωται
974 5753 1018 5807 Β
1057 5751 1120 5808 C.
1202 5753 1245 5786 ⁸⁵
1283 5753 1668 5824 συνήρθρωται
1701 5754 1742 5805 Β
1772 5753 1833 5810 C.
1913 5755 1956 5788 ³⁸
1987 5749 2411 5825 πασηπλευρὰς
2456 5749 2497 5805 Β
2645 5747 2719 5825 ,³⁷
2767 5740 3286 5825 συναριθμουμένας
3327 5741 3390 5794 Β·
3463 5737 3776 5825 ³⁸,ταρτσὶις

468 5823 526 5877 δὲ
549 5811 785 5888 τικῖςῖὂ.⁸
813 5825 1198 5898 ξ’φρενιτιᾷν
1318 5825 1380 5898 PA.
1405 5811 1438 5824 ”
1462 5811 1509 5898 ἥδ
1527 5825 1689 5889 ἄλλος
1714 5827 1774 5880 Β.
1865 5827 1905 5857 ¹⁶¹
1941 5825 2102 5888 ἄλλος
2275 5811 2732 5898 δί-περιε-ιλῆσθαι
2758 5817 2881 5898 _B."
2909 5811 2954 5847 “
2981 5811 3101 5887 qua:
3119 5811 3244 5886 ’δρψ
3270 5827 3442 5883 usque
3465 5811 3532 5867 ad
3557 5811 3774 5884 μέμηλε

474 5885 776 5961 natm-nm.
810 5896 851 5950 Β
878 5885 966 5953 (ΣΪ
1023 5895 1068 5929 δ”
1096 5885 1224 5966 ῆρις
1253 5895 1318 5951 ἂν
1349 5885 1813 5970 ὑιρηέμεναίτῇςι
1856 5898 2040 5966 μέμηλ

2144 5896 2279 5960 τάτος
2326 5885 2444 5949 Lat'.
2477 5885 2632 5950 Vcrs.
2667 5890 2792 5945 add.
2841 5885 2932 5943 Fr.
