4138 6462
419 437 560 495 1211
1709 431 1993 488 ειειειίι

2118 426 2346 485 »ΝΑοιιι
3556 422 3705 478 ΙΞΞἹ

488 551 675 628 ξείνια
714 551 922 628 quidem
968 551 1149 628 tellus,
1207 552 1522 628 postipsarn
1569 551 1797 628 stelliger
1862 553 2006 606 orbis

2118 549 2264 628 ςᾳῒιι
2284 546 2351 628 δέ
2374 564 2463 628 τοι
2494 546 2734 628 πρῶτον
2753 543 2873 628 μὲν
2895 542 3164 628 ardvus?
3198 541 3339 628 ἴσον
3367 540 3559 628 ἑαυτῇ

485 622 674 677 Cretas
701 613 791 676 {ut
813 622 948 677 hanc
966 613 1194 679 mediam
1207 613 1605 691 'coutprenderet
1640 613 1999 677 ordiuecerto.

2118 619 2389 689 Οὐρανὸν
2416 613 2813 685 ἀστερόεντα·
2850 614 2953 667 ἵνα
2974 631 3084 685 μιν
3108 613 3315 755 διρεεξρι
3350 613 3552 755 uiis-ta
3588 629 3706 667 κιτρ-

3007 733 3026 751 ,
3223 699 3384 751 vam
3478 722 3496 739 .

416 796 486 852 Et
529 798 750 869 quidem
792 796 1273 868 comprehendere,
1308 812 1405 867 pro
1447 813 1513 851 eo
1551 797 1698 867 quod
1729 798 2005 853 custodire

2118 804 2215 859 Καὶ
2248 802 2311 858 τὸ
2345 801 2627 872 περιέχειν
2662 800 2719 855 δὲ
2762 799 2897 854 αὐτὸ
2913 798 2960 833 ⁸⁸
3002 799 3068 852 ὲκ
3104 799 3201 852 τοῦ
3234 798 3567 867 φυλάττειν’
3594 799 3702 866 ’ος

417 889 652 953 diceres,
677 890 912 960 positum
971 897 1097 952 est,
1145 898 1205 942 ut
1254 890 1385 943 illud
1424 907 1439 944 :
1478 889 1764 946 Arboribus
1820 890 2002 945 multis

2118 912 2204 957 μοι
2237 893 2439 961 κῆπον
2470 892 2595 961 ἔχει
2624 889 3076 958 πολυδένδρεον
3114 890 3219 958 (ιι).
3253 889 3328 941 Τὸ
3367 889 3479 959 γὰρ
3511 887 3625 960 ἔχει
3654 890 3704 924 ⁸⁷

417 981 606 1034 hortus
633 982 763 1037 mihi
796 982 1026 1035 consitus
1046 989 1241 1036 exstat.
1258 982 1323 1034 Et
1340 980 1507 1034 illud:
1536 979 1603 1033 Ει
1623 982 1795 1049 ipsum
1819 981 2003 1052 longas

2118 986 2227 1039 ὶνιιθι
2241 983 2337 1037 τοῦ
2362 984 2655 1053 φυλάττειν
2681 983 2881 1035 κεῖ-ταν
2903 982 3000 1035 καὶ
3022 980 3115 1045 τὸ,
3129 982 3297 1048 Ἔχει
3320 978 3389 1033 δέ
3409 997 3474 1033 τε
3492 981 3705 1046 κίονας

419 1075 693 1128 columnas
739 1077 1011 1137 continet;
1057 1082 1111 1129 et
1154 1073 1209 1130 in
1260 1075 1346 1129 his
1388 1073 1555 1144 ἔχειν,
1589 1090 1688 1144 pro
1738 1074 2007 1129 continere

422 1166 660 1232 positum
696 1172 799 1220 est.
842 1164 955 1219 Hoc
1003 1165 1190 1236 itaque
1245 1181 1355 1236 quo
1392 1167 1788 1235 explicavimus
1820 1165 2004 1228 modo.

421 1257 598 1325 spina,
627 1265 815 1327 pectus
838 1297 855 1323 ,
883 1267 938 1312 et
976 1268 1145 1314 costae
1189 1258 1353 1313 simul
1386 1259 1649 1328 colligata:
1678 1257 2012 1313 coarticula~

421 1358 596 1418 neque
626 1358 776 1413 sunt,
808 1365 918 1419 quo
950 1350 1079 1405 dum
1114 1350 1216 1405 illa:
1248 1350 1551 1406 harmoniis
1609 1350 1840 1408 invicem
1869 1363 2008 1404 eou-

420 1436 666 1502 veniunl,
720 1453 842 1501 nos,
898 1438 966 1493 ad
1006 1447 1209 1503 motus,
1269 1438 1482 1506 ﬂexus,
1537 1454 1910 1509 progressus,
1956 1447 2012 1499 et

422 1542 729 1598 regressus,
773 1537 887 1584 tum
934 1530 1002 1584 ad
1047 1531 1392 1591 moderatum
1432 1530 1733 1596 incessum,
1784 1546 2014 1587 cursus-

421 1634 528 1686 que
570 1619 896 1685 concitatos,
954 1635 1166 1676 necnon
1207 1620 1275 1675 ad
1321 1621 1646 1684 sessionem,
1699 1627 1752 1674 et
1786 1620 1853 1673 ad
1890 1634 2012 1673 mo-

420 1718 561 1773 tum,
595 1712 690 1781 qui
730 1728 855 1766 cum
900 1712 1132 1782 impetu,
1181 1713 1266 1768 vel
1319 1721 1439 1768 arte
1467 1714 1547 1777 Iit,
1583 1712 1800 1783 aliaque
1830 1710 2014 1780 hujus-

424 1804 569 1858 modi
615 1803 861 1859 suilicere
905 1804 1208 1859 valeamus.
1253 1803 1366 1858 Soli
1401 1812 1582 1858 autem
1616 1802 1823 1857 homini
1849 1818 2010 1856 crura

424 1892 492 1949 ad
541 1893 682 1948 duos
717 1903 894 1949 rectos
952 1894 1185 1964 angulos
1225 1893 1443 1949 ﬂectere
1498 1908 1679 1963 posse,
1730 1893 1796 1946 ad
1848 1907 2015 1946 coxas

2106 1074 2294 1140 αὐτὸς
2324 1076 2400 1137 (υ)
2443 1070 2715 1142 μακράςο
2758 1071 2853 1123 καὶ
2903 1069 3066 1123 τοῦτο
3108 1070 3232 1123 ἀντὶ
3282 1068 3380 1121 τοῦ
3431 1069 3700 1139 περιέχει.

2109 1164 2299 1227 οὕτως
2332 1164 2435 1234 μὲν
2471 1159 2567 1217 οὖν
2595 1166 2627 1233 ἡ
2663 1163 2819 1234 ῥάχις
2853 1161 2933 1230 τῷ
2969 1160 3180 1231 στέρικρ
3201 1202 3216 1225 ,
3249 1161 3345 1214 καὶ
3374 1160 3433 1212 al
3463 1158 3703 1229 πλευραὶ

2111 1256 2455 1309 συνδέδενται
2495 1256 2592 1308 καὶ
2623 1252 3060 1325 συνήρθρωνται,
3094 1252 3182 1304 ἵνα
3223 1250 3362 1323 πρός
3392 1268 3451 1304 τε
3481 1252 3705 1321 κίνησιν

2112 1348 2206 1400 καὶ
2234 1347 2470 1417 κάμψιν,
2502 1346 2598 1399 καὶ
2622 1343 3101 1414 άντανακλασμῦν,
3131 1344 3226 1397 καὶ
3261 1342 3518 1395 σύντονον
3549 1342 3702 1411 βάδι-

2113 1455 2221 1502 σιν,
2251 1440 2349 1493 καὶ
2385 1439 2608 1511 δρόμον,
2638 1437 2735 1491 καὶ
2756 1435 3004 1505 κάθισμα
3053 1434 3284 1504 ἄλληλαι
3327 1434 3591 1505 ἀλλήλαις
3640 1433 3700 1485 αι

2111 1529 2374 1600 ἁρμονίαι
2424 1530 2797 1600 συνέρχωνται
2825 1529 2896 1562 ⁸⁸⁸
2929 1528 3026 1582 καὶ
3053 1526 3151 1597 τὴν
3185 1526 3309 1580 καθ’
3339 1526 3518 1598 ὁρμὴν
3546 1525 3703 1596 κίνη-

2116 1639 2223 1685 σιν,
2249 1624 2347 1675 καὶ
2376 1620 2935 1691 ὲπιτετεχνασμένην,
2966 1620 3207 1672 ἐκτελεῖν
3234 1618 3539 1687 δυνάμεθα.
3586 1616 3703 1670 Mos

2114 1730 2205 1776 νος
2238 1712 2347 1785 γὰρ
2379 1712 2672 1784 ἄνθρωπος
2694 1710 2741 1743 ⁸⁹
2758 1710 2897 1782 πρὸς
2932 1709 3027 1763 δύο
3043 1707 3245 1777 γωνίας
3263 1707 3429 1779 ὀρθὰς
3458 1709 3711 1775 κάμπτει

2113 1805 2181 1857 τὰ
2207 1806 2371 1875 σκέλη
2399 1843 2415 1867 ,
2458 1804 2601 1861 κατά
2645 1820 2703 1856 τε
2727 1803 2791 1859 τὸ
2820 1802 2991 1872 ἰσχίον
3027 1801 3121 1855 καὶ
3151 1799 3251 1872 τὴν
3279 1800 3449 1870 ἰγνύν·
3476 1801 3575 1872 τὴν
3606 1801 3713 1870 μὲν

2117 1897 2210 1951 ἐπὶ
2230 1898 2300 1952 τὰ
2324 1897 2493 1960 ἔνδον,
2522 1897 2620 1969 τὴν
2644 1896 2701 1950 δὲ
2728 1896 2823 1950 ἐπὶ
2850 1897 2922 1949 τὰ
2950 1895 3073 1960 ἔξω.

421 1983 692 2047 videlicet,
747 1999 811 2039 ac
880 1983 1060 2038 locum
1128 1983 1221 2054 qui
1278 1983 1509 2053 genibus
1577 1982 1877 2055 oppositus,
1914 1991 1999 2036 est
2041 1996 2238 2043 natura
2275 1989 2502 2056 tribuit;
2534 1998 2590 2044 et
2615 1985 2620 1990 “
2650 2003 2777 2059 purs
2821 2004 2945 2057 quae
2970 1988 3040 2043 ad
3068 2004 3241 2061 genua
3284 1996 3369 2042 est
3394 2030 3408 2054 ,
3443 1987 3509 2041 ad
3536 1987 3713 2041 inter-

423 2075 562 2141 iora;
580 2091 702 2145 quze
727 2090 854 2128 vero
870 2075 935 2130 ad
955 2091 1123 2131 coxas
1146 2076 1341 2147 vergit,
1358 2075 1423 2130 ad
1442 2076 1713 2129 exteriora
1735 2073 1991 2130 ﬂectitur.

579 2190 713 2259 Cap.
758 2188 1069 2247 XVLXVII.
1104 2221 1176 2233 —
1203 2191 1282 2246 De
1309 2192 1559 2262 pulmone
1585 2200 1635 2247 et
1663 2192 1841 2246 corde.

493 2302 763 2371 Quoniam
816 2305 982 2375 igitur
1013 2321 1043 2361 ε
1085 2306 1309 2361 thorace
1357 2315 1471 2363 tum
1507 2322 1635 2371 cor,
1674 2315 1789 2362 tum
1828 2306 2015 2376 pulmo

420 2397 965 2466 comprehenduntur
994 2436 1009 2462 ,
1067 2397 1275 2454 idcirco
1308 2440 1322 2464 ,
1378 2414 1619 2469 quonam
1685 2410 1843 2469 pacto
1898 2399 2014 2454 haec

422 2490 478 2543 iu
525 2490 642 2560 ipso
689 2490 834 2546 intus
878 2490 1206 2556 consistant,
1237 2491 1673 2547 consideremus.
1710 2493 1822 2547 Cor
1856 2507 2013 2547 nam-

421 2598 529 2653 que
569 2599 599 2638 a
641 2583 900 2653 pulmone
947 2582 1464 2652 comprehenditur,
1509 2592 1563 2639 et
1605 2585 1785 2654 ipsum
1825 2585 2012 2655 pulmo

421 2676 837 2747 quodammodo
903 2675 1083 2742 velat,
1129 2675 1402 2746 siquidem
1467 2676 1779 2745 pulmonem
1835 2678 2014 2747 ipsum

429 2768 650 2824 arteriis
702 2766 1066 2836 plurimisque
1094 2767 1366 2825 meatibus
1394 2766 1656 2825 refertum
1698 2783 1811 2838 quo
1844 2769 2018 2839 respi-

429 2855 587 2909 randi
638 2854 824 2910 olticio
872 2853 1169 2920 sufﬁceret,
1217 2863 1414 2909 natura
1453 2858 1760 2912 constituit.
1798 2857 1903 2912 Sed
1962 2866 2018 2912 et

428 2948 609 3001 tennis
664 2946 910 3016 levisque
946 2985 963 3012 ,
1010 2960 1076 2999 ac
1117 2945 1277 3001 laxus
1330 2946 1497 3016 bnjus
1555 2948 1729 3017 gratia
1786 2949 2020 3004 habetur

425 3040 637 3110 pulmo,
686 3040 763 3092 uti
805 3053 1004 3108 purum
1064 3052 1248 3093 aerem
1294 3038 1585 3092 admittere
1616 3047 1804 3109 queat,
1857 3050 2019 3111 atque

427 3130 658 3184 insitum
688 3129 784 3199 qni
812 3131 865 3183 in
894 3128 1062 3184 corde
1089 3137 1176 3183 est
1196 3129 1436 3184 calorem
1464 3130 1688 3191 excitet,
1714 3145 2019 3201 rursusque

426 3223 546 3293 ejus
576 3221 789 3279 fumosa
814 3231 1167 3278 excrementa
1196 3232 1352 3278 extra
1382 3222 1614 3277 emittat.
1638 3221 1774 3278 Nam
1806 3225 2019 3294 pulmo,

425 3328 554 3368 cum
605 3329 673 3369 ex
716 3322 956 3384 quatuor
1011 3314 1340 3383 quibusdam
1398 3316 1736 3371 constitutus
1788 3316 1881 3384 sit,
1917 3333 2017 3373 ceu

427 3415 633 3461 textum
679 3406 956 3477 quoddam
1008 3416 1130 3473 est;
1175 3407 1293 3477 ipse
1336 3422 1574 3478 namque
1603 3423 1671 3463 ex
1703 3424 1898 3479 aspera
1930 3425 2021 3464 ar-

429 3499 563 3554 teria
616 3500 864 3574 laevique,
918 3513 1133 3553 necnon
1171 3513 1310 3554 vena
1362 3514 1552 3554 crassa
1584 3543 1599 3567 ,
1642 3508 1699 3555 et
1758 3516 2016 3570 spumosa

429 3606 598 3647 carne
635 3607 758 3662 quae
790 3590 912 3661 ejus
959 3591 1253 3660 peculiaris
1302 3591 1557 3658 habetur,
1605 3602 1843 3648 constat.
1894 3592 2021 3649 Haec

428 3685 573 3738 enim
610 3700 759 3747 caro,
789 3684 965 3754 spatia
994 3683 1112 3754 ipsa
1153 3692 1383 3739 textura:
1411 3685 1689 3754 pulmonis
1738 3687 1803 3740 ad
1833 3689 2023 3742 stmbte

429 3774 615 3831 herba:
644 3777 1062 3833 similitudinem
1102 3775 1281 3831 media
1311 3776 1522 3845 implet.
1552 3777 1687 3833 Cum
1716 3779 1858 3833 inter
1883 3780 2023 3835 duas

432 3871 686 3934 arterias,
752 3884 1064 3941 venamque
1121 3869 1296 3937 ipsam
1340 3883 1435 3923 cor
1484 3869 1649 3924 situm
1707 3872 1888 3926 medio
1939 3873 2021 3926 sui

432 3969 881 4043 comprehendat,
926 3969 1155 4041 spiritus
1181 3967 1520 4025 admissione
1563 3969 1672 4041 92
1719 3972 1895 4042 ipsum
1930 3987 2027 4027 cor

434 4061 621 4132 pulmo
667 4059 982 4127 refocillat,
1050 4064 1212 4132 eique
1269 4061 1516 4118 solamen
1566 4060 1742 4115 aﬂert.
1798 4060 1865 4115 Et
1924 4061 2027 4117 hac

433 4150 654 4221 quidem
713 4154 780 4208 de
831 4169 997 4209 causa
1051 4155 1239 4226 pulmo
1284 4154 1399 4224 ipse
1483 4155 1742 4224 πνεύμων
1780 4153 2024 4218 dicitur,

434 4244 746 4317 ὄτιδοχεῖον
779 4248 1016 4319 ὑπάρχει
1067 4246 1161 4302 τοῦ
1194 4248 1527 4319 πνεύματος,
1577 4246 1725 4317 quod
1776 4246 2029 4301 videlicet

435 4338 661 4409 spiritus
693 4342 1144 4411 conceptaculum
1186 4342 1291 4407 sit,
1326 4341 1579 4411 quodque
1613 4356 1724 4410 pra:
1755 4341 1843 4395 sui
1883 4343 2026 4396 reci-

436 4430 770 4499 procatione,
824 4440 1008 4501 partes
1059 4446 1184 4502 qua:
1234 4430 1383 4485 intus
1444 4438 1575 4485 sunt
1612 4429 1907 4492 demulcet,
1959 4443 2027 4484 ac

436 4523 681 4580 fumosus
741 4525 1122 4579 exhalationes
1184 4531 1337 4579 extra
1385 4523 1737 4593 eiaculatur,
1792 4533 1848 4576 et
1914 4523 2032 4591 ipse

435 4616 653 4689 quidem
711 4616 834 4686 puri
883 4615 1168 4684 sanguinis
1209 4616 1527 4669 alimentum
1580 4616 1852 4669 desumet.
1893 4611 2033 4668 San-

438 4708 564 4780 guis
606 4718 790 4762 autem
826 4722 938 4779 quo
992 4707 1110 4776 ipse
1155 4705 1341 4770 alitur,
1374 4706 1428 4759 in
1469 4704 1657 4759 dextra
1696 4704 1836 4759 uteri
1877 4712 2032 4774 parte

437 4796 797 4868 concoquitur
856 4804 1241 4864 tenuaturque.
1276 4792 1436 4860 Nam,
1496 4808 1621 4848 cum
1683 4793 1927 4864 fungosae
1968 4809 2033 4853 ac

2037 2187 2081 2246 Β
2108 2193 2250 2263 Κεφ.
2264 2193 2701 2262 ῐφ-ΙΖ¹.-Περί
2718 2193 2826 2248 τοῦ
2845 2194 3184 2261 πνεύμονος
3198 2190 3298 2247 καὶ
3314 2190 3423 2261 τῆς
3438 2192 3711 2260 καρδίας.

2200 2306 2357 2359 Ἐπεὶ
2386 2302 2482 2360 οὖν
2506 2308 2537 2360 ό
2563 2304 2751 2377 θώραξ
2778 2306 3142 2377 συμπεριέχει
3171 2307 3262 2359 τὸν
3294 2304 3576 2374 πνεύμονα
3614 2306 3724 2360 καὶ

2114 2400 2218 2471 τὴν
2248 2399 2482 2471 καρδίαν
2505 2439 2521 2464 ,
2568 2398 2903 2469 σκεψώμεθα
2945 2400 3044 2454 καὶ
3075 2399 3152 2464 ὡς
3187 2398 3360 2453 ταῦτα
3407 2399 3711 2456 διάκειται.

2116 2492 2222 2546 Τοῦ
2250 2493 2504 2564 θώρακος
2537 2492 2745 2547 ἔσωθεν
2780 2495 2808 2547 ὁ
2851 2493 3108 2563 πνεύμων
3140 2494 3325 2558 ἐστὶν,
3357 2495 3717 2565 ἐμπεριέχιυν

2115 2586 2217 2655 τὴν
2243 2585 2495 2656 καρδίαν,
2524 2587 2619 2640 καὶ
2650 2580 2763 2639 οἷον
2797 2585 3191 2640 ἐπικαλύπτων
3229 2587 3431 2654 αὐτήν.
3456 2585 3616 2639 Ἐστι
3646 2585 3721 2639 δὲ

2115 2675 2464 2746 ἀρτηριώδης
2502 2675 2600 2729 καὶ
2638 2674 2952 2747 πολύπυρος
2974 2692 2986 2707 ·
3024 2677 3132 2730 ὑπὸ
3168 2677 3271 2746 τῆς
3326 2675 3546 2745 φύσεως
3576 2693 3715 2730 κατ-

2116 2766 2529 2837 εσκευασμένος
2573 2766 2712 2836 πρὸς
2765 2765 2865 2837 τὴν
2915 2767 3202 2838 ἐνέργειαν
3253 2767 3358 2837 τῆς
3404 2768 3715 2836 ἀναπνοῆς.Δ

2115 2856 2333 2921 Λεπτὸς
2363 2856 2466 2910 καὶ
2514 2856 2756 2926 κοῦφος,
2797 2857 2896 2910 καὶ
2936 2856 3135 2926 μανὸς,
3181 2856 3320 2927 πρὸς
3350 2856 3414 2910 τὸ
3461 2856 3719 2925 εἰσάγειν

2117 2945 2358 3017 καθαρὸν
2388 2947 2546 3018 ἀέρα,
2578 2949 2673 3001 καὶ
2698 2946 2949 3019 ῥιπίζειν
2966 2946 3029 3000 τδ
3047 2947 3295 3018 ἔμφυτον
3323 2946 3527 3017 θερμὸν
3557 2949 3617 2999 ὲν
3639 2950 3713 3017 τῇ

2119 3038 2318 3108 καρδία
2338 3039 2408 3071 ’θ’
2448 3038 2666 3107 ἐξάγειν
2710 3038 2769 3092 δὲ
2822 3038 2990 3102 πάλιν
3014 3040 3065 3073 ⁵⁵
3094 3040 3164 3092 τά
3215 3038 3486 3111 λιγνυώδη
3539 3039 3721 3108 αὐτῆς

2120 3128 2537 3201 περιττώματα.
2558 3131 2673 3184 Καὶ
2692 3131 2802 3203 γὰρ
2818 3125 2934 3185 οἷον
2959 3131 3183 3202 πλέγμα
3205 3132 3402 3186 ὲστὶνὸ
3425 3130 3720 3202 πνεύμων*

2121 3221 2481 3291 συγκείμενον
2513 3221 2580 3273 ὲκ
2638 3222 2948 3291 τεσσάρωψ
2982 3223 3047 3275 ὲκ
3094 3220 3197 3292 τῆς
3236 3220 3499 3293 τραχείας
3541 3222 3718 3292 ἀρτη-

2124 3313 2268 3386 ρίας,
2294 3314 2391 3368 καὶ
2418 3316 2484 3367 ὲκ
2513 3313 2615 3385 τῆς
2644 3313 2823 3382 λείας,
2851 3315 2946 3368 καὶ
2969 3313 3169 3384 φλεϐὸς
3195 3314 3466 3385 παχείας,
3493 3315 3587 3367 καὶ
3614 3314 3719 3382 τῆς

2122 3405 2326 3478 σαρκὸς
2371 3405 2545 3477 αὐτῆς
2576 3407 2864 3477 ἀφρὼδους
2894 3408 2964 3461 ⁸⁸.
3014 3406 3179 3471 "litt;
3224 3406 3365 3476 σὰρξ
3403 3406 3721 3477 ἀναπληροῖ

2120 3500 2281 3571 δίκην
2320 3500 2545 3569 στοι6ἦς
2591 3501 2689 3564 τὰς
2739 3500 2945 3570 μεταξὺ
2990 3498 3174 3569 χώρας
3224 3497 3321 3553 τοῦ
3375 3499 3711 3569 πλέγματος.

2121 3592 2233 3647 τῶν
2260 3609 2321 3645 τε
2366 3592 2463 3646 δύο
2493 3592 2776 3664 ἀρτηριῶν
2807 3595 2903 3645 καὶ
2933 3590 3044 3644 τῶν
3095 3590 3310 3659 φλεϐῶν
3339 3591 3408 3624 ⁸³·
3446 3592 3613 3661 μέσον
3654 3588 3723 3649 δὲ

2124 3685 2295 3740 αὐτοῦ
2324 3686 2423 3757 τὴν
2455 3686 2686 3757 καρδίαν
2709 3684 3157 3765 περιλαμϐάνων,
3187 3683 3483 3755 περιψύχει
3504 3683 3595 3765 διὰ
3613 3682 3722 3753 τῆς

2125 3779 2419 3848 είσπνοῆς,
2451 3779 2549 3830 καὶ
2590 3779 3010 3848 παραμυθεῖται
3048 3777 3242 3846 αὐτὴν.
3275 3774 3379 3837 Διὰ
3413 3775 3523 3845 γὰρ
3554 3773 3729 3827 τοῦτο

2126 3872 2221 3923 καὶ
2249 3870 2512 3940 πνεύμων
2564 3869 2795 3941 ἐκλήθη,
2838 3872 2921 3923 ὅτι
2966 3867 3063 3921 καὶ
3092 3867 3301 3939 δοχείον
3341 3867 3577 3937 ὑπάρχει
3615 3864 3726 3919 τοῦ

2128 3960 2465 4031 πνεύματοςο
2497 3961 2591 4013 καὶ
2632 3961 2716 4014 ὅτι
2751 3962 2816 4031 τῇ
2863 3957 3231 4017 καταπνεύσει
3265 3956 3433 4011 αὑτοῦ
3462 3954 3625 4026 ψύχει
3648 3955 3726 4010 τὰ

2127 4053 2362 4107 ἔνδοθεν·
2392 4052 2487 4108 καὶ
2512 4051 2582 4106 τὰ
2610 4051 2885 4122 λιγνυώδη
2920 4051 3320 4121 περιττώματα
3342 4049 3543 4116 ἔξωθεν
3578 4050 3725 4101 ἁπο-

2128 4147 2327 4218 κρίνει.
2355 4146 2633 4218 Τρέφεται
2656 4145 2715 4199 δὲ
2738 4145 2836 4198 καὶ
2862 4143 3027 4208 αὐτὸς
3052 4143 3157 4198 ὑπὸ
3182 4142 3419 4213 αἵματος
3445 4139 3722 4211 καθαροῦ

2126 4237 2289 4293 τοῦτο
2315 4239 2373 4292 δὲ
2394 4238 2456 4291 τὸ
2479 4238 2679 4307 τρέφον
2708 4236 2874 4290 αὐτὸν
2904 4229 3044 4305 αἷμα
3068 4238 3149 4299 είς
3176 4234 3275 4307 τὴν
3297 4233 3480 4299 δεξιὰν
3506 4232 3726 4287 κοιλίαν

2126 4335 2228 4403 τῆς
2275 4330 2506 4403 καρδίας
2552 4328 2924 4401 προπέττεται
2950 4328 2997 4360 ⁵⁵
3039 4328 3135 4381 καὶ
3181 4325 3526 4379 λεπτύνεται.
3571 4324 3725 4391 Σομ-

2130 4423 2342 4495 φώδυυς
2367 4422 2479 4494 γὰρ
2508 4424 2605 4477 καὶ⁸
2640 4421 2848 4491 λεπτῆς
2877 4418 2954 4473 ὣν
2986 4418 3198 4482 οὐσίας,
3231 4416 3338 4471 ὑπὸ
3374 4414 3576 4470 λεπτοῦ
3619 4414 3725 4468 καὶ

2131 4517 2523 4590 καθαρωτέρου
2550 4516 2786 4585 αἵματος
2814 4513 3097 4583 τρέφεται.
3124 4511 3243 4573 Οὐκ
3270 4509 3495 4563 ἐδύνατο
3523 4508 3582 4561 δὲ
3619 4499 3724 4567 οὗ·

2130 4627 2226 4675 τος
2272 4611 2333 4663 τὸ
2366 4609 2515 4678 παχὺ
2561 4601 2703 4677 αἷμα
2746 4604 2938 4676 πέψαι,
2995 4603 3091 4656 καὶ
3145 4603 3226 4666 είς
3267 4600 3476 4655 οἰκείαν
3511 4599 3727 4673 τροφὴν

2132 4700 2434 4754 ἀναλῶσαιο
2466 4698 2557 4751 διὰ
2585 4700 2647 4750 τὸ
2674 4697 2936 4767 ἀκίνητον
2963 4692 3154 4755 αὑτοῦ,
3184 4693 3282 4748 καὶ
3315 4693 3411 4756 τὰς
3438 4690 3575 4761 πρὸς
3595 4691 3729 4755 ἁνα-

2134 4790 2304 4862 πνοὴν
2352 4790 2641 4862 ἀσχολίας·
2674 4788 2763 4842 διὰ
2807 4787 2967 4841 τοῦτο
3010 4788 3130 4840 ἐκεῖ
3165 4784 3570 4855 λεπτυνόμενον
3623 4783 3728 4849 καὶ

437 4891 736 4963 praetenuis
764 4889 1088 4946 substantiae
1113 4888 1299 4961 pulmo
1324 4888 1612 4959 habeatur,
1647 4897 1707 4943 ut
1745 4889 2018 4960 purissimi

2130 4882 2559 4953 καθαιρόμενον,
2589 4881 2810 4948 πρῶτον
2834 4880 3026 4950 τρέφει
3057 4877 3223 4931 αὑτὸν
3247 4878 3388 4949 μετὰ
3418 4879 3518 4949 τῆς
3540 4874 3727 4946 ἀερώ-

438 4981 899 5051 subtilissimique
920 4980 1206 5053 sanguinis
1233 4979 1553 5034 alimentum
1581 4980 1761 5048 capiat
1791 4991 2026 5050 oportet.

2134 4977 2258 5045 δους
2285 4975 2495 5038 οὐσίας,
2525 4973 2623 5027 καὶ
2651 4967 2765 5027 οἷον
2797 4970 3214 5042 καθαρωτέρας.

437 5075 556 5133 Non
589 5079 734 5133 enim
763 5078 926 5132 aliter
966 5076 1084 5147 ipse
1110 5090 1361 5131 crassum
1404 5089 1749 5146 concoquere
1799 5077 2235 5147 sanguinem,ac
2259 5072 2315 5126 in
2375 5070 2463 5127 sui
2524 5069 2846 5123 alimentum
2901 5067 3211 5131 absumere,
3235 5077 3361 5117 cum
3426 5056 3731 5115 immobilis

439 5170 532 5237 sit,
563 5186 629 5227 ac
656 5166 1002 5239 respirationi
1036 5174 1213 5230 vacet,
1233 5165 1546 5220 facultatem
1575 5166 1873 5235 obtineret;
1903 5167 2006 5223 hac
2038 5165 2106 5220 de
2132 5179 2316 5225 causa,
2386 5161 2522 5216 inibi
2561 5168 2623 5214 ut
2668 5158 2912 5213 diximus
2969 5163 3246 5220 tenuatus,
3291 5163 3457 5224 atque
3502 5153 3559 5206 in
3618 5166 3731 5222 pu-

441 5262 641 5317 riorem
678 5271 927 5316 naturam
978 5258 1232 5313 redactus
1262 5256 1509 5327 sanguis,
1540 5272 1648 5312 non
1679 5259 1797 5314 sine
1848 5258 2143 5335 purissima
2170 5270 2330 5309 aerea
2361 5251 2668 5308 substantia
2692 5251 2866 5305 eidem
2896 5248 3217 5311 alimentum
3265 5246 3599 5314 impertitnr.

505 5354 787 5428 Siquidem
813 5352 1090 5425 pulmonis
1110 5359 1304 5406 natura
1332 5352 1469 5407 adeo
1491 5352 2030 5422 passiouibusobno-

444 5446 533 5501 xia
561 5456 664 5512 est,
696 5456 754 5501 ut
780 5460 811 5500 a
845 5444 1078 5499 minimo
1109 5442 1307 5512 quovis
1350 5439 1555 5511 frigore
1602 5442 1855 5515 maloque
1893 5451 2031 5499 tem-

549 5607 597 5679 ιε
636 5607 711 5679 μὴ
743 5609 787 5660 Β
810 5610 874 5663 Ρ,
982 5609 1029 5641 σε
1068 5609 1163 5679 καὶ
1198 5605 1330 5679 αὐτὸ
1362 5605 1421 5660 Β.
1470 5602 1548 5640 ’⁴⁷
1581 5606 1726 5679 ἔχειν
1761 5608 1800 5661 Β
1830 5611 1893 5665 Ρ.

2006 5611 2051 5643 ⁸⁸
2085 5610 2437 5680 συνέρχονται

2208 5349 2374 5402 Πᾶσα
2410 5348 2467 5401 δὲ
2503 5344 2687 5417 ψύξις,
2729 5344 2826 5397 καὶ
2867 5342 3200 5415 δυσκρασία,
3239 5344 3336 5393 καὶ
3364 5340 3568 5410 παχεῖα
3593 5340 3734 5392 ἀνα-

2136 5444 2400 5515 θυμίασις
2435 5442 2587 5497 ἑλκοῖ
2611 5441 2704 5494 τὸν
2735 5437 3048 5511 πνεύμονα’
3074 5435 3163 5490 διὰ
3187 5434 3249 5487 τὸ
3288 5433 3387 5502 τῆς
3411 5432 3598 5494 οὐσίας
3627 5432 3734 5486 αύ-

2631 5607 2676 5639 ⁸⁹
2708 5606 2737 5658 ὁ
2767 5603 3016 5674 ἄνθρ.νΒ.
3125 5600 3175 5674 '_°
3209 5598 3271 5652 τὸ
3302 5598 3360 5651 ὲν
3392 5599 3460 5674 τῇ
3489 5614 3543 5649 κ.
3584 5593 3627 5647 Β

447 5675 488 5710 ⁸⁸
528 5652 788 5736 πὰνξᾶίΡῖ
810 5652 835 5663 ⁸
860 5652 910 5715 δ’
944 5680 1042 5733 καὶ
1347 5652 1509 5748 ταρκ.
1920 5681 1967 5713 ⁸³
1992 5652 2110 5736 καὶ.
2598 5678 2663 5732 Ρ.
2706 5652 2754 5709 ίδ
2769 5652 3111 5747 προῗτξέτεται
3135 5672 3203 5738 Δ,
3237 5652 3639 5742 προστάττεται
3666 5665 3739 5737 ιλ,

521 5814 584 5882 (ι)
626 5814 832 5877 Thcog.
861 5814 983 5868 126.

532 5893 610 5949 (ul
639 5884 741 5938 (Μ.
775 5885 832 5947 Δ.
861 5885 988 5936 7'57.

2216 5820 2286 5892 (r)
2324 5818 2428 5875 0d.
2459 5819 2524 5883 Δ,
2554 5818 2642 5873 55.
