4138 6466
429 380 580 437 19.ιὸ

1701 369 1790 425 DE
1826 367 2012 426 NA'I‘U
2024 369 2114 425 BA
2154 368 2464 426 HOMINIS.

3593 384 3738 445 l9.”

428 494 524 551 τοῦ
554 489 793 555 εύπαθές
818 505 834 518 ·
865 485 1005 543 ἀλλά
1037 486 1136 541 καὶ
1166 485 1201 540 ὁ
1229 484 1507 559 περιέχων
1543 484 1713 539 αὐτὸν
1739 486 1786 519 ⁸⁵
1822 484 2029 556 θώραξ,

2139 489 2487 554 peramento,
2512 497 2578 539 ac
2607 498 2798 539 crassa
2830 484 3181 543 exhalatione
3206 488 3325 545 laedi
3356 490 3517 550 facile
3553 474 3743 567 queat.

422 588 509 652 ὡς
538 583 840 657 νευρώδης,
866 580 1105 653 ἑτοίμως
1128 580 1428 652 πλὴττεται
1451 577 1559 632 ὑπὸ
1581 578 1768 650 πάσης
1787 576 2033 647 ψύξεως.

442 680 601 735 Ἐπεὶ
630 674 724 734 οὖν
752 677 943 750 μόριόν
971 677 1124 730 ἐστιν
1158 677 1218 729 ἐν
1247 673 1430 746 ἑαυτῷ
1461 672 1721 745 περιέχον
1750 671 1827 735 ὡς
1856 672 2035 724 εἰπεῖν

429 769 530 841 τὴν
554 769 704 843 ζωὴν
726 767 820 821 τοῦ
848 766 1166 839 ἀνθρώπου,
1193 764 1339 835 λέγω
1359 763 1424 836 δὴ
1447 764 1509 816 τὸ
1530 763 1777 833 ἔμφυτον
1802 761 2034 834 θερμὸν,

430 856 495 918 οὗ
531 878 679 926 τινος
714 861 1085 931 ἐργαστήριον
1130 860 1380 926 πέφυκεν
1422 859 1456 929 ἡ
1487 855 1721 927 καρδία·
1768 854 1928 908 τοῦτο
1976 855 2036 909 δὲ

428 955 521 1008 ἀεὶ
559 954 721 1027 χρεία
753 955 870 1007 ἐστὶ
921 953 1239 1026 ριπίζεσθαι
1284 952 1350 1019 ⁸⁸,
1390 947 1850 1024 ἀναρρώννυσθαί
1903 964 1964 1000 τε
1987 946 2034 980 ³⁷

432 1050 578 1103 κατὰ
624 1048 823 1119 φύσιν
872 1048 1015 1119 ὅπερ
1066 1048 1277 1117 γίνεται
1326 1044 1420 1101 διὰ
1476 1046 1579 1115 τῆς
1631 1043 1897 1114 είσπνοῆς
1935 1041 2035 1096 καὶ

426 1157 692 1213 εκπνοης.

502 1313 675 1374 Αῦται
703 1318 761 1372 δὲ
781 1318 839 1372 αί
861 1318 1108 1387 κινήσεις
1142 1315 1250 1370 ὑπὸ
1284 1315 1525 1387 ψυχικῆς
1553 1314 1841 1386 δυνάμεως
1875 1315 2033 1382 ὲνερ-

426 1410 656 1480 γοῦνται
685 1414 752 1483 τῇ
793 1410 1051 1483 διαστολῇ
1081 1410 1178 1464 τοῦ
1223 1408 1475 1481 θώρακος
1503 1409 1601 1463 καὶ
1641 1411 1710 1480 τῇ
1756 1406 2029 1478 συστολῇ,

427 1505 614 1570 καθὼς
643 1503 960 1577 ἔμπροσθεν
989 1505 1210 1577 εἴρηται
1231 1521 1245 1535 ·
1268 1502 1465 1557 τούτου
1491 1503 1655 1574 χάριν
1674 1504 1702 1556 ό
1724 1501 1930 1573 θώραξ,
1954 1503 2031 1566 ὡς

428 1599 780 1672 περιεκτικδς
800 1600 901 1671 τῆς
924 1602 984 1654 ὲν
1007 1601 1140 1672 ἡμῖν
1166 1600 1336 1670 ζωῆς,
1361 1598 1581 1661 πολλοῖς
1605 1598 1769 1673 μυσὶν
1790 1597 2026 1669 ἐτιμήθη

426 1692 524 1744 καὶ
563 1692 896 1763 συνεστάθη.
931 1691 1041 1744 Καὶ
1086 1690 1249 1762 δῆλον
1298 1694 1383 1746 ὅτι
1435 1690 1652 1745 πολλῶν
1698 1689 1869 1744 όντων
1917 1689 2028 1744 τῶν

429 1785 607 1855 μυῶν,
638 1784 812 1840 πολλά
855 1784 951 1840 καὶ
985 1786 1053 1840 τὰ
1087 1784 1259 1856 νεῦρά
1300 1785 1442 1852 ἐστι,
1470 1783 1541 1838 τὰ
1562 1783 1907 1856 χορηγοῦντα
1928 1782 2024 1837 αὐ-

2142 572 2213 628 Ει
2259 589 2369 628 non
2430 573 2595 629 modo
2648 574 2839 645 pulmo
2891 575 3050 646 ipse.
3108 580 3202 634 sed
3262 591 3318 636 et
3364 585 3509 653 quod
3560 586 3744 658 ipsum

2142 664 2569 736 comprehendit
2622 674 2834 736 pectus,
2871 683 2938 723 ex
2990 684 3057 724 eo
3078 670 3226 741 quod
3280 676 3463 731 nervis
3500 678 3745 736 obsitum

2139 761 2224 819 est
2250 769 2283 808 a
2317 755 2676 824 quantulovis
2704 755 2911 828 frigore
2939 759 3144 815 damno
3190 762 3449 820 afﬁcitur.
3472 767 3748 835 Quoniam

2139 846 2309 917 igitur
2335 863 2464 920 pars
2490 849 2542 903 in
2579 849 2700 920 ipso
2755 860 2858 917 est,
2899 868 3023 922 quae
3061 854 3305 913 hominis
3339 855 3511 917 ferme
3553 864 3745 929 vitam,

2139 939 2369 995 insitum
2406 941 2662 998 videlicet
2692 943 2929 999 calorem
2962 949 3401 1017 comprehendit,
3437 954 3596 1024 cujus
3626 956 3752 1025 qui-

2139 1032 2263 1087 dem
2300 1048 2403 1088 cor
2433 1033 2662 1090 ofﬁcina
2703 1035 2959 1104 habetur,
2990 1038 3137 1094 hunc
3177 1056 3572 1117 usquequaque
3600 1049 3751 1103 exci-

2137 1126 2242 1181 tari
2298 1136 2513 1183 natura:
2576 1129 2775 1184 ordine
2832 1131 3139 1203 agitarique
3172 1149 3314 1204 opus
3366 1146 3472 1205 est,
3507 1140 3748 1210 quodex

2135 1220 2254 1291 ipsa
2286 1222 2518 1290 spiritus
2553 1224 2990 1294 reciprocatione
3015 1224 3131 1280 ﬁeri
3158 1228 3423 1287 cernitur.

2204 1311 2268 1367 Hi
2298 1323 2481 1369 autem
2520 1325 2725 1380 motus,
2758 1332 2871 1387 prae
2900 1319 3280 1375 contractione
3306 1321 3745 1394 remissioneque

2136 1405 2397 1471 thoracis,
2434 1409 2900 1478 quemadmodum
2928 1411 3083 1482 prius
3108 1412 3372 1482 diximus,
3418 1414 3489 1469 ab
3517 1416 3745 1472 animali

2134 1497 2314 1552 Calore
2333 1496 2649 1554 efliciuntur
2671 1518 2687 1555 :
2713 1505 2816 1556 hac
2838 1502 2906 1556 de
2930 1517 3095 1558 causa
3122 1504 3403 1561 thoracem
3428 1507 3631 1578 ipsum,
3660 1517 3748 1562 ut-

2132 1600 2261 1660 pote
2287 1592 2382 1661 qui
2398 1592 2563 1648 vitam
2579 1609 2703 1664 quae
2724 1594 2779 1649 in
2803 1594 2964 1650 nobis
2976 1606 3061 1651 est
3086 1598 3524 1669 comprehendit,
3546 1609 3742 1656 natura

2133 1686 2401 1740 musculis
2464 1687 2750 1759 insignivit
2790 1688 3139 1760 refersitque.
3209 1690 3275 1746 Et
3327 1708 3455 1748 cum
3515 1695 3741 1766 plurimi

2136 1776 2450 1846 hujusmodi
2502 1782 2737 1836 musculi
2777 1784 3068 1849 exsistant,
3109 1792 3164 1838 et
3218 1799 3415 1839 nervos
3473 1786 3745 1856 plurimos

425 1880 540 1942 τοῖς
579 1879 680 1948 τὴν
721 1878 1017 1951 κινητικὴν
1041 1877 1298 1947 δύναμιν.
1354 1877 1434 1931 Τὰ
1478 1873 1574 1931 οὖν
1621 1877 1669 1911 ⁸⁸
1709 1875 1878 1948 νεῦρα
1927 1876 2029 1928 ὑπὸ

2136 1883 2260 1923 esse
2294 1869 2390 1940 qui
2425 1869 2537 1927 illis
2566 1873 2827 1928 movendi
2854 1873 3169 1929 facultatem
3208 1875 3593 1947 impertiantur
3615 1895 3739 1935 cer-

426 1971 493 2042 φ)
504 1971 811 2042 εγματικοῦ
830 1974 903 2036 ⁵⁸,
929 1972 1026 2026 καί⁵
1051 1973 1278 2043 παχέος,
1303 1972 1397 2024 καὶ
1420 1970 1689 2042 γλίσχρον
1711 1971 2026 2043 τρεφόμενα

426 2062 629 2133 χυμοῦ,
676 2061 914 2134 ἑτοίμως
948 2061 1054 2115 ὑπὸ
1090 2060 1193 2132 τῆς
1222 2060 1597 2133 ψυχρότητος,
1634 2060 1732 2114 καὶ
1777 2058 2026 2131 έμφράτ·

423 2164 603 2221 τεται,
640 2157 738 2210 καὶ
764 2156 1092 2227 πλήττεται.

495 2250 596 2303 Διά
634 2249 835 2316 ταῦτα,
870 2249 971 2303 καὶ
992 2249 1218 2320 φλέϐες,
1256 2248 1354 2304 καὶ
1387 2247 1676 2321 ἀρτηρίαι,
1705 2245 1804 2302 καὶ
1834 2245 2026 2314 νεῦρα,

424 2343 525 2397 καὶ
556 2342 875 2413 σύνδεσμοι,
908 2342 1006 2396 καλ⁵
1053 2342 1298 2419 χόνδροι,
1335 2341 1434 2397 καὶ
1475 2340 1687 2413 πιμελὴ
1710 2341 1768 2392 ἐν
1799 2337 1878 2410 τῷ
1924 2338 2030 2392 θὼ-

427 2453 583 2508 ρακι,
624 2436 712 2490 ἵνα
768 2436 866 2491 καὶ
916 2437 1238 2509 θερμότητα
1298 2429 1399 2508 τὴν
1433 2436 1664 2491 δέουσαν
1717 2432 2026 2507 χορηγῶσι,

425 2532 523 2584 καὶ
547 2529 652 2594 τὰς
681 2530 787 2601 τῆς
807 2529 1027 2600 ψύξεως
1050 2531 1366 2600 ἀπείργωσι
1399 2529 1630 2601 βλάϐας,
1654 2528 1867 2591 καὶτὰς
1891 2527 2026 2596 παρ’

425 2624 674 2697 ἀλλήλων
729 2623 1004 2695 ὠφελείας
1055 2621 1408 2693 καρπῶνται.
1450 2622 1617 2694 Ἡμῖν
1660 2621 1773 2692 γὰρ
1804 2621 1851 2654 ⁸⁸
1883 2620 2029 2691 φλὲψ

425 2718 638 2788 τροφὴν
683 2719 919 2789 χορηγεῖ
972 2715 1052 2788 τῷ
1085 2716 1299 2788 νεύρῳ,
1356 2716 1453 2770 καὶ
1503 2718 1570 2788 τῇ
1616 2714 1880 2788 ἀρτηρίᾳ,
1930 2714 2028 2768 καὶ

424 2811 541 2873 τοῖς
582 2808 793 2872 λοιποῖς
852 2807 1069 2881 μορίοις
1116 2808 1213 2863 τοῦ
1266 2807 1557 2881 θώρακος·
1594 2809 1800 2880 μᾶλλον
1846 2809 1904 2862 δὲ
1930 2808 2026 2863 τοῦ

385 2899 629 2974 ’παντὸς
686 2902 965 2972 σώματος.
1036 2901 1101 2955 Ἡ
1150 2900 1208 2954 δὲ
1267 2903 1509 2974 ἀρτηρία
1567 2902 1897 2973 μεταδίδωσι
1957 2905 2027 2974 τῇ

426 2990 590 3060 φλεϐὶ
621 2993 717 3047 καὶ
746 2994 864 3057 τοῖς
893 2993 1082 3058 ἄλλοις
1120 2992 1434 3067 θερμασίας
1480 2995 1741 3066 φυσικῆς,
1787 2995 1883 3048 καὶ
1918 2995 2028 3060 ζ’ω-

424 3082 581 3137 τικοῦ
614 3083 956 3155 πνεύματος.
1019 3086 1094 3139 Τὸ
1124 3086 1184 3140 δὲ
1232 3085 1455 3157 νεῦρον’
1481 3086 1741 3158 αἴσθησιν
1793 3088 2028 3160 παρέχει

425 3177 622 3243 αὐταῖς
679 3196 764 3245 τε,
807 3179 904 3232 καὶ
955 3174 1036 3250 τῷ
1090 3180 1260 3235 παντὶ
1302 3179 1541 3252 σώματι.
1587 3179 1800 3252 Πολλὴν
1829 3180 1886 3233 δὲ
1933 3180 2028 3235 καὶ

2131 1973 2249 2021 tum
2310 1975 2413 2023 est.
2469 1967 2608 2023 Cum
2663 1969 2819 2024 nervi
2878 1969 3068 2040 itaque
3120 1971 3390 2040 pituitoso
3438 1987 3746 2044 crassoque

2131 2073 2197 2114 ac
2259 2059 2408 2114 lento
2456 2075 2661 2131 vapore
2727 2061 2966 2128 alantur,
3053 2061 3229 2133 frigus
3272 2064 3538 2120 nimirum
3617 2082 3745 2122 seu.

2129 2152 2350 2219 tientes,
2390 2155 2542 2224 quati
2596 2154 2746 2225 ipsos
2802 2153 3182 2226 confringique
3230 2156 3449 2212 accidit.

2200 2243 2317 2300 llac
2363 2247 2431 2301 de
2451 2262 2617 2301 causa
2639 2286 2654 2313 ,
2683 2262 2836 2302 venae
2863 2287 2879 2313 ,
2909 2248 3061 2302 nervi
3088 2286 3104 2312 ,
3145 2252 3380 2317 arteriae,
3414 2250 3704 2322 ligamenta
3723 2289 3740 2317 ,

2129 2338 2480 2409 cartilagiues
2495 2380 2509 2407 ,
2524 2349 2690 2411 atque
2709 2340 2945 2412 exungia
2961 2340 3014 2394 in
3034 2342 3257 2398 thorace
3280 2342 3609 2409 consistunt,
3627 2360 3740 2414 quo

2132 2442 2247 2486 tum
2298 2432 2580 2488 decentem
2631 2433 2870 2489 Calorem
2916 2433 3041 2489 loco
3090 2433 3195 2505 ipsi
3247 2434 3356 2505 93
3407 2436 3737 2506 impertian-

2131 2531 2242 2587 tur,
2302 2533 2417 2579 tum
2457 2525 2660 2581 damna
2710 2541 2741 2580 a
2797 2524 3001 2597 frigore
3057 2526 3438 2596 provenicntia
3492 2527 3741 2605 abigant,

2132 2616 2612 2688 amolianturque,
2704 2632 2924 2672 necnon
3020 2616 3404 2681 vicissitudine
3504 2628 3742 2696 quadam

2131 2708 2275 2763 inter
2315 2725 2376 2765 se
2416 2710 2810 2765 communibus
2848 2718 3161 2773 commodis
3206 2717 3539 2772 fruerentur.
3589 2716 3742 2775 Vena

2130 2817 2371 2872 namque
2419 2802 2562 2873 ipsa.
2605 2818 2797 2873 nervo,
2842 2825 2907 2865 ac
2957 2810 3195 2875 arteriae,
3246 2811 3582 2881 reliquisque
3620 2813 3744 2867 tho-

2132 2894 2298 2957 racis,
2362 2895 2446 2949 vel
2496 2898 2684 2966 potius
2725 2904 2896 2958 totius
2930 2904 3181 2973 corporis
3219 2904 3468 2974 partibus
3509 2904 3743 2960 alimen-

2134 2996 2249 3043 tum
2283 2987 2690 3053 subministrat.
2740 2996 2957 3052 Arteria
2987 3013 3144 3063 vero,
3193 2997 3467 3053 naturalis
3516 2998 3740 3062 caloris,

2132 3096 2198 3137 ac
2243 3081 2430 3137 vitalis
2481 3083 2713 3159 spiritus
2769 3091 2912 3158 vim,
2962 3106 3073 3145 non
3135 3106 3288 3147 venae
3349 3098 3598 3157 tantum,
3646 3091 3743 3147 sed

2133 3174 2364 3245 reliquis
2389 3174 2558 3234 etiam
2600 3182 2852 3251 partibus
2892 3182 3226 3253 impartitur.
3267 3182 3313 3236 A
3350 3197 3519 3238 nervo
3559 3192 3740 3237 autem

425 3270 581 3342 παρὰ
610 3271 712 3343 τῆς
756 3271 987 3345 καρδίας
1015 3272 1117 3342 τὴν
1149 3274 1393 3347 φυσικὴν
1424 3273 1744 3347 θερμότητα
1786 3276 1815 3328 ὁ
1843 3273 2029 3348 θώραξ

2135 3266 2249 3331 illa,
2285 3277 2341 3327 et
2377 3286 2503 3326 cum
2555 3272 2672 3343 ipsa
2715 3282 2887 3328 totum
2923 3289 3126 3344 corpus
3169 3290 3395 3330 sensum
3438 3274 3737 3329 vindicant.

422 3362 716 3438 λαμϐάνει,
751 3367 829 3430 ὡς
853 3361 1003 3429 οἶκος
1032 3366 1300 3438 ὑπάρχων
1329 3366 1524 3438 αὐτῆς.

498 3545 660 3597 Ἐστι
694 3542 755 3596 δὲ
799 3544 833 3613 ἡ
878 3542 1079 3615 καρδία
1113 3543 1418 3616 νευρώδης,
1477 3543 1576 3598 καὶ
1629 3543 1877 3621 μυὼδης,
1936 3551 2033 3605 καὶ

425 3636 743 3708 φλεϐώδηςο
777 3635 980 3707 ἔχουσα
1019 3637 1117 3692 καὶ
1162 3637 1459 3708 ἀρτηρίας,
1513 3637 1611 3691 καὶ
1669 3638 1763 3696 δύο
1817 3643 2033 3708 κοιλίας

423 3728 548 3784 κατ’
576 3729 870 3800 ἀμφότερα
910 3728 1058 3801 μέρη
1092 3728 1135 3760 ⁶¹
1172 3727 1387 3799 αὐτῆς·
1424 3730 1484 3782 ὲν
1534 3728 1625 3797 αἷς
1675 3734 1939 3803 γεννᾶται
1970 3734 2034 3787 τὸ

425 3820 671 3892 ἔμφυτον
694 3820 924 3893 θερμὸν,
952 3822 1050 3875 καὶ
1072 3821 1134 3875 τὸ
1154 3820 1395 3885 ζωτικὸν
1422 3825 1666 3895 πνεῦμα.
1708 3826 2031 3896 Ἐμπέφυκε

423 3915 483 3970 δὲ
522 3917 662 3988 αὐτῇ
707 3918 742 3987 ἡ
770 3916 995 3986 ,μεγάλη
1033 3915 1277 3992 ἀρτηρία
1312 3920 1419 3974 καὶ
1453 3919 1671 3992 πρώτη,
1699 3920 1770 3991 ἣν
1801 3919 2033 3990 ἀορτρὴν

424 4009 686 4063 καλέουσι
712 4009 758 4041 θ’
779 4028 792 4044 ν
830 4007 902 4062 δι’
936 4004 1005 4081 ἧς
1036 4014 1366 4084 χορηγεῖται
1411 4014 1535 4076 ταῖς
1575 4012 1621 4045 ⁸³
1660 4013 1906 4076 ἀπάσαις
1934 4011 2031 4066 τοῦ

426 4103 687 4175 σώματος
718 4103 765 4135 ⁸⁵
811 4103 1134 4176 ἀρτηρίαις,
1169 4106 1198 4160 ὅ
1236 4122 1297 4159 τε
1339 4104 1574 4171 ζωτικὸς
1614 4106 1791 4171 τόνος,
1850 4106 1949 4159 καὶ
1995 4105 2029 4177 ὴ

422 4197 668 4270 ἔμφυτος
707 4197 1014 4273 θερμασία.
1073 4199 1321 4256 Ζωτικὸν
1373 4199 1432 4254 δὲ
1471 4199 1630 4254 τόνον
1658 4200 1751 4253 τὸν
1780 4199 2030 4270 σφυγμὸν

423 4289 681 4360 λέγομεν.
716 4291 827 4347 Τὸν
877 4292 989 4364 γὰρ
1032 4290 1291 4364 σφυγμὸν
1336 4295 1405 4363 τῇ
1436 4291 1642 4363 καρδίᾳ
1689 4293 1723 4363 ἡ
1775 4290 1847 4344 τὰ
1891 4290 2031 4361 σύμ-

424 4399 608 4436 παντα
639 4384 1011 4459 οἱκονομοῦσα
1040 4386 1085 4418 ⁸³
1119 4384 1422 4457 ἐχαρίσατο
1446 4384 1695 4455 Δύναμις
1728 4384 1795 4443 ⁸⁸.
1832 4383 1919 4439 ἵνα
1939 4384 2032 4438 διὰ

428 4476 531 4548 μὲν
584 4479 855 4552 συστολῆς
926 4478 1159 4550 ὲκθλίϐῃ
1205 4478 1304 4532 καὶ
1347 4477 1700 4549 ὲκπυρηνίζῃ
1749 4477 1793 4508 ⁸⁷
1834 4477 1904 4530 τὰ
1944 4476 2030 4530 λι-

426 4573 643 4645 γνυὼδη
679 4574 852 4643 αὐτῆς
882 4573 1305 4645 περιττώματα,
1334 4570 1481 4642 άπερ
1505 4573 1563 4624 ἐν
1594 4571 1734 4643 αὑτῇ
1768 4572 2028 4639 γεννᾶται

2135 3356 2342 3416 Verum
2385 3378 2417 3416 a
2475 3362 2642 3417 corde
2690 3363 2812 3434 ipso
2858 3365 3078 3432 thorax,
3134 3373 3299 3434 upote
3338 3363 3498 3434 cujus
3549 3364 3743 3419 domi-

2133 3454 2322 3509 cilium
2365 3453 2457 3519 sit,
2493 3453 2692 3511 caloris
2745 3455 3017 3510 naturalis
3069 3455 3367 3525 plurimum
3415 3455 3630 3527 accipit.

2204 3544 2314 3600 Cor
2362 3553 2549 3600 autem
2594 3546 2802 3610 nervis,
2840 3548 3132 3611 musculis,
3178 3547 3466 3619 venisque,
3495 3564 3560 3604 ac
3594 3562 3741 3603 arte-

2134 3638 2233 3693 riis
2283 3639 2573 3709 praeditum
2619 3650 2724 3706 est,
2777 3639 2941 3709 cujus
2976 3639 3046 3693 ab
3083 3647 3319 3709 utraque
3351 3651 3505 3709 parte
3535 3642 3740 3713 gemini

2134 3732 2420 3788 ventriculi
2461 3742 2790 3796 cernuntur,
2846 3734 2900 3786 in
2953 3733 3157 3803 quibus
3211 3732 3415 3788 insitus
3465 3733 3617 3788 calor
3656 3735 3741 3789 vi-

2134 3823 2374 3893 talisque
2391 3822 2621 3893 spiritus
2641 3834 3060 3895 progeneratur.
3082 3823 3140 3879 In
3169 3825 3271 3880 hoc
3290 3840 3527 3895 namque
3549 3826 3736 3893 corde,

2133 3931 2331 3987 magna
2358 3915 2645 3987 primaque
2665 3916 2889 3984 arteria,
2905 3933 3030 3988 qua:
3047 3917 3237 3973 adorta
3265 3929 3634 3988 nuncupatur,
3656 3920 3742 3974 iu.

2134 4010 2241 4065 sita
2273 4018 2377 4071 est,
2404 4008 2552 4062 unde
2603 4018 2821 4063 cunctae
2852 4011 3026 4065 totius
3059 4011 3310 4080 corporis
3333 4013 3551 4066 arteriae
3577 4013 3742 4070 vitale

2135 4103 2330 4169 robur,
2364 4118 2430 4158 at:
2476 4102 2704 4157 insitum
2756 4104 2996 4158 calorem
3046 4104 3379 4175 suscipiunt.
3413 4103 3592 4160 Vitale
3637 4123 3741 4161 au-

2136 4205 2242 4249 tem
2281 4194 2475 4261 robur,
2525 4195 2749 4266 pulsum
2793 4212 3205 4266 uuncupamus.
3239 4197 3535 4254 Enimvero
3566 4197 3737 4254 Crea-

2136 4287 2274 4344 toris
2317 4296 2579 4358 putestas_
2656 4304 2780 4358 qua)
2843 4292 3102 4345 universa
3160 4290 3476 4358 gubernat,
3544 4293 3738 4361 pulsus

2133 4380 2480 4437 dominatum
2529 4381 2682 4436 cordi
2732 4382 2932 4453 largita
2994 4391 3101 4448 est,
3159 4397 3271 4453 quo
3328 4399 3440 4454 prae
3485 4384 3571 4440 sui
3608 4400 3737 4440 con-

2135 4475 2430 4543 tractione,
2484 4472 2704 4531 fumosa
2747 4484 3100 4532 excrementa
3132 4493 3256 4549 quae
3285 4476 3341 4533 in
3372 4479 3497 4549 ipso
3528 4479 3600 4534 ob
3628 4479 3737 4535 im-

2134 4567 2411 4624 modicum
2459 4568 2579 4640 ejus
2620 4569 2862 4625 calorem
2916 4570 3221 4642 gignuntur
3269 4572 3542 4643 expellere
3584 4572 3747 4630 efﬁa..

426 4666 517 4722 διὰ
563 4666 662 4738 τὴν
723 4667 966 4739 ἄμετρον
1014 4667 1189 4736 αὐτῆς
1244 4664 1589 4736 θερμασίαν
1649 4665 1740 4717 διὰ
1809 4662 1869 4716 δὲ
1921 4661 2024 4733 τῆς

2134 4677 2301 4733 reque
2342 4662 2555 4732 possit,
2608 4677 2737 4718 cum
2792 4679 2927 4719 vero
2966 4664 3228 4720 dilatatur
3272 4665 3735 4738 distenditurque,

426 4755 741 4825 διαστολῆς,
786 4756 1104 4828 εἰσδέχηταί
1145 4755 1396 4827 καθαρὸν
1448 4752 1653 4819 ἔξωθεν
1686 4754 1859 4825 ἀέρα·
1898 4752 2027 4825 θερ-

431 4851 769 4924 μαινομένης
819 4850 930 4923 γὰρ
971 4850 1140 4920 αὐτῆς
1179 4850 1332 4920 παρὰ
1372 4849 1559 4917 φύσιν,
1596 4848 1804 4911 εὐθέως
1842 4847 1938 4902 καὶ
1967 4846 2029 4901 τὸ

427 4944 568 5010 ζῶον
591 4944 712 4998 ὅλον
745 4944 900 5017 παρὰ
935 4942 1102 5013 φύσιν
1138 4942 1526 5014 θερμαίνεται,
1562 4940 1660 4995 καὶ
1706 4940 2029 5012 ψυχομένης

425 5036 686 5108 ψύχεται.

499 5128 776 5182 Τέτακται
803 5127 861 5181 δὲ
897 5127 955 5180 ἐν
982 5127 1121 5199 αὐτῇ
1151 5126 1248 5181 καὶ
1278 5128 1312 5199 ἡ
1345 5125 1443 5181 τοῦ
1467 5124 1643 5198 θυμοῦ
1675 5125 1933 5199 δύναμις,
1967 5127 2031 5180 τὸ

426 5214 600 5279 πάθος
622 5211 725 5287 τῆς
756 5216 938 5287 ψυχῆς
966 5216 1034 5272 ⁸⁸.
1071 5215 1228 5288 Πάθη
1269 5217 1326 5271 δὲ
1355 5220 1453 5289 τῆς
1481 5214 1664 5290 ψυχῆς
1687 5215 1944 5290 λέγομεν,
1971 5220 2031 5273 ὲν

427 5302 511 5371 οἷς
540 5308 713 5380 αὐτῆς
747 5309 852 5379 μέν
878 5312 1001 5364 ἐστι
1033 5310 1257 5384 πρῶτον
1293 5312 1340 5343 ⁶⁹
1369 5312 1403 5382 ή
1428 5310 1668 5382 κίνησις,
1710 5312 2033 5385 συμπάσχει

427 5400 487 5454 δὲ
527 5402 671 5475 αὐτῇ
721 5404 756 5473 ἡ
786 5403 1008 5476 καρδία,
1040 5406 1119 5470 ὡς
1146 5406 1384 5477 ὄργανον
1427 5405 1625 5477 αὐτῆς.
1675 5404 1736 5459 Ἥ
1769 5406 1873 5478 μὲν
1916 5404 2029 5477 γὰρ

426 5494 578 5568 ψυχὴ
610 5496 884 5562 ἀθάνατος
915 5496 1076 5566 οὖσα,
1107 5499 1270 5571 δῆλον
1294 5500 1377 5554 ὅτι
1406 5500 1501 5554 καὶ
1531 5499 1756 5572 ἀπαθής
1783 5501 1903 5555 ἐστι
1935 5501 1982 5532 ⁷⁸
2007 5516 2024 5532 ο

2131 4769 2330 4824 purum
2368 4755 2611 4810 exterius
2649 4756 3063 4827 provenientem
3094 4773 3278 4813 acrem
3315 4758 3605 4815 admittere
3637 4777 3735 4813 va-

2130 4845 2258 4901 leat.
2315 4844 2452 4903 Cum
2481 4848 2692 4919 ipsum,
2746 4861 2949 4920 printer
3013 4861 3307 4920 naturam,
3380 4852 3501 4922 plus
3561 4852 3733 4907 nimio

2131 4941 2313 4996 calore
2366 4942 2615 5015 rigoreve
2664 4943 2929 5014 occupari
2997 4944 3301 5016 contingit,
3364 4947 3554 5001 eadem
3612 4961 3737 5016 pro-

2132 5031 2283 5100 tinus
2318 5032 2537 5088 affectio
2572 5043 2748 5089 tntum
2795 5049 3001 5105 corpus
3052 5045 3313 5090 nostrum
3351 5035 3730 5106 subsequitur.

2207 5122 2265 5177 ln
2288 5124 2454 5180 corde
2475 5140 2717 5197 namque
2739 5125 2860 5197 ipso
2877 5125 3173 5181 irascihilis
3191 5126 3275 5182 vis
3295 5128 3471 5198 posita
3490 5138 3734 5198 est,quae

2135 5218 2334 5273 anima:
2367 5219 2555 5289 passio
2580 5220 2835 5277 habetur.
2853 5206 3180 5276 PaSsiouem
3209 5230 3393 5276 autem
3417 5221 3616 5276 animae
3646 5221 3734 5275 di-

2133 5311 2334 5379 cimus,
2371 5312 2425 5367 iu
2476 5312 2586 5378 his,
2640 5313 2697 5369 in
2752 5312 2960 5385 quibus
3015 5313 3274 5383 primitus
3322 5312 3499 5384 ipsius
3549 5323 3735 5370 motus

2133 5414 2236 5461 est.
2274 5406 2443 5478 Atqui
2484 5422 2581 5463 cor
2613 5405 2820 5478 ipsum,
2872 5415 3063 5478 utpote
3093 5406 3532 5463 instrumentum
3584 5407 3731 5478 ejus.

2135 5498 2242 5571 ipsi
2278 5500 2647 5570 compatitur.
2676 5496 2838 5568 Nam,
2873 5514 3002 5556 cum
3035 5498 3222 5554 anima
3267 5497 3600 5556 immortalis
3631 5499 3734 5556 ha-

501 5723 549 5801 ξ’
568 5724 755 5801 αιῖντὴν⁸
780 5725 868 5801 A._
921 5726 1121 5801 "77pm.
1164 5728 1313 5801 εστὶν
1340 5727 1433 5801 Βε
1479 5725 2035 5801 ’τΑάναρὼνυσθαί-τε
2070 5727 2149 5801 VA,
2179 5726 2749 5801 ἁναρῤωνύεσθαιηΒε
2795 5729 2843 5764 ⁸³
2881 5728 3013 5799 γοῦν
3040 5729 3121 5786 .B.
3198 5729 3243 5762 "
3273 5725 3612 5801 φλεγματίου
3666 5716 3729 5783 Π.

561 5797 663 5871 μὲν
696 5796 805 5870 γὰρ
956 5796 1013 5871 η’
1031 5798 1378 5871 ἑκατέρωθεν
1403 5799 1468 5856 Ρ.
1504 5870 1508 5871 ί
1540 5797 1588 5871 ’ξ
1602 5796 1900 5871 καλοῦσι
1922 5797 2013 5871 C._
2061 5798 2107 5831 “
2137 5800 2196 5871 ὲν
2221 5796 2342 5863 ταῖς
2366 5801 2425 5854 Β.
2503 5801 2550 5832 ⁸⁸
2584 5800 2663 5871 τῷ
2687 5796 2902 5870 σώματι
2927 5802 2988 5856 Β.
3065 5802 3111 5835 ⁸⁸
3135 5796 3313 5855 πάντα
3344 5796 3641 5871 ἐνεργοῦσι
3663 5802 3727 5854 Ρ.

428 5799 535 5923 σε’νὲ
561 5799 659 5868 μὲν
696 5799 805 5870 γὰρ
833 5799 895 5851 Β.
956 5800 999 5830 ⁶¹
1031 5799 1378 5871 ἑκατέρωθεν

428 5870 473 5902 σο
539 5869 619 5927 ύν.
650 5870 808 5939 ὲχαρ.
841 5869 901 5925 Β.
980 5870 1025 5903 ⁸⁷
1055 5870 1312 5943 πυρινεζη
1334 5871 1395 5925 Β·

1473 5870 1516 5904 ’⁸
1536 5869 1598 5924 τὸ
1617 5887 1670 5924 τ.
1694 5869 1753 5941 ψ.
1788 5870 1960 5935 πάθος
1981 5869 2046 5927 Β.
2120 5870 2166 5903 ⁶⁹
2190 5871 2425 5941 πρώτως
2445 5871 2486 5923 Β
2506 5871 2569 5930 C.
2635 5868 2691 5905 7°
2718 5868 2925 5937 πάθους
2946 5873 3265 5944 σωματικοῦ
3287 5873 3389 5929 add
3405 5912 3418 5927 .
3438 5868 3490 5925 ’Β
3522 5868 3585 5926 C.
