4138 6494
409 382 549 441 {illi

1691 373 1977 432 MELETII
2021 372 2336 432 MONACHI

3552 372 3693 428 iﬁlli

408 505 625 568 beatur,
667 497 863 572 procul
908 497 1100 564 dubio,
1147 495 1258 568 94
1303 508 1357 552 et
1382 496 1628 568 corporis
1681 496 1999 566 passionum

2124 495 2165 548 ςδ
2194 494 2252 548 δὲ
2290 493 2622 564 συμπάσχον
2669 493 2944 546 κινεῖται·
2990 491 3086 544 καὶ
3115 489 3148 560 ἦ
3181 488 3241 558 ἐξ
3270 489 3484 544 ἔνδοθεν
3521 494 3564 523 ⁷¹
3612 496 3710 563 ei-

405 611 606 666 expers
652 603 774 660 est;
828 591 960 648 illud
993 591 1140 645 enirn
1188 592 1332 661 quod
1368 590 1736 659 compatitur,
1793 597 1997 652 movet,

408 690 526 746 sive
554 687 771 743 vitalem
808 685 1088 756 spiritum,
1125 683 1283 752 cujus
1313 683 1364 736 in
1395 683 1560 736 corde
1589 681 1748 736 sedes
1776 690 1881 742 est,
1916 681 2001 734 in-

409 794 654 836 trorsum
673 778 828 841 ferri,
847 777 962 832 sive
979 784 1131 830 extra
1148 773 1449 842 contingat;
1463 781 1517 826 et
1534 787 1658 826 cum
1679 781 1832 826 extra
1851 786 2007 840 egre-

410 875 557 927 ditur
586 871 906 926 concitatior
927 868 1116 931 fertur,
1144 875 1199 920 ut
1232 865 1283 918 in
1313 864 1507 934 bisqui
1532 865 1864 927 irascuntur,
1887 878 2008 917 cer-

411 980 542 1020 nere
563 973 677 1030 est;
703 965 754 1016 in
773 962 858 1016 his
877 975 1027 1021 vero,
1054 958 1144 1027 qui
1165 956 1346 1011 lzetitia
1369 956 1704 1019 afficiuntur,
1727 955 2008 1009 remissior

413 1054 490 1109 ιιι.
527 1054 627 1120 Oui
658 1063 836 1107 autem
874 1046 1167 1104 formidine
1197 1057 1542 1116 premuntur,
1580 1048 1633 1101 in
1662 1047 1796 1115 ipsis
1857 1048 2007 1100 intus

413 1146 703 1202 confertim
734 1153 1030 1199 movetur:
1087 1140 1436 1194 tristantibus
1487 1155 1618 1193 vero
1671 1137 1866 1208 agitari
1909 1153 2008 1207 per

2111 602 2290 658 ρεται,
2321 586 2354 656 ἦ
2388 585 2549 648 ὲκτδς
2583 585 2646 638 τὸ
2676 583 2927 638 ἐνοικοῦν
2962 587 3030 657 τῇ
3061 583 3264 656 καρδία
3297 583 3517 652 πνεῦμα
3543 584 3710 649 ζωτι-

2109 679 2228 732 κόν.
2267 679 2378 732 Καὶ
2423 679 2583 742 ἐκτὸς
2635 678 2734 748 μὲν
2777 678 2918 747 μετὰ
2967 677 3269 742 συντονίας,
3330 676 3408 740 ὼς
3446 677 3540 730 ἐπὶ
3597 678 3710 730 τῶν

2114 766 2483 838 θυμουμένων
2505 783 2518 797 ⁸
2550 767 2584 838 ἢ
2619 767 2761 838 μετὰ
2798 767 3154 837 χαυνότητος,
3195 769 3271 830 ὼς
3311 769 3404 820 ἐπὶ
3445 766 3555 820 τῶν
3583 769 3709 838 i160-

2119 859 2302 929 μένων
2325 875 2338 888 ·
2377 858 2531 922 ὲντδς
2567 860 2646 924 δὲ,
2684 859 2718 930 ἢ
2761 861 2998 929 ἁθρόως,
3048 861 3124 924 ὼς
3173 861 3268 912 ἐπὶ
3295 861 3405 913 τῶν
3439 859 3713 930 φοϐουμέ-

2115 969 2258 1006 νων·
2297 953 2330 1024 ἢ
2383 952 2531 1006 κατὰ
2576 952 2754 1023 βραχῦ
2801 954 2867 1016 ⁷³,
2919 954 2995 1016 ὡς
3025 955 3120 1006 ἐπὶ
3157 955 3268 1006 τῶν
3325 955 3711 1024 λυπουμένων.

2117 1043 2332 1097 Οὐκοῦν
2376 1043 2480 1112 τῆς
2526 1044 2755 1116 καρδίας
2783 1045 3116 1111 καὶταῦτα,
3160 1048 3342 1099 καὶτὸ
3390 1047 3712 1116 Θερμαὶνειν

2117 1138 2266 1190 ἅπαν
2294 1136 2358 1189 τὸ
2393 1136 2556 1206 σῶμα
2578 1154 2594 1170 ·
2627 1137 2745 1190 ἐστι
2781 1136 2838 1190 δὲ
2869 1137 2932 1190 τὸ
2968 1139 3156 1210 σχῆμα
3190 1139 3361 1210 αὐτῆς
3400 1139 3710 1203 κωνοειδές.

415 1241 694 1297 intervalla
721 1240 878 1295 solet.
899 1238 1094 1293 Cordis
1125 1237 1309 1303 itaque
1335 1253 1558 1300 munus,
1590 1246 1704 1290 tum
1739 1237 1852 1290 haec
1881 1252 2003 1304 qua:
2042 1234 2372 1289 adduximus
2435 1231 2731 1300 efficiendi,
2765 1243 2880 1288 tum
2911 1242 3080 1288 totum
3140 1250 3341 1305 corpus
3361 1233 3708 1290 calefaciendi

416 1334 666 1390 habetur.
691 1330 800 1386 Cor
821 1345 1058 1400 namque
1087 1331 1264 1399 ipsum
1295 1331 1464 1400 figura
1491 1345 1588 1384 sua
1615 1328 1739 1382 coni
1767 1326 1999 1381 formam
2040 1326 2317 1396 exprimit.

480 1425 546 1479 Et
600 1440 724 1478 cum
788 1424 963 1494 magis
1004 1424 1234 1494 ignitum
1299 1439 1409 1492 pra:
1460 1423 1719 1476 omnibus
1768 1420 2017 1489 corporis

416 1517 590 1574 nostri
629 1516 875 1586 partibus
926 1516 1192 1570 habeatur
1216 1555 1230 1577 ,
1282 1514 1447 1581 hujus
1482 1514 1656 1584 gratia
1699 1511 1841 1584 ignis
1874 1511 2014 1580 ﬁgu-

418 1625 534 1664 ram
593 1609 847 1664 sortitqu
899 1617 1005 1662 est.
1071 1608 1135 1662 Et
1196 1604 1658 1676 quemadruodurn
1701 1605 1842 1676 ignis
1879 1605 2014 1673 ipse,

417 1719 446 1756 a
475 1702 666 1756 latiore
720 1700 1007 1770 magisque
1037 1699 1275 1770 spatiosa
1311 1698 1428 1754 basi
1475 1698 1742 1766 originem
1768 1697 2013 1766 capiens,

419 1809 644 1848 sursum
675 1808 734 1847 se
784 1793 962 1862 ipsum
996 1790 1396 1847 contrahendo.
1449 1804 1849 1859 usquequaque
1882 1803 2015 1843 acu-

2197 1417 2602 1490 Πυρωδεστέρα
2631 1417 2688 1470 δὲ
2733 1417 2870 1472 οὖσα
2901 1419 3120 1472 πάντων
3159 1419 3268 1472 τῶν
3301 1422 3358 1472 ὲν
3389 1421 3468 1492 τῷ
3499 1422 3715 1491 σώματι

2128 1513 2360 1585 μορίων,
2396 1509 2602 1564 καὶτοῦ
2622 1511 2794 1582 πυρὸς
2817 1511 3011 1582 ἔλαχεν
3030 1511 3116 1582 ἔχε
3127 1530 3173 1564 ιν
3193 1511 3254 1565 τὸ
3271 1512 3480 1583 σχῆμα.
3506 1514 3716 1584 Ὠσπερ

2123 1606 2234 1677 γάρ
2270 1607 2454 1658 έκεῖνο
2494 1604 2604 1659 ἀπὸ
2638 1603 2989 1674 πλατυτέρας
3027 1603 3240 1674 βάσεως
3281 1605 3588 1676 ἀρχόμενον
3613 1605 3714 1675 τὴν

2122 1699 2237 1753 άνω
2267 1697 2457 1770 χώραν
2483 1696 2694 1763 διώκει,
2720 1699 2809 1751 ἀεὶ
2837 1697 3028 1750 στενοῦ
3039 1697 3201 1766 μενὸν
3226 1695 3271 1728 ⁷³
3297 1713 3355 1749 τε
3381 1697 3478 1749 καὶ
3504 1697 3586 1760 είς
3618 1697 3716 1761 ὀξυ

2123 1789 2671 1862 ἀποκορυφούμενον,
2692 1789 2836 1842 οὕτω
2860 1789 2953 1842 καὶ
2976 1791 3012 1860 ἡ
3029 1787 3227 1858 καρδία
3249 1788 3540 1859 κωνοειδής
3574 1789 3715 1842 ἐστι.

421 1893 633 1942 nrinato
667 1885 956 1941 cacumine
987 1882 1154 1938 fertur
1179 1901 1194 1949 ;
1222 1883 1294 1936 ita
1318 1891 1374 1937 et
1402 1898 1497 1938 cor
1535 1883 1589 1937 in
1617 1883 1742 1937 coni
1791 1882 2016 1936 modum

2124 1881 2318 1944 Κῶνος
2343 1881 2402 1934 δέ
2435 1881 2552 1934 ἐστι
2583 1881 2774 1951 σχῆμα
2816 1868 3088 1950 περιαγὲς
3119 1879 3201 1941 είς
3247 1877 3342 1944 ὀξὺ
3388 1876 3555 1948 λῆγον
3577 1893 3591 1908 ·
3625 1878 3719 1931 δύ-

421 1978 699 2033 consistit.
747 1975 935 2031 Conus
981 1985 1164 2030 autem
1221 1975 1393 2044 figura
1425 1983 1510 2028 est
1544 1989 1667 2043 qua:
1720 1971 2019 2042 circumagi

421 2069 584 2124 facile
612 2077 811 2139 potest,
837 2081 890 2123 et
925 2083 1049 2138 quae
1074 2067 1128 2120 in
1158 2081 1388 2120 acumen
1419 2065 1645 2129 desinit,
1666 2080 1834 2135 quam
1869 2080 2020 2120 corn-

423 2161 760 2232 prehendere
780 2161 1013 2231 quisque
1042 2161 1145 2214 hoc
1167 2167 1327 2229 pacto
1349 2169 1532 2228 queat.
1566 2157 1621 2213 Si
1653 2159 1800 2229 quis,
1835 2173 2019 2213 exem-

425 2254 498 2324 pli
534 2252 731 2324 gratia,
770 2253 958 2323 plures
991 2251 1250 2311 circulos,
1285 2251 1515 2303 alterum
1545 2249 1701 2303 alteri
1735 2248 2020 2318 impositos

425 2344 762 2408 consideret,
795 2359 860 2398 ex
893 2343 1097 2414 quibus
1119 2343 1212 2412 qui
1260 2341 1399 2396 infra
1435 2351 1520 2396 cst
1544 2341 1792 2395 omnium
1843 2340 2023 2410 major

427 2436 716 2500 habeatur,
744 2434 840 2505 qui
874 2450 1005 2488 vero
1028 2433 1097 2486 ab
1124 2434 1242 2502 ipso
1291 2431 1454 2501 paulo
1481 2429 1718 2498 brevior,
1773 2441 1882 2484 tum
1913 2439 2026 2484 ter-

426 2529 560 2590 tius,
620 2536 999 2597 quartusque,
1041 2535 1096 2580 et
1134 2523 1229 2594 qui
1264 2531 1576 2594 sequuntur
1627 2521 2023 2577 contractiores

385 2679 389 2682 ,
427 2620 824 2690 hrevioresqne
878 2618 1011 2683 sint,
1039 2620 1119 2672 sic
1183 2625 1240 2670 ut
1297 2630 1488 2671 eorum
1522 2614 1658 2669 ordo
1689 2615 1755 2668 ad
1786 2613 2025 2669 diminu-

431 2715 635 2769 tionem
675 2713 864 2768 tendat
890 2711 1068 2781 quoad
1108 2710 1160 2763 in
1188 2708 1576 2764 brevissimum
1627 2707 1897 2762 circulum
1931 2707 2026 2761 de-

427 2804 612 2860 sinere
670 2801 924 2857 videatur
983 2818 998 2854 :
1041 2801 1231 2855 eadem
1280 2809 1333 2853 et
1371 2799 1438 2854 de
1483 2813 1625 2852 cono
1671 2798 1854 2852 haberi
1885 2798 2026 2852 ratio

427 2905 640 2969 potest;
669 2895 834 2950 talem
885 2909 1125 2964 namque
1165 2893 1394 2964 figurant
1422 2891 1701 2962 exprimit.
1749 2889 1808 2944 In
1852 2905 1917 2944 co
1951 2889 2029 2944 la-

430 2990 651 3052 tiorem,
687 2997 743 3042 et
773 2986 1098 3040 circularcrn
1133 2994 1365 3055 partem,
1408 2983 1608 3045 basim,
1648 2983 2026 3052 angustiorem

432 3092 589 3142 vero,
624 3084 680 3131 et
710 3075 886 3145 ipsam
916 3075 1261 3130 circulariter
1287 3075 1652 3138 desinentem,
1705 3082 1912 3144 apicem
1946 3073 2029 3128 di-

432 3159 600 3223 xeris.
646 3164 785 3221 Cum
835 3166 998 3236 igitur
1037 3181 1133 3221 cor
1177 3165 1246 3220 ad
1298 3165 1422 3219 coni
1464 3165 1694 3221 formam
1756 3167 2029 3222 constitu-

434 3283 548 3329 tum
601 3273 693 3336 sit,
727 3273 901 3327 basim
949 3281 1129 3327 tamen
1160 3270 1300 3326 infra
1330 3270 1642 3328 tendentem
1674 3289 1786 3328 non
1837 3272 2024 3340 habet;

432 3363 478 3420 si
502 3364 646 3418 enim
701 3363 822 3433 ejus
847 3378 1078 3417 acumen
1113 3378 1334 3418 sursum
1362 3363 1713 3434 dirigeretnr,
1756 3364 2025 3434 plurimos

434 3455 502 3509 ad
532 3455 823 3510 cerebrum
861 3471 1092 3525 vapores
1140 3454 1436 3519 emitteret,
1471 3466 1526 3510 et
1572 3457 1863 3524 temperies
1904 3457 2026 3527 ejus

434 3563 601 3618 quam
629 3557 825 3602 natura
867 3549 1132 3618 largiente
1182 3565 1214 3604 a
1267 3549 1445 3620 prima
1498 3549 1891 3604 constitutione
1925 3550 2026 3604 fri-

438 3641 619 3712 gidam
651 3641 908 3711 adeptum
955 3651 1060 3707 est,
1119 3649 1538 3713 praeverteretur
1574 3641 1843 3707 :idcirco,
1877 3642 2026 3697 basis

437 3733 582 3804 ejus,
615 3743 785 3800 retro,
838 3743 894 3788 et
922 3749 1141 3788 sursum
1174 3748 1406 3804 vergens
1450 3734 1738 3802 consistit;
1794 3747 2026 3790 acumen

437 3842 570 3880 vero
595 3835 722 3880 ante
747 3836 800 3880 et
826 3825 967 3880 infra
997 3827 1365 3897 protenditur.
1405 3823 1520 3880 Hac
1563 3826 1730 3896 igitur
1757 3825 1827 3881 dc
1861 3841 2028 3880 causa

2121 1991 2279 2028 ναται
2319 1972 2378 2026 δὲ
2431 1973 2494 2026 τδ
2547 1972 2737 2043 σχῆμα
2794 1970 2956 2024 τοῦτο
3001 1972 3247 2024 νοεῖσθαι
3291 1969 3506 2033 οὕτως’
3537 1971 3603 2023 Εἴ
3631 1988 3720 2032 τις

2120 2066 2277 2121 λάϐοι
2319 2066 2442 2120 κατ’
2484 2064 2735 2118 ἐπίνοιαν
2781 2064 3039 2127 πλείονας
3094 2063 3332 2126 κύκλους
3382 2062 3721 2134 ἐπαλλήλους

2121 2160 2435 2230 κειμένους,
2469 2154 2544 2214 ὧν
2576 2160 2602 2211 vi
2639 2159 2742 2229 μὲν
2773 2159 3037 2213 ὑποκάτω
3063 2158 3269 2229 μείζων
3295 2160 3466 2222 ἐστὶν,
3495 2157 3523 2208 ὁ
3552 2156 3721 2210 See-af

2123 2251 2319 2322 ἐκείνῳ
2357 2252 2724 2323 σμικρότερος
2751 2268 2766 2283 ο
2810 2247 2932 2305 εἶτα
2957 2253 2985 2305 ὁ
3013 2250 3194 2322 τρίτος
3229 2250 3324 2304 καὶ
3356 2253 3386 2304 ὁ
3431 2251 3717 2322 τέταρτος,

2123 2347 2218 2398 καὶ
2247 2343 2424 2409 οὕτως
2464 2343 2728 2415 ὲφεξῆςή
2775 2345 3004 2415 μείωσις
3035 2344 3270 2414 γίνεται,
3319 2345 3479 2418 ἄχρις
3521 2347 3587 2398 ἂν
3636 2346 3719 2405 εἰς

2124 2437 2327 2492 κύκλον
2353 2437 2721 2508 σμικρότερον
2750 2437 2795 2468 ’⁵
2822 2437 3133 2510 τελευτήσῃ
3151 2453 3166 2468 ·
3203 2437 3348 2491 οὕτω
3376 2438 3471 2490 καὶ
3500 2437 3594 2489 ἐπὶ
3619 2437 3720 2489 τοῦ

2125 2530 2334 2585 κώνου·
2372 2529 2599 2598 λέγεται
2645 2525 2740 2584 οὖν
2766 2530 2863 2584 τοῦ
2890 2529 3139 2585 τοιούτου
3188 2532 3470 2602 σχήματος
3514 2531 3575 2584 τὸ
3619 2532 3723 2600 μὲν

2125 2625 2260 2694 εὐρὺ
2296 2623 2479 2695 βάσις,
2512 2623 2576 2678 τὸ
2608 2623 2668 2678 δὲ
2706 2624 2892 2677 στενὸν
2927 2627 3167 2697 κορυφή.
3210 2624 3278 2678 Ἦ
3309 2624 3492 2678 τοίνυν
3517 2624 3722 2694 καρδία

2125 2717 2187 2769 τὸ
2223 2717 2510 2781 κωνοειδές
2550 2718 2702 2770 ἐστιν
2729 2715 2936 2786 ἔχουσα
2982 2718 3191 2789 σχῆμα,
3223 2717 3324 2787 τὴν
3353 2717 3409 2770 δὲ
3435 2717 3590 2788 βάσιν
3616 2717 3722 2769 οὐκ

2127 2808 2242 2880 ἔχει
2266 2810 2444 2863 κάτω·
2476 2808 2674 2879 ἔμελλε
2697 2810 2808 2880 γὰρ
2835 2811 2869 2879 ἡ
2901 2810 3118 2880 κορυφὴ
3143 2809 3259 2864 άνω
3284 2808 3557 2880 βλέπουσα
3589 2808 3723 2862 πολ-

2127 2902 2256 2965 λοὺς
2283 2903 2494 2972 ἀτμοὺς
2519 2901 2754 2972 θερμοτέ
2767 2919 2893 2972 ρους
2927 2902 3041 2954 ἄνω
3066 2903 3205 2973 πρὸς
3227 2904 3274 2935 ⁷⁵
3296 2902 3388 2955 τὸν
3414 2903 3724 2972 ἐγκέφαλον

2131 2994 2397 3064 πέμπειν,
2430 2994 2526 3048 καὶ
2566 2994 2823 3064 άμείὸειν
2849 2993 2948 3064 τὴν
2977 2994 3218 3065 ψυχικὴν
3243 2995 3289 3027 ⁷⁸
3323 2997 3520 3066 κρᾶσιν
3553 2995 3724 3048 αὑτοῦ

2127 3086 2478 3157 ψυχροτέραν
2501 3086 2562 3150 ἐξ
2589 3087 2769 3156 ἀρχῆς
2801 3089 3113 3155 γεγονυῖαν.
3161 3087 3276 3140 Νῦν
3303 3086 3361 3140 δὲ
3394 3091 3572 3140 κεῖται
3623 3087 3726 3156 μὲν

2133 3182 2166 3252 ἠ
2189 3181 2347 3250 βάσις
2371 3182 2416 3212 ⁷⁷
2448 3180 2624 3248 αὐτῆς
2655 3180 2832 3234 ὀπίσω
2857 3186 2953 3234 καὶ
2977 3181 3091 3234 ἄνω
3110 3197 3124 3212 ⁸
3156 3181 3190 3252 ή
3215 3181 3272 3235 δὲ
3297 3181 3510 3253 κορυφὴ
3533 3183 3727 3252 πρόσω

2134 3276 2231 3328 καὶ
2267 3274 2440 3329 κάτω.
2479 3275 2580 3328 Διὰ
2622 3270 2714 3328 οὖν
2757 3274 2966 3346 ταύτην
2991 3275 3092 3347 τὴν
3130 3276 3314 3330 αίτίαν
3349 3275 3726 3348 θερμαίνουσα

2131 3368 2195 3421 τὸ
2245 3369 2656 3438 περιστέρνιον,
2707 3367 2896 3422 λάσιον
2969 3368 3105 3421 αὐτὸ
3157 3369 3537 3440 ἀπεργάζεται
3604 3373 3728 3434 ταῖς

2134 3459 2300 3529 θριξί.
2349 3461 2613 3530 Διαφέρει
2639 3460 2696 3513 δὲ
2722 3460 2784 3513 τὸ
2817 3461 3003 3515 λάσιον
3037 3461 3131 3514 τοῦ
3160 3461 3352 3526 δασέος
3370 3477 3382 3489 ⁸
3410 3463 3494 3516 ὅτι
3521 3462 3586 3516 τὺ
3625 3463 3717 3532 μέν

2133 3551 2268 3605 δασὺ
2299 3549 2594 3622 θεωρεῖται
2630 3550 2830 3621 πλήθει
2855 3551 2951 3604 καλ⁵
2984 3552 3290 3622 πυκνότητι
3320 3551 3549 3620 τριχῶν,
3587 3550 3646 3604 τδ
3667 3550 3720 3604 δὲ

2132 3643 2324 3697 λάσιον
2351 3644 2412 3696 οὐ
2449 3644 2612 3714 μόνον
2641 3643 2881 3710 τούτοις,
2908 3645 3047 3700 ἀλλὰ
3077 3645 3170 3700 καλ⁵
3206 3644 3430 3714 μεγέθει
3450 3662 3462 3675 ·
3499 3643 3642 3698 ὥστε
3677 3644 3730 3696 εί

2134 3753 2189 3789 τι
2228 3734 2330 3807 μὲν
2359 3734 2568 3802 λάσιον,
2599 3735 2760 3790 τοῦτο
2788 3738 2887 3793 καὶ
2914 3737 3080 3792 δασύ’
3107 3737 3213 3791 εἴτι
3242 3737 3300 3794 δὲ
3323 3737 3479 3804 δασὺ,
3504 3737 3566 3790 οὐ
3592 3736 3730 3789 πάν-

2135 3847 2247 3894 τως
2280 3830 2377 3882 καὶ
2405 3829 2614 3884 λάσιον.
2644 3830 2717 3883 Τὸ
2752 3830 2808 3884 δὲ
2855 3831 3028 3902 δνομα
3058 3831 3471 3902 έτυμολογείται
3494 3828 3537 3860 ⁷⁸
3574 3829 3734 3896 παρὰ.

438 3932 564 3971 cum
617 3925 799 3986 partes
838 3932 961 3986 quae
999 3917 1242 3987 pectoris
1277 3923 1408 3971 sunt
1437 3913 1747 3980 calefacial,
1803 3915 1883 3969 uti
1904 3916 2019 3986 pilis

2136 3922 2199 3975 τὸ
2231 3921 2512 3993 κραδαίνω
2542 3922 2604 3974 τὸ
2652 3923 2820 3976 σείω·
2857 3923 3170 3994 ἀεικίνητος
3197 3922 3308 3994 γὰρ
3341 3925 3376 3994 ὴ
3416 3921 3617 3992 καρδία
3643 3920 3730 3951 τι.

437 4009 759 4072 densentur,
809 4024 973 4064 causa
1012 4008 1246 4064 exsistit.
1277 4009 1436 4073 Nam,
1460 4008 1722 4077 spissum,
1770 4007 2019 4063 densum‘

2137 4013 2263 4067 ὅθεν
2319 4013 2414 4067 καὶ
2465 4012 2754 4084 μέλλοντος
2787 4013 2955 4084 φόϐου
2987 4016 3083 4069 καὶ
3123 4015 3364 4084 ἀγωνίας
3413 4013 3731 4086 σημαντικὴ

437 4118 566 4173 que,
618 4102 764 4174 quod
846 4102 923 4156 illi
987 4101 1192 4168 λάσιον,
1264 4101 1358 4156 καὶ
1438 4101 1576 4156 δασὺ
1663 4101 1876 4169 dicunt,
1945 4103 2019 4156 in-

2139 4106 2259 4159 ἐστι
2293 4104 2556 4177 πηδῶσαο
2585 4106 2662 4170 ὡς
2687 4107 2784 4162 καὶ
2817 4105 3132 4172 Ὀδυσσεὺς,

437 4194 613 4249 vicem
697 4194 1046 4265 discrepant,
1102 4208 1169 4248 eo
1222 4193 1368 4263 quod
1436 4194 1676 4264 spissum
1731 4193 1785 4248 in
1831 4193 2203 4264 multitudine,
2257 4196 2369 4268 95
2461 4197 2879 4270 frequentiaque
2959 4201 3223 4272 pilorum,
3290 4200 3523 4255 densum
3569 4211 3733 4261 vero,

439 4304 551 4344 non
592 4289 754 4344 modo
786 4289 840 4343 in
871 4290 978 4353 his,
1028 4289 1124 4346 sed
1173 4288 1227 4343 in
1271 4287 1652 4358 magnitudine
1703 4289 2026 4344 eorumdem
2065 4305 2298 4347 cernere
2354 4300 2456 4347 est.
2505 4291 2658 4348 Talis
2712 4293 2984 4363 siquidem
3039 4295 3217 4363 locus,
3296 4295 3349 4348 in
3419 4291 3727 4356 nonnullis,

439 4397 551 4437 non
599 4381 763 4436 modo
809 4381 1183 4446 multitudine,
1251 4379 1632 4450 densitateqne
1715 4380 1978 4449 pilorum,
2033 4397 2227 4437 verum
2295 4384 2457 4439 etiam
2521 4385 2835 4454 prolixitate
2898 4387 3137 4444 refertus
3220 4389 3534 4461 inspicitur.
3589 4386 3730 4441 lllnd

439 4474 589 4530 enim
640 4489 670 4529 a
729 4473 934 4528 Graecis
1001 4473 1259 4526 ΚΔΡΔΙΑ
1291 4488 1321 4526 a
1383 4472 1554 4527 verbo
1605 4470 1890 4542 κραδαίνοι
1965 4485 2338 4545 nuncupatur,
2385 4479 2532 4548 quod
2581 4496 2776 4544 moveo,
2827 4482 2941 4538 sive
2998 4484 3181 4554 quatio
3259 4482 3490 4546 diceres,
3554 4497 3620 4536 ex
3661 4497 3734 4535 eo

438 4567 583 4638 quod
623 4565 995 4631 formidinem,
1072 4565 1353 4636 animique
1397 4563 1826 4620 sollicitudinem
1898 4569 2376 4635 supervenientem
2421 4585 2542 4627 sese
2595 4573 2916 4632 concutiens
3002 4573 3247 4630 indicare
3330 4575 3491 4638 solet,
3556 4583 3615 4628 ut
3662 4574 3734 4628 de

445 4657 639 4730 Ulysse
679 4660 822 4728 apud
859 4657 1154 4715 Homerum
1187 4677 1201 4714 :

511 4771 619 4827 Cor
644 4773 747 4828 sibi
781 4774 935 4845 signa
973 4774 1120 4828 dedit
1168 4772 1342 4843 futuri
1373 4773 1446 4826 ad
1481 4771 1688 4825 lumina
1724 4771 1849 4841 fati.
1987 4847 2003 4860 Ι

2135 4773 2348 4827 Πολλὰ
2375 4772 2443 4826 δέ
2472 4775 2527 4826 οἱ
2560 4771 2777 4841 κραδίη
2799 4774 2936 4828 ποτὶ
2961 4773 3213 4829 ὄσσεται
3241 4774 3493 4844 ὄλεθρον
3509 4776 3554 4807 ⁸⁸
3585 4778 3691 4846 (x).

437 4884 504 4941 Et
535 4903 728 4943 rursus
754 4903 768 4940 :

2137 4889 2247 4942 Kal.
2281 4887 2468 4955 πάλιν,

543 4999 656 5055 Nec
683 5018 828 5056 mens
860 5001 1017 5056 laude
1051 5011 1194 5056 caret
1224 5017 1318 5056 nec
1348 5001 1421 5054 mi
1453 5003 1547 5054 sub
1577 5004 1802 5069 pectoris
1825 5001 1954 5068 into,

2135 5002 2245 5060 Kal
2273 5004 2386 5075 γὰρ
2425 5002 2556 5073 ἐμοὶ
2583 5001 2728 5070 νόος
2760 5003 2932 5058 ἐστὶν
2957 5005 3000 5038 ⁸¹
3033 5004 3372 5075 ἐναίσιμος,
3413 5007 3485 5087 of;
3515 5005 3617 5087 δέ-
3625 5025 3737 5074 μοι

3439 5075 3616 5148 [αὐτῇ

518 5136 747 5191 Ferreus
803 5145 882 5192 est
943 5139 1195 5204 animus,
1253 5153 1433 5191 verum
1483 5135 1732 5202 mitisque
1788 5140 2019 5209 piusque,

2133 5149 2332 5218 Θυμός
2358 5149 2450 5204 ἐνὶ
2479 5152 2785 5221 στήθεσσι
2811 5147 3122 5217 σιδήρεος,
3155 5147 3296 5203 ἀλλ’
3327 5135 3731 5220 ἐλεῆμωιῖω).

433 5250 539 5305 Sed
589 5260 646 5306 et
676 5260 1002 5321 prmsentem
1048 5251 1360 5323 angustiam
1419 5250 1565 5306 ferre
1600 5264 1701 5304 nos
1730 5255 1945 5318 suadet,
1970 5263 2032 5310 ut

435 5262 539 5305 δεα
589 5262 646 5306 et
676 5262 1002 5321 prmsentem
1048 5262 1360 5323 angustiam
1419 5262 1565 5306 terre
1600 5264 1701 5304 n03
1730 5262 1945 5318 suadet,
1970 5263 2032 5310 ιιι
2144 5263 2309 5318 Ἀλλὰ
2339 5264 2431 5318 καὶ
2465 5266 2771 5320 ἐνεστῶσαν
2803 5263 3044 5334 ἀγωνίαν
3086 5262 3268 5317 πείθει
3297 5262 3485 5334 φέρειν
3516 5263 3592 5326 ὡς
3628 5263 3730 5326 τὸ,

435 5343 563 5396 illud
591 5362 608 5396 :

433 5357 563 5396 llllltl
591 5362 608 5399 ἓ

504 5483 545 5512 τ’
573 5483 630 5549 ἐξ
655 5497 766 5566 om.
799 5481 860 5548 Β,
886 5484 920 5554 ἢ
948 5483 1098 5539 ἔνδον
1120 5484 1181 5541 C.
1257 5487 1302 5518 "’
1334 5485 1658 5569 καταδραχὺ
1685 5486 1750 5541 C.
1826 5487 1870 5518 ⁷³
1904 5487 1991 5541 ἀεὶ
2017 5486 2204 5540 διώκει
2231 5488 2320 5571 ἀεὶ
2344 5505 2489 5541 στεν.
2517 5490 2584 5542 Α.
2651 5489 2696 5520 ⁷⁵
2731 5491 3096 5613 σμικρότατον
3120 5490 3178 5550 Ρ.
3220 5490 3352 5560 εὗρῖ)
3399 5489 3495 5541 καὶ
3527 5488 3736 5542 κυκλο-

504 5553 591 5613 ρὲς
629 5553 816 5613 βασιςξ
852 5556 912 5608 τὸ
939 5556 993 5610 δὲ
1019 5557 1207 5610 στενὸν
1233 5558 1582 5613 κυκλοτεοως
1604 5560 1710 5613 καὶ
1735 5558 1872 5611 αὐτὸ
1903 5558 2053 5611 ἀνιὸν
2083 5575 2206 5613 κοο.
2247 5559 2384 5613 πλὴν
2413 5562 2447 5613 ἠ
2471 5559 2670 5613 καρδία
2715 5561 2818 5613 κᾶν
2843 5579 2872 5613 τ
2934 5579 3064 5613 κων.
3101 5561 3221 5613 ἔνη.
3261 5560 3399 5613 ἀλλὰ
3430 5559 3530 5613 τὴν
3568 5559 3736 5613 ϐάσιν

434 5553 609 5635 septi
629 5553 816 5635 βάσις
852 5553 1207 5635 τοιδέ-στενὸν
1233 5553 1710 5635 ζυκλστερῶςβςαὶ
1731 5558 1872 5635 αὐτὸ
1903 5558 2053 5635 ἁνιδν
2083 5575 2215 5635 κερΖ
2247 5559 2384 5635 πλὴν
2471 5559 2670 5635 καρδία
2715 5553 2818 5635 κᾷν
2843 5553 2906 5614 τὶ»
2934 5553 3399 5635 κ-ωνᾈεχῃεᾲόξλλᾲ
3430 5559 3530 5635 τὴν
3568 5559 3736 5635 βέ-εέν

433 5623 633 5749 ἕλξις.
663 5623 772 5749 ΒἙ
793 5626 1056 5751 impacti;
1081 5629 1207 5751 Ἅερὶ
1241 5629 1302 5684 Ρ.
1379 5630 1424 5661 ⁷⁸
1457 5623 1694 5704 φυσικὴν
1731 5629 1769 5681 Β
1796 5629 1858 5683 C.
1935 5630 1980 5662 τ’
2001 5631 2034 5700 ἡ
2059 5623 2165 5699 μὲν
2192 5629 2244 5700 β.
2275 5623 2354 5684 Β(
2410 5623 2456 5661 ’δ
2478 5623 2729 5685 καλεῖται
2765 5632 2822 5684 δὲ
2847 5632 3042 5702 καρδία
3074 5623 3260 5689 RW"
3279 5633 3428 5685 ἐστὶν
3455 5623 3538 5704 ἡκ
3568 5623 3634 5683 ⁷Β
3660 5631 3734 5686 Ρ.

511 5873 594 5942 (τ)
626 5871 727 5928 0d.
754 5875 816 5940 Ε,
850 5874 976 5927 389.

2207 5877 2281 5948 (μ)
2309 5874 2411 5931 ou.
2447 5877 2505 5945 ε,
2545 5877 2662 5932 tuo.
