4138 6498
403 410 539 466 ιρι-ι

1651 398 1743 455 DE
1784 397 2075 454 NATURA
2115 393 2429 452 IIOMINIS.

3557 395 3701 453 I‘ZIB

404 525 670 592 Ἰέτλαθι,
693 519 931 594 κραδίη·
949 520 1050 578 καὶ
1073 521 1367 589 κύντερον
1380 517 1537 574 ἄλλο
1556 519 1691 572 ποτ’
1709 517 2004 589 Educta).

2193 513 2410 568 Sumne
2437 528 2550 578 συν,
2591 521 2640 566 et
2671 521 2726 566 ιιι
2757 511 3028 583 quondam
3059 509 3302 583 graviora
3340 509 3578 569 tulisses.

404 617 516 671 Kal
544 615 736 681 πάλιν,

407 729 564 798 Τῷδε
589 728 736 801 μάλ’
769 729 1046 800 ἐμπείσει
1078 728 1296 798 κραδίη
1322 726 1512 798 μένεα
1547 726 1840 795 τετληυῖα
1881 725 1957 799 (a)
1984 741 2000 757 '

403 845 528 899 ἀντ)⁸
554 844 650 899 τοῦ
690 843 926 915 ἐπείσθη
957 845 1018 897 ἐν
1047 842 1256 914 ἠσυχίᾳ
1283 842 1376 897 καὶ
1407 843 1658 914 ὑπομονῇ
1683 837 1825 895 εἶναι
1857 842 1929 896 ⁸’.

490 935 583 1000 Ἐξ
604 936 778 1005 αὑτῆς
805 931 920 1001 οὖν,
940 935 1016 999 ὡς
1038 935 1276 1007 εἴρηται,
1301 934 1364 988 τὸ
1381 933 1616 999 ζωτικὸν
1636 932 1883 1005 πνεῦμα,
1909 934 2006 989 καὶ

401 1031 466 1084 τὸ
499 1029 892 1100 καθαρώτερον
923 1029 971 1061 ⁸³
1001 1031 1100 1083 καὶ
1145 1028 1444 1099 εἰλικρινὲς
1479 1022 1621 1099 αἷμα
1645 1045 1658 1057 ·
1692 1027 1845 1100 καὶὴ
1877 1027 2006 1100 θερ-

409 1124 582 1195 μότης
621 1123 716 1177 ἐπὶ
743 1124 804 1176 τὸ
834 1124 945 1176 πᾶν
979 1121 1143 1192 σῶμα
1166 1121 1258 1175 διὰ
1295 1121 1408 1174 τῶν
1441 1119 1726 1193 ἀρτηριῶν
1765 1123 2007 1190 ἐγκατα-

407 1215 722 1286 σπείρεται.
771 1215 840 1268 Ἣ
877 1215 988 1286 γὰρ
1018 1213 1362 1285 δημιουργὸς
1389 1213 1559 1284 φύσις
1595 1211 1802 1284 πολλὴν
1831 1211 1926 1266 τοῦ
1949 1213 2009 1266 ἐν

409 1309 546 1378 ἡμῖν
566 1306 777 1380 θερμοῦ
801 1307 1155 1378 ποιησαμένη
1181 1306 1463 1378 πρόνοιαν.
1486 1305 1610 1359 δυσὶ
1641 1306 1856 1378 μορίοις
1877 1305 2010 1361 αὐτὸ

412 1400 708 1472 ἐχαρίσατο
731 1402 852 1464 τοῖς
880 1399 1188 1472 ἐξαιρέτοις
1216 1399 1289 1464 ⁸⁸,
1325 1398 1527 1472 καρδίᾳ
1561 1400 1658 1454 καὶ
1693 1399 1888 1471 ἥπατι,
1914 1398 2012 1453 καὶ

415 1495 657 1565 μάλιστα
689 1493 916 1566 καρδίᾳ.
979 1494 1077 1546 Ἐκ
1109 1491 1321 1547 τούτων
1347 1490 1443 1548 οὖν
1472 1493 1570 1547 καὶ
1598 1493 1670 1547 τὰ
1701 1490 1871 1546 λοιπὰ
1913 1492 2014 1562 μό-

416 1603 508 1658 ρια
537 1584 952 1657 μεταλαμϐάνει
981 1585 1080 1638 καὶ
1106 1583 1452 1639 ὲπαπολαύει
1485 1588 1588 1654 τῆς
1631 1582 1880 1655 ἐμφύτου
1909 1583 2014 1637 αὑ-

412 1679 525 1732 τῶν
546 1677 864 1750 ’θερμασίας
879 1677 932 1711 ⁸⁵
951 1694 966 1710 ο
1000 1677 1264 1742 ἐκάστου,
1296 1677 1437 1749 πρὸς
1463 1677 1527 1732 τὸ
1548 1676 1596 1710 ⁸⁸
1646 1677 1881 1749 μέγεθος
1913 1676 2014 1731 καὶ

412 1771 475 1825 τὺ
518 1770 738 1842 ἀξίωμα
768 1773 871 1844 τῆς
913 1770 1224 1842 ἐνεργείας,
1254 1773 1355 1842 τῆς
1378 1769 1646 1842 χορηγίας
1681 1770 1893 1843 ταύτης
1927 1771 2016 1824 ἀεὶ

2183 939 2269 995 Ab
2315 939 2434 1010 ipso
2463 979 2479 1004 ,
2563 937 2833 1008 inquam,
2905 933 3071 989 corde
3105 972 3120 999 ,
3167 941 3228 988 ut
3302 931 3508 988 dictum
3575 942 3704 995 est.

2111 1032 2298 1088 vitalis
2346 1031 2617 1103 spiritus,
2688 1044 2901 1084 necnon
2946 1027 3300 1099 purissimus,
3340 1041 3406 1082 ac
3453 1025 3716 1081 sinceris-

2111 1127 2288 1182 simus
2314 1125 2542 1198 sanguis
2567 1133 2620 1179 ct
2640 1124 2793 1179 calor
2821 1137 2918 1194 per
2947 1133 3122 1178 totum
3147 1136 3352 1192 corpus
3378 1121 3712 1176 arteriarum
3805 1189 3807 1192 ρ

2111 1219 2424 1275 ministerio
2463 1217 2810 1274 diﬂ‘unditur.
2842 1219 3157 1283 Enimvero,
3189 1231 3314 1271 cum
3347 1230 3602 1270 summus
3627 1228 3718 1269 re-

2111 1328 2236 1368 rum
2276 1311 2492 1383 Opifex,
2534 1311 2603 1368 de
2652 1326 2719 1367 eo
2771 1311 2865 1382 qui
2905 1309 2960 1365 in
3014 1310 3177 1365 nobis
3209 1310 3392 1365 calore
3435 1318 3539 1371 est,
3598 1323 3719 1362 ma-

2114 1405 2325 1461 ximam
2389 1419 2581 1460 curam
2644 1412 2848 1474 ageret,
2895 1403 3045 1458 illius
3087 1402 3452 1458 conservandi
3499 1399 3718 1456 duabus

2113 1497 2365 1568 corporis
2414 1497 2589 1553 nostri
2641 1495 2913 1568 partibus,
2947 1494 3103 1550 cordi
3164 1493 3420 1548 videlicet
3497 1490 3717 1560 jecino-

2115 1592 2295 1663 rique,
2337 1591 2432 1646 sed
2479 1590 2633 1646 cordi
2678 1591 3006 1661 praesertim,
3038 1589 3282 1644 ofﬁcium
3338 1585 3717 1642 demandavit.

2115 1677 2201 1734 Ab
2243 1677 2330 1734 his
2362 1693 2604 1749 namque
2655 1687 2710 1734 et
2740 1678 2967 1750 reliqua:
3005 1678 3253 1749 corporis
3281 1675 3456 1732 nostri
3508 1684 3716 1746 partes,

2118 1779 2181 1827 ut
2218 1785 2452 1841 quaque
2480 1778 2584 1834 est,
2623 1785 2724 1840 pro
2757 1771 2844 1826 sui
2875 1780 3068 1842 captus
3096 1770 3328 1834 ratione,
3358 1769 3584 1824 insitum
3621 1767 3719 1838 qui

417 1863 964 1935 μεταλαμϐάνοντος.
1013 1863 1424 1934 Ἀναμὲμικται
1466 1862 1524 1918 δέ
1556 1865 1615 1918 ἐν
1670 1865 1794 1927 ταῖς
1841 1865 2016 1935 ἀρτη-

2125 1861 2177 1917 in
2217 1861 2356 1933 ipsis
2403 1869 2490 1918 est
2535 1861 2801 1928 calorem,
2835 1878 2949 1933 quo
2988 1861 3286 1917 conmissa
3334 1860 3438 1916 sibi
3489 1860 3721 1930 exsequi

414 1955 566 2028 ρίαις
619 1957 867 2020 άπάσαις
915 1955 1009 2010 διὰ
1038 1955 1257 2010 πολλῶν
1301 1954 1454 2009 ὀπῶν
1503 1955 1896 2010 άναπνεουσῶν
1935 1954 2016 2026 τῷ

413 2045 613 2116 αἵματι
634 2047 670 2119 ἡ
692 2045 942 2119 ἀερώδης
961 2045 1144 2112 οὑσία,
1167 2044 1263 2099 καὶ
1286 2045 1411 2100 κατ’
1435 2045 1608 2117 αὑτὴν
1625 2046 1728 2119 τὴν
1749 2044 1981 2119 καρδίαν
1998 2061 2013 2076 °
2077 2035 2080 2038 ’

409 2139 482 2192 δι’
511 2133 583 2211 ἧς
611 2137 917 2194 οἰκειοῦται
952 2139 1054 2212 μὲν
1081 2139 1146 2193 τὸ
1187 2138 1512 2212 εἱλικρινὲς,
1556 2138 1844 2206 ἐξωθεῖται
1877 2139 2020 2194 δὲτὸ

415 2231 759 2296 οἱθαλῶδες⁶
791 2233 853 2287 οὑ
889 2232 1054 2305 μόνον
1098 2232 1193 2287 διὰ
1222 2234 1500 2304 στόματος
1526 2234 1622 2286 κα)⁵
1657 2232 1829 2306 ῥινὸς,
1880 2233 2020 2290 ἀλλὰ

418 2324 515 2379 καὶ
543 2324 634 2379 διὰ
669 2323 782 2378 τῶν
813 2324 1031 2397 ἀδήλων
1055 2325 1264 2396 πόρων.
1309 2324 1569 2394 Ἀδήλους
1593 2324 1652 2379 δέ
1682 2325 1887 2394 πόρους
1919 2326 2022 2397 τὴν

417 2416 681 2489 διαπνοὴν
716 2417 763 2450 ⁸⁷
808 2418 1014 2482 παντὸς
1059 2417 1156 2472 τοῦ
1193 2417 1452 2488 σώματος
1481 2417 1720 2488 λέγομεν
1741 2433 1756 2448 ·
1790 2417 1916 2471 καθ’
1951 2419 2022 2488 ἢν

419 2511 486 2565 ἐκ
536 2511 634 2565 τοὺ
683 2509 906 2581 βάθους,
956 2511 1054 2567 καὶ
1091 2511 1193 2582 τῆς
1244 2509 1516 2580 συστολῆς
1562 2509 1672 2564 τῶν
1711 2509 2020 2581 ἀρτηριῶν,

420 2605 590 2675 ἀτμοὶ
635 2603 884 2659 πλεῖστοι
934 2603 1026 2658 διὰ
1063 2603 1166 2675 τῆς
1229 2603 1540 2675 μανότητος
1584 2599 1680 2658 τοῦ
1747 2602 2024 2677 δέρματος

418 2695 819 2770 διεξέρχονται.

1919 2813 1955 2826 κ

492 2965 655 3022 Μετὰ
690 2963 828 3035 γοῦν
856 2964 952 3019 τὸν
981 2963 1238 3036 θώρακα,
1265 2965 1333 3018 ἐκ
1383 2963 1482 3018 τοῦ
1521 2962 1827 3034 ξιφοειδοῦς
1868 2921 2031 3035 λεγο-ῖ

426 3061 593 3131 μένου
624 3060 875 3132 χόνδρου,
912 3058 974 3123 ὃς
1001 3059 1064 3112 τὸ
1089 3057 1270 3127 πέρας
1297 3058 1415 3112 ἐστὶ
1441 3056 1538 3111 τοῦ
1570 3058 1665 3113 ἐπὶ
1695 3059 1766 3112 τὰ
1790 3058 2028 3130 ὑποχόν-

421 3152 549 3222 δρια
576 3152 799 3223 μέρους,
849 3151 961 3205 ἀπὸ
993 3148 1090 3204 τοῦ
1127 3149 1359 3219 στέρνου
1394 3149 1565 3221 μέχρι
1614 3145 1717 3218 τῆς
1742 3149 1888 3221 ἥϐης
1928 3147 2027 3203 καὶ

2121 1955 2313 2012 munia
2362 1963 2588 2027 queant,
2625 1968 3022 2026 usquequaque
3050 1952 3374 2018 desumunt,
3411 1961 3576 2024 atque
3600 1953 3722 2022 ipso

2121 2047 2402 2105 fruuntur.
2458 2045 2517 2101 In
2578 2047 2798 2103 cunctis
2852 2055 3036 2102 autem
3089 2045 3333 2112 arteriis,
3385 2061 3481 2101 seu
3541 2045 3721 2110 venis,

2122 2153 2283 2195 aerea
2340 2138 2669 2204 substantia,
2721 2153 2846 2210 qua:
2892 2152 2995 2208 per
3042 2136 3282 2209 plurima
3315 2136 3589 2192 foramina
3628 2151 3726 2191 ex-

2124 2233 2296 2299 halat,
2338 2233 2595 2305 sanguini
2629 2232 2865 2300 admista
2918 2241 3024 2296 est,
3080 2230 3241 2302 cujus
3291 2231 3577 2302 sanguinis
3619 2245 3726 2300 pu-

2123 2328 2347 2384 rissima
2373 2327 2554 2399 portio
2585 2327 2640 2381 in
2679 2326 2844 2384 corde
2867 2335 3147 2392 moratur;
3174 2324 3370 2380 adusta
3407 2339 3538 2378 vero
3561 2334 3729 2394 atque

2123 2419 2490 2481 comburens,
2545 2433 2659 2473 non
2709 2416 2876 2471 modo
2949 2431 3047 2471 ore
3097 2414 3472 2483 naribusque,
3531 2427 3726 2467 verum

2124 2512 2289 2567 etiam
2321 2509 2378 2564 in
2411 2509 2580 2565 certis
2601 2508 2877 2564 meatibus
2905 2508 3219 2575 expellitur.
3251 2507 3308 2560 In
3333 2513 3514 2560 certos
3543 2513 3724 2561 autem

2127 2612 2364 2668 meatus,
2417 2601 2586 2657 totius
2615 2602 2869 2672 corporis
2902 2599 3328 2670 respirationem
3361 2597 3725 2666 appellamus,

2125 2710 2237 2766 qua
2276 2709 2390 2766 prae
2418 2692 2750 2749 arteriarum
2787 2690 3184 2755 contractione,
3232 2689 3302 2743 ab
3339 2703 3529 2743 earum
3565 2702 3733 2758 pene-

2127 2789 2422 2846 trabilibus
2466 2787 2722 2860 plurimae
2760 2786 3145 2843 exhalationes
3202 2799 3300 2855 per
3335 2783 3516 2838 laxam
3551 2783 3726 2838 cutim

2065 2893 2071 2902 ’
2125 2882 2508 2955 egrediuntur.

2201 2972 2330 3029 Post
2366 2973 2648 3027 thoracem
2691 2967 2861 3040 igitur
2905 3007 2922 3034 ,
2959 2976 3013 3022 et
3052 2966 3429 3039 cartilaginem
3467 2981 3591 3036 qure
3619 2964 3735 3036 gla-

2128 3067 2293 3125 diaIis
2310 3065 2535 3131 dicitur,
2573 3073 2767 3135 utpote
2795 3079 2918 3134 qua:
2952 3063 3123 3132 partis
3143 3061 3213 3117 ad
3252 3060 3731 3132 hypochondrium

2130 3160 2402 3216 terminus
2449 3168 2573 3224 est;
2637 3155 2786 3228 quod
2844 3155 3096 3211 videlicet
3144 3171 3172 3209 a
3227 3165 3448 3225 pectore
3501 3153 3616 3226 96
3665 3153 3734 3208 ad

421 3243 533 3297 τῶν
561 3243 773 3313 ταύτης
800 3239 1013 3312 μερῶν,
1044 3239 1185 3310 ὅπερ
1215 3239 1311 3292 καὶ
1335 3236 1530 3291 κύστιν
1568 3236 1872 3308 καλοῦμεν,
1903 3237 2023 3290 ἐπι-

2134 3253 2334 3326 pubem
2385 3265 2564 3321 usque
2609 3249 2840 3320 ejusque
2873 3257 3058 3320 partes
3097 3248 3292 3313 tendit,
3335 3263 3477 3318 quas
3508 3257 3566 3302 et
3604 3264 3736 3302 ven-

423 3336 720 3407 γάστριον
754 3333 1011 3388 καλεῖται
1045 3332 1107 3385 τὸ
1151 3333 1264 3385 πᾶν
1290 3346 1304 3360 ’
1338 3330 1478 3402 ὅπερ
1514 3331 1597 3394 εἰς
1625 3329 1754 3403 τρία
1795 3329 2026 3404 διαιρεῖ-

425 3445 554 3483 ται·
593 3426 677 3489 εῑς
721 3443 781 3478 τε
812 3423 1238 3494 ἐπιγάστριον,
1289 3421 1387 3474 καὶ
1443 3421 1882 3491 ὑπογάστριον,
1930 3422 2027 3476 καὶ¹

421 3517 612 3592 ἦτρον
639 3515 708 3568 ⁸⁸.
748 3516 825 3568 Τὸ
884 3516 985 3585 μὲν
1033 3509 1130 3567 οὖν
1179 3515 1556 3585 ὑπογάστριον
1603 3513 1697 3567 τὸν
1747 3514 2029 3583 ὀμφαλὸν

423 3607 738 3678 καλοῦμεν·
787 3606 851 3661 τὸ
882 3606 942 3660 δέ
987 3605 1202 3660 ἄνωθεν
1257 3605 1425 3660 αὑτοῦ
1467 3605 1530 3659 τὸ
1584 3606 1684 3677 μὲν
1725 3607 2028 3676 μετέωρον

423 3702 822 3772 ἐπιγάστριον
851 3699 1124 3763 καλεῖται,
1153 3698 1346 3770 ἐπειδὴ
1387 3697 1664 3752 ἐπίκειται
1691 3701 1759 3770 τῇ
1783 3700 1987 3773 γαστρί
2007 3716 2022 3733 ⁸

425 3795 487 3849 τὸ
512 3795 568 3850 δέ
589 3794 782 3865 ἕτερον
807 3791 1246 3862 ὑπογάστριον,
1265 3791 1464 3864 ἐπειδὴ
1492 3791 1843 3862 ὑποϐέϐηκεν
1862 3793 2026 3865 αὑτῇ.

426 3888 501 3942 Τὸ
545 3888 602 3941 δὲ
635 3886 732 3940 τοῦ
761 3883 1014 3956 ὀμφαλοῦ
1059 3885 1362 3955 κατωτέρω
1416 3884 1606 3953 ἦτρον
1655 3884 1701 3916 ⁸⁸
1750 3902 2030 3956 προσαγο-

428 3980 669 4054 ρεύομεν
695 3995 708 4010 ·
754 3978 818 4031 τὸ
853 3979 911 4032 δὲ
956 3977 1224 4032 ὑποκάτω
1260 3977 1373 4030 τῶν
1418 3976 1663 4048 διδύμων
1731 3978 2027 4047 περινιον.

427 4076 572 4131 ὐσα
599 4074 703 4148 μὲν
733 4068 828 4127 οὖν
856 4073 938 4137 εἰς
960 4071 1326 4144 ἐπιγάστριον
1355 4071 1606 4145 διῃρέθη,
1630 4072 1723 4125 τὸν
1751 4072 2028 4145 στόμαχον

425 4171 753 4243 περιέχουσι
807 4167 905 4223 καὶ
949 4166 1202 4237 γαστέρα
1259 4165 1362 4238 τὴν
1406 4167 1522 4221 ἀνω
1546 4183 1560 4198 ο
1603 4165 1904 4240 δεξιώτερα
1966 4169 2030 4222 τὸ

424 4260 583 4337 ἧπαρ
642 4262 741 4316 καὶ
785 4261 880 4315 τὸν
943 4259 1158 4332 σπλῆνα
1215 4261 1276 4314 ἐν
1335 4261 1454 4325 τοῖς
1488 4260 1827 4330 ἀριστεροῖς,
1881 4260 2030 4334 ἅπερ

427 4357 722 4429 ἀμφότερα
758 4352 1095 4423 σπλάγχνα
1126 4353 1403 4415 καλεῖται,
1434 4351 1524 4405 διὰ
1562 4351 1626 4404 τὸ
1656 4351 1897 4424 διασπᾷν
1929 4351 2030 4426 τὴν

426 4452 638 4522 τροφήν
660 4466 674 4481 ο
708 4449 778 4502 τὰ
805 4447 948 4502 αὑτὰ
967 4446 1025 4500 δέ
1054 4447 1150 4500 καὶ
1177 4443 1474 4517 ὀργανικὰ.

2131 3356 2272 3403 trem
2329 3359 2764 3414 nuncupamus;
2801 3357 2988 3408 omne,
3019 3341 3271 3411 inquam,
3319 3339 3452 3395 illud
3491 3340 3734 3410 spatium

2131 3437 2488 3495 subventrilis
2543 3451 2673 3506 pars
2720 3433 2963 3496 dicitur,
3003 3433 3151 3503 quod
3207 3443 3264 3486 et
3286 3431 3554 3486 trifariam
3580 3431 3735 3487 .divi—

2129 3531 2300 3598 ditur,
2339 3529 2395 3584 in
2439 3528 2780 3598 superiorem
2820 3525 3076 3580 videlicet
3147 3533 3202 3580 et
3243 3524 3557 3580 inferiorem
3593 3540 3732 3580 ven-

2129 3630 2309 3689 trem,
2381 3629 2547 3692 atque
2605 3618 2901 3696 abdomen.
2977 3616 3044 3672 Et
3106 3616 3424 3676 inferiorem
3460 3609 3721 3688 ‘quidem

2133 3723 2420 3778 ventrem,
2467 3711 2792 3767 umbilicum
2851 3708 3214 3781 appellamus.
3271 3709 3357 3780 Ab
3420 3707 3548 3782 inde
3601 3723 3736 3763 vero

2133 3821 2380 3878 superna
2412 3821 2564 3877 pars,
2595 3820 2721 3876 quae
2770 3803 3062 3858 sublimior
3086 3811 3194 3868 est,
3224 3802 3370 3872 quod
3400 3801 3526 3856 alvo
3547 3800 3738 3874 :immi-

2132 3907 2284 3964 neat,
2322 3899 2779 3969 superiorventer
2802 3905 3160 3966 nuncupatur
3192 3910 3354 3965 :pars
3368 3906 3498 3968 ve'ro
3539 3895 3735 3961 altera,

2133 3991 2290 4046 alvus
2345 3991 2590 4058 scilicet,
2651 3990 2800 4061 quod
2850 3989 2954 4060 ipsi
2987 3989 3164 4043 ventri
3222 3988 3434 4051 subsit,
3505 3986 3736 4044 inferior

2109 4093 2330 4152 ,venter
2381 4085 2706 4155 appellatur.
2764 4081 2870 4137 Sed
2919 4090 3106 4153 partes
3151 4082 3291 4137 imas
3347 4081 3416 4136 ab
3475 4081 3739 4137 umbilico

2133 4170 2304 4249 ἦτρον
2333 4176 2534 4242 dictas,
2587 4173 2901 4232 abdominis
2947 4183 3003 4229 et
3056 4173 3220 4245 pubis
3281 4174 3404 4244 loca
3451 4189 3740 4230 vocamus.

2139 4268 2389 4323 Inlimam
2429 4277 2612 4324 autem
2646 4278 2859 4340 partem
2894 4283 3019 4340 quae
3050 4267 3154 4324 sub
3181 4267 3414 4322 testibus
3439 4275 3544 4329 est,
3580 4267 3744 4338 περί-

2137 4378 2280 4425 νεον.
2332 4363 2438 4418 hoc
2480 4373 2565 4418 est
2593 4364 2770 4418 colem
2805 4371 3151 4432 nuncupant.
3185 4358 3542 4432 Quaecunque
3570 4360 3740 4427 igitur

2139 4453 2195 4508 in
2249 4455 2590 4525 superiorem
2634 4464 2884 4511 ventrem
2933 4454 3111 4510 divisa
3169 4463 3322 4519 sunt,
3369 4453 3742 4517 stomachum,

425 4554 483 4601 et
521 4545 860 4617 superiorem
913 4541 1202 4598 ventriculi
1254 4548 1465 4611 partem
1509 4537 1794 4594 continent
1833 4562 1845 4596 :
1882 4548 1938 4596 et
1986 4556 2017 4598 a
2075 4543 2287 4604 dextris
2314 4548 2494 4619 jecur,
2562 4564 2594 4603 a
2669 4548 2914 4606 sinistris
2956 4561 3088 4603 vero
3140 4547 3248 4602 lien
3287 4547 3556 4611 cernitur,
3602 4563 3745 4617 quo-

428 4653 552 4691 rum
615 4643 912 4707 ntrmnque
971 4633 1204 4689 visceris
1263 4630 1690 4702 appellationem
1763 4633 2023 4690 desumit.

2125 4653 2207 4694 am
2252 4640 2330 4694 illi
2392 4639 2682 4712 σπλάγχνα
2735 4641 2951 4697 viscera
3000 4639 3195 4694 dicunt
3261 4636 3353 4691 διὰ
3403 4637 3466 4693 τὸ
3508 4637 3746 4710 διασπᾷν

427 4729 528 4803 τὴν
557 4729 788 4802 τροφήν,
846 4728 993 4799 quod
1025 4725 1273 4782 alimenti
1313 4725 1383 4780 ab
1433 4724 1514 4782 eis
1565 4725 1859 4783 Visceratio
1910 4729 2028 4799 Iiat;
2071 4731 2348 4791 haecenim
2371 4745 2425 4792 et
2459 4735 2903 4792 instrumentalia
2935 4743 3084 4791 sunt.

746 4841 894 4908 Κεφ.
937 4838 1047 4896 IH'.
1086 4866 1158 4879 -—
1189 4839 1330 4910 Περὶ
1361 4839 1702 4911 στομάχου.

505 4958 663 5012 Ἔστι
690 4956 749 5010 δέ
776 4957 806 5009 ὀ
838 4955 1116 5026 στόμαχος
1146 4955 1448 5027 νευρώδης,
1475 4956 1766 5028 ἐργαλεῖον
1793 4958 2030 5031 ὀρέξεως

431 5052 528 5106 καὶ
549 5049 938 5112 καταπόσεως,
975 5049 1236 5120 καὶπρὸς
1265 5049 1445 5123 ὑγρὰς
1467 5051 1565 5105 καὶ
1605 5051 1784 5124 ξηρὰς
1819 5056 2033 5124 τροφὰς

433 5145 765 5217 ἐπιτήδειος.
815 5143 1060 5212 Λέγεται
1103 5142 1162 5196 δέ
1203 5143 1539 5214 στόμαχος,
1567 5143 1653 5200 ὅτι
1689 5146 1762 5200 τὰ
1795 5147 1906 5201 άπὸ
1937 5147 2033 5201 τοῦ

435 5238 710 5310 στὸματος
741 5240 824 5302 είς
861 5238 1030 5292 αὑτὸν
1055 5240 1270 5310 χεῖταιο
1303 5238 1371 5292 ἄν
1399 5255 1460 5292 τε
1493 5239 1661 5311 ὑγρὰ,
1693 5240 1760 5295 ἄν
1779 5257 1842 5294 τε
1868 5241 2032 5314 ξηρά.

437 5331 512 5385 Ἣ
537 5327 650 5385 οἷον
685 5333 1006 5402 σιτόμαχος,
1034 5334 1063 5386 ὀ
1097 5334 1214 5396 τοῖς
1235 5331 1430 5396 σιτίοις
1459 5333 1780 5405 μαχόμενος
1808 5335 1856 5366 '°
1880 5350 1896 5365 '
1921 5334 2039 5388 θλί-

436 5424 727 5497 ϐουσιγὰρ
773 5425 975 5479 αὐτόν’
1003 5425 1038 5497 ἢ
1092 5426 1122 5478 ὀ
1169 5425 1373 5480 θλίϐων
1421 5424 1666 5497 ἔμπαλιν
1698 5425 1900 5495 ταῦτα,
1948 5428 2038 5483 ῖνα

520 5558 570 5594 ⁸³
615 5561 738 5631 haec
779 5561 848 5615 ab
911 5575 1086 5628 usque
1149 5560 1291 5616 ἀλλὰ
1351 5561 1450 5615 καὶ
1510 5563 1692 5617 ἐνεστ.
1750 5577 1864 5618 om.
1941 5562 2004 5631 Il,

2164 5579 2309 5619 vers.
2372 5564 2469 5618 lat.

437 5633 530 5705 C._
603 5630 654 5663 “
694 5633 821 5705 κατ’
854 5631 1216 5705 ἐξαίρετον-Β
1245 5634 1286 5705 C
1330 5632 1404 5705 P1
1493 5633 1541 5665 ⁸⁸
1577 5634 1746 5705 θερμ.
1785 5634 1912 5689 αὑτ.
1948 5630 2010 5692 Β.

435 5705 480 5738 ⁸⁷
510 5702 775 5774 διαπνοὴν
802 5704 897 5757 καὶ
928 5699 1206 5775 ἀναπνοὴν
1255 5704 1321 5768 Ρ,
1374 5699 1532 5830 ﬁgant
1583 5699 1661 5774 Β,’
1685 5699 1842 5779 ῖτρον
1863 5707 1934 5763 Α.

445 5793 607 5830 στου..
643 5775 728 5828 δτι
759 5775 875 5830 τοῖς
915 5774 1108 5830 σιτίοις
1139 5775 1376 5830 μάχεται
1451 5815 1464 5830 .

445 5793 607 5848 στομ.
643 5775 728 5828 δτι
759 5775 875 5838 τοῖς
915 5774 1108 5842 σιτίοις
1139 5774 1376 5848 μάχεται
1400 5774 1464 5832 Β.

509 5894 586 5969 (ι)
613 5892 719 5952 0d.
753 5895 822 5962 Υ,
859 5895 947 5952 18.

2062 4853 2109 4909 D

2486 4849 2617 4924 Cap.
2661 4848 2850 4910 XVIII.
2875 4880 2948 4891 —
2980 4848 3061 4905 De
3094 4848 3388 4904 stomacho.

2215 4965 2550 5023 Stomachus
2577 4973 2767 5023 autem
2800 4966 2990 5022 nervis
3013 4965 3252 5021 refertus
3275 4975 3380 5032 est,
3399 4973 3454 5018 et
3473 4963 3612 5019 idem
3633 4962 3752 5017 om.

2143 5059 2268 5114 cina
2290 5067 2408 5115 tum
2437 5060 2756 5132 appetendi,
2785 5069 2902 5116 tum
2933 5059 3264 5116 conﬁciendi
3285 5068 3394 5114 tam
3416 5058 3544 5114 sicci
3579 5073 3745 5129 quam

2145 5150 2355 5206 humidi
2381 5151 2624 5206 alimenti
2643 5153 2939 5223 peridonea
2970 5151 3225 5207 habetur.
3245 5151 3325 5206 Illi
3361 5151 3635 5221 στόμαχον
3664 5150 3751 5205 di-

2145 5253 2278 5300 Cnnt
2300 5244 2381 5298 ὅτι
2415 5243 2527 5298 dum
2554 5245 2650 5299 τοῦ
2676 5245 2946 5316 στόματος
2971 5246 3055 5308 είς
3090 5243 3256 5298 αὑτὸν
3282 5245 3479 5314 χεῖται,
3499 5242 3628 5313 quia
3653 5257 3751 5312 per

2146 5350 2209 5390 os
2228 5335 2343 5390 sive
2365 5334 2654 5391 humidum
2683 5336 2798 5391 sive
2821 5335 2954 5390 illud
2975 5337 3182 5391 siccum
3208 5334 3526 5389 alimentum
3560 5331 3747 5398 fuerit,

2148 5428 2329 5498 ipsum
2347 5427 2678 5484 infunditur.
2699 5426 2970 5500 Velquasi
2987 5427 3282 5500 σιτόμαχος
3297 5427 3448 5498 quod
3469 5440 3595 5482 cum
3624 5425 3751 5481 cibo

2586 5562 2635 5595 ”
2679 5560 3062 5632 καθαρότατον
3124 5561 3190 5633 BA
3225 5561 3289 5627 P,
3358 5557 3752 5633 καθαρώτατον

2120 5636 2168 5667 ⁸⁸
2196 5635 2336 5706 πρὸς
2380 5635 2443 5689 τὸ
2471 5633 2572 5700 τῆς
2600 5635 2748 5704 ὲνερ.
2783 5631 2988 5706 μέτρον
3033 5631 3230 5704 μεταλ.
3263 5633 3434 5702 αὐτῆς
3469 5631 3638 5704 ἀναμ.
3682 5632 3748 5686 Ρ.

2059 5706 2106 5739 es
2139 5701 2310 5780 ἦτρον
2347 5706 2408 5760 Β,
2512 5697 2558 5738 59
2591 5699 2792 5780 ἦτρονΔ
2815 5705 2858 5758 Β
2889 5707 2952 5774 υ,
2994 5705 3144 5778 [τρον
3170 5707 3259 5759 ~A.
3365 5703 3412 5737 ⁹⁰
3443 5702 3661 5773 λέγεται
3690 5703 3748 5757 δὲ

2512 5697 2558 5738 δ’
2591 5697 2858 5786 ἦτρονξθ
2889 5697 2952 5774 Ε,
2994 5697 3144 5778 [τρον
3170 5707 3259 5759 Ἀ.
3365 5697 3412 5737 ’δ
3443 5697 3661 5773 λέγεται
3690 5703 3752 5757 δὲ

2228 5890 2306 5964 (ιι)
2329 5889 2432 5947 ou.
2473 5890 2539 5956 γ,
2573 5889 2672 5968 τε,
