4138 6498
462 413 599 468 lilii

1740 401 2024 458 MELETII
2066 399 2375 457 MONACIII

3597 400 3737 455 1:230

458 531 626 597 ﬂigat,
671 525 786 596 ipse
817 523 962 578 enim
987 537 1017 577 a
1053 521 1178 577 cibo
1194 519 1482 590 premitur,
1511 526 1566 574 et
1586 518 1770 573 cibum
1804 517 2046 573 vicissim

2152 514 2533 587 καταϐιϐασθῇ
2549 531 2564 548 ·
2583 514 2807 584 λέγεται
2850 516 2946 569 καὶ
2969 517 3300 586 στόμαχος,
3328 515 3357 570 ὃ
3382 517 3498 570 ἐστι
3521 523 3744 591 μηχανὴ

459 621 576 690 ipse
616 617 837 688 premit,
875 616 1005 670 dum
1035 615 1212 684 ipsum
1245 613 1311 668 ad
1346 613 1445 667 sibi
1483 611 1794 681 praescripta
1820 611 1937 665 loca
1954 612 2050 665 de-

461 711 680 764 mittere
701 706 918 776 satagit.
947 702 1042 757 Vel
1068 704 1190 758 inde
1219 701 1538 757 stomachus
1555 701 1733 755 dictus
1757 700 1902 764 est,6
1935 699 2053 753 ἐστὶ

465 801 682 873 μηχανὴ
730 798 839 852 τῶν
896 797 1100 860 σιτίων,
1167 795 1324 862 quasi
1375 793 1620 847 ciborum
1680 792 1932 846 machina
1959 791 2052 858 sit,

2154 608 2267 661 τῶν
2301 607 2490 662 σιτίων
2520 608 2590 661 ’⁸.
2633 607 2822 662 ’Ἄλλοι
2863 608 2921 662 δὲ
2962 610 3026 662 ὲκ
3079 608 3175 661 τοῦ
3239 608 3419 679 στόμα
3468 613 3746 681 στόμαχον

2155 699 2398 769 λέγουσι,
2439 699 2529 753 διὰ
2551 701 2644 756 τὸν
2676 701 2777 771 τὴν
2813 701 3076 773 μάστακα
3095 701 3140 733 ’³
3167 702 3226 768 ἐξ
3253 701 3426 756 αὑτοῦ
3467 702 3742 773 δέχεσθαι,

2158 794 2409 848 τουτέστι
2443 793 2544 866 τὴν
2569 796 2782 866 τροφήν
2805 811 2821 827 ο

460 895 756 967 quaeipsos
777 891 1051 946 conficiat.
1101 888 1240 940 Sunt
1285 887 1377 956 qui
1429 886 1777 941 stomachum
1835 887 1901 938 ὲκ
1951 884 2048 938 τοῦ

2152 887 2380 958 κόματος,
2405 888 2472 942 ab
2504 903 2600 942 ore
2658 888 2909 944 videlicet
2971 888 3176 943 dictum
3217 889 3406 953 velint,
3435 889 3524 942 διὰ
3555 887 3616 941 τὸ
3644 885 3750 956 τὴν

464 989 718 1058 μάστακα
754 984 813 1048 ἐξ
862 983 1025 1036 αὐτοῦ
1049 979 1320 1049 δέχεσθαι,
1355 979 1497 1048 quod
1538 979 1607 1032 ab
1647 993 1741 1032 ore
1776 993 2052 1045 mansum,

2177 990 2263 1036 est
2283 983 2604 1036 alimentum
2627 981 2912 1052 suscipiat,
2950 982 3156 1038 utillud
3190 999 3204 1034 :

571 1101 639 1156 Ut
670 1100 895 1155 volucris
930 1113 1175 1150 mansum
1202 1094 1364 1165 pullis
1389 1094 1738 1164 implumibus
1763 1093 1942 1162 affert,

567 1193 720 1258 Quod
755 1192 994 1259 capiant.

527 1308 775 1374 Quonam
823 1313 1006 1360 autem
1060 1312 1221 1373 pacto
1260 1302 1582 1358 stomachus
1621 1300 1893 1370 appetitus
1931 1299 2054 1354 olli-

456 1401 580 1456 cina
615 1399 708 1464 sit,
747 1413 815 1452 ex
856 1397 943 1452 his
974 1395 1263 1465 perspicue
1291 1395 1513 1465 patebit.

523 1579 796 1647 Quoniam
843 1577 1161 1634 stomachus
1218 1579 1356 1648 ipse,
1411 1586 1472 1632 ut
1520 1577 1726 1632 dictum
1773 1587 1878 1642 est,
1917 1593 2046 1632 cum

453 1675 724 1744 appetitus
759 1671 1190 1740 conﬁciendique
1222 1671 1327 1724 cibi
1359 1669 1578 1724 ol‘licina
1614 1673 1704 1730 sit.
1724 1670 2046 1725 alimentqu

454 1767 524 1820 ab
545 1781 640 1820 ore
671 1764 900 1834 suscipit
929 1782 942 1818 :
982 1763 1343 1817 habetautem
1380 1763 1560 1817 sinum
1593 1763 1661 1817 ad
1695 1763 1854 1818 linem
1879 1763 2049 1817 carti-

457 1859 673 1929 laginis,
700 1872 823 1928 quae
868 1855 1114 1926 gladialis
1144 1854 1371 1920 dicitur,
1399 1854 1480 1923 in?
1509 1871 1672 1926 quem
1705 1855 1815 1926 97
1863 1871 1958 1924 per
1988 1871 2051 1910 os

455 1952 757 2006 demissum
775 1947 959 2004 cibum
978 1950 1242 2004 recondit.
1261 1945 1378 2002 Non
1402 1948 1635 2002 multum
1651 1955 1776 2017 post
1791 1949 2052 2018 temporis

455 2055 666 2108 venter,
715 2059 838 2113 quae
866 2058 1040 2113 nuper
1062 2042 1119 2096 in
1143 2041 1489 2096 stomachum
1531 2041 1768 2096 demissa
1812 2039 2048 2105 fueram,

455 2154 567 2210 quo
588 2153 651 2192 ea
678 2136 911 2208 jecinori
938 2143 993 2190 ct
1020 2133 1296 2188 intestinis
1320 2133 1683 2202 impertiatur,
1702 2135 1960 2188 desumit.
1984 2133 2050 2188 Et

450 2229 684 2300 jccinori
721 2228 941 2298 quidem
987 2225 1228 2280 alimenti
1265 2239 1523 2290 succum;
1579 2225 1855 2280 intestinis
1896 2240 2048 2289 vero,

457 2321 716 2377 stercoris
739 2319 1026 2374 materiam
1072 2317 1339 2388 applicat;
1363 2317 1584 2386 quando
1617 2317 1838 2387 quidem
1863 2331 2054 2371 excrc-

457 2421 659 2479 menta,
683 2410 1145 2482 quemadmodum
1201 2409 1456 2479 superius
1485 2410 1921 2465 demonstratum
1942 2417 2050 2472 est,

456 2520 580 2559 cum
602 2504 654 2558 in
673 2512 885 2558 stercus
907 2515 1172 2557 conversa
1192 2511 1484 2571 egestaque
1501 2500 1729 2568 fuerint,
1743 2502 2052 2572 etparticu-

455 2597 521 2651 ιω
538 2610 731 2650 omnes
755 2609 1058 2663 congruum
1093 2593 1412 2647 alimentum
1432 2593 1858 2663 absumpserint,
1874 2604 2051 2650 totum

457 2700 659 2754 corpus
687 2685 757 2739 ab
780 2684 1074 2738 ambientis
1116 2698 1217 2737 nos
1249 2684 1394 2738 aeris
1425 2684 1475 2737 vi
1504 2684 1795 2740 conﬁcitur
1833 2696 1886 2741 et
1911 2688 2054 2742 hanc

461 2778 841 2831 necessitatem
861 2775 1043 2829 omnia
1064 2789 1186 2844 quae
1204 2775 1305 2829 sub
1319 2776 1728 2843 generationem
1746 2779 2056 2846 corrupt-io-

461 2881 696 2935 nemque
730 2866 953 2928 cadunt,
987 2874 1254 2934 perpetuo
1297 2865 1623 2918 sortiuntur.
1675 2863 1956 2934 Siquidem
1999 2875 2054 2920 et

462 2957 670 3026 lapides
717 2955 862 3024 longi
923 2954 1188 3023 temporis
1233 2969 1409 3008 aevum
1468 2954 1746 3018 diminuit,
1805 2955 1885 3009 uti
1937 2956 2052 3020 alii,

462 3062 628 3118 quant
651 3045 930 3115 quondam
963 3043 1090 3098 facti
1133 3043 1351 3098 fuerant
1373 3043 1682 3098 videantur.
1709 3043 1850 3099 Tum
1875 3045 2054 3116 quod-

2167 1095 2267 1161 Ὦς
2299 1097 2352 1151 δ’
2379 1097 2541 1165 ὅρνις
2564 1096 2797 1164 ἀπτῆσι
2823 1097 3143 1151 νεοσσοῖσι
3169 1096 3509 1167 προφέρῃσι

2153 1169 2454 1232 Μάστακ’,
2489 1169 2650 1234 ἐπήν
2678 1185 2748 1222 κε
2773 1169 3042 1237 λάϐῃσιν
3071 1169 3116 1200 ³³
3150 1169 3247 1238 (b).

2228 1283 2460 1354 Εἴρηται
2493 1283 2550 1336 δὲ
2577 1282 2674 1338 καὶ
2697 1283 2794 1336 ἐπὶ
2819 1281 2915 1336 τοῦ
2947 1283 3218 1352 πόματος.

2168 1376 2322 1430 Ἀλλ’
2362 1375 2706 1443 Ὀδυσσεὺς
2732 1377 2832 1431 ἐπὶ
2871 1375 3158 1446 μάστακα
3186 1376 3364 1446 χερσὶ
3403 1375 3563 1437 πίεζε
3585 1376 3742 1447 ⁸⁸(ε).

2227 1469 2356 1532 Πῶς
2382 1468 2442 1524 δέ
2472 1471 2622 1522 ἐστιν
2653 1468 2940 1540 ἐργαλεῖον
2971 1468 3229 1540 ὀρέξεως.
3251 1464 3354 1522 ὦδε
3382 1471 3429 1504 ⁸⁸
3456 1470 3670 1525 σκόπει.

2239 1561 2297 1616 Ὀ
2328 1562 2626 1633 στόμαχος,
2650 1561 2836 1626 καθὼς
2871 1563 3111 1634 εῐρηται,
3149 1561 3388 1635 ὀρέξεως
3432 1564 3526 1616 καὶ
3571 1579 3746 1616 κατα-

2156 1655 2369 1718 πόσεως
2397 1655 2686 1724 ἐργαλεῖον
2720 1655 2985 1726 ὑπάρχων
3019 1656 3086 1718 ⁹⁶,
3132 1655 3354 1725 δέχεται
3387 1655 3486 1726 τὴν
3534 1656 3746 1727 τροφὴν

2154 1748 2223 1801 ὲκ
2245 1747 2342 1801 τοῦ
2372 1748 2666 1818 στόματος.
2706 1748 2860 1818 Ἔχει
2899 1748 2959 1801 δὲ
2984 1748 3148 1811 κύτος
3182 1749 3350 1811 αὐτὸς
3379 1749 3520 1818 πρὸς
3551 1749 3613 1801 τὸ
3644 1750 3746 1801 πέ-

2085 1819 2125 1874 B
2154 1857 2255 1912 ρας
2277 1839 2373 1893 τοῦ
2402 1840 2709 1909 ξιφοειδοῦς
2735 1841 2986 1912 χόνδρου,
3012 1841 3092 1904 εἰς
3109 1841 3137 1896 ὃ
3162 1840 3674 1912 καταϐιδαξόμενος
3697 1842 3747 1872 ⁸⁷

2152 1931 2363 1986 τίθεται
2394 1935 2463 1988 τὰ
2493 1932 2786 2004 βρώματα.
2815 1935 2972 1989 Μετὰ
2993 1930 3088 1988 οὖν
3117 1936 3316 2006 μικρὸν
3342 1937 3556 2007 χρόνον.
3591 1934 3749 1990 ἕλκει

2153 2025 2214 2089 ἒξ
2245 2024 2430 2079 αὐτῶν
2455 2028 2489 2096 ἡ
2534 2027 2752 2098 γαστὴρ
2788 2027 2893 2098 ἤδη
2927 2027 3017 2093 τὰ,
3055 2028 3201 2100 άπερ
3243 2023 3357 2099 εἶχε
3390 2029 3658 2100 πρότερον
3674 2031 3745 2093 ’⁸,

2150 2117 2562 2190 μεταπέμψασα
2581 2118 2660 2190 τῷ
2684 2120 2859 2190 ἥπατι
2892 2122 2987 2174 καὶ
3013 2123 3130 2184 τοῖς
3151 2121 3418 2192 ἐντέροις.
3456 2120 3546 2190 Τῷ
3571 2121 3748 2190 ἥπατι

2151 2207 2256 2278 μὲν
2283 2209 2374 2263 τὸν
2403 2209 2586 2279 χυλὸν,
2627 2213 2744 2274 τοῖς
2787 2209 3032 2282 ἐντέροις
3068 2211 3126 2264 δὲ
3167 2211 3239 2264 τὰ
3295 2211 3574 2265 σκύϐαλα·
3621 2212 3750 2264 ἐπεὶ

2146 2296 2246 2355 οὖν
2277 2302 2728 2372 άπεσκυὸαλίσθη
2765 2305 2862 2358 καί
2893 2305 3173 2374 ἀπεκρίθη
3206 2305 3275 2358 τά
3321 2303 3746 2375 περιττώματα,

2152 2392 2340 2456 καθὼς
2387 2397 2608 2465 εἴρηται
2663 2396 2948 2467 ἀνωτέρω,
2979 2396 3192 2468 ἐτράφη
3226 2396 3284 2449 δὲ
3313 2399 3412 2450 καὶ
3444 2397 3625 2451 πάντα
3671 2399 3748 2450 τα

2153 2487 2327 2558 μόρια
2389 2490 2456 2558 τῇ
2506 2488 2832 2560 καταλλήλῳ
2881 2491 3080 2559 τροφῇ,
3136 2488 3440 2560 διεφορήθη
3483 2489 3630 2544 άπαν
3683 2492 3751 2542 τὸ

2155 2579 2321 2650 σῶμα
2345 2581 2451 2634 ὑπὸ
2482 2580 2585 2651 τῆς
2614 2580 2710 2635 τοῦ
2761 2582 3125 2653 περιέχοντος
3155 2582 3361 2652 βάρους
3397 2582 3522 2652 βίας
3547 2599 3560 2613 ’
3614 2583 3750 2635 ταύ-

2153 2693 2256 2745 την
2289 2677 2334 2707 ⁹⁹
2363 2675 2472 2746 γάρ
2504 2674 2668 2745 ἔλαχε
2696 2675 2797 2744 τὴν
2831 2677 3084 2746 ἀνάγκην
3115 2677 3298 2730 πάντα
3328 2677 3399 2730 τὰ
3438 2677 3499 2728 ὲν
3528 2676 3747 2745 γενέσει

2156 2769 2251 2821 καὶ
2288 2767 2467 2838 φθορᾷ
2485 2769 2827 2840 τυγχάνοντα
2847 2782 2860 2796 °
2894 2770 3090 2839 ὁρᾶται
3111 2770 3221 2840 γὰρ
3249 2769 3326 2840 τῷ
3359 2769 3542 2840 πολλῷ
3562 2770 3747 2840 χρόνῳ

2155 2859 2256 2912 καὶ
2285 2859 2434 2923 λίθος
2468 2859 2644 2930 μείων
2678 2862 2695 2893 ⁸
2733 2862 2879 2931 παρὸ
2905 2857 2975 2931 ἦν
3006 2861 3272 2930 γεγονώς.
3305 2862 3619 2932 Διεφορήθη
3645 2857 3746 2914 οὖν

2156 2949 2305 3003 ᾶπαν
2335 2951 2395 3004 τὸ
2432 2953 2618 3022 σῶμα,
2651 2953 2748 3008 καὶ
2773 2955 3013 3023 μάλιστα
3045 2955 3107 3007 τὸ
3133 2955 3314 3026 δέρμα
3329 2955 3426 3009 τοῦ
3462 2956 3745 3027 σώματος,

2151 3040 2232 3104 ὡς
2277 3040 2358 3111 τῷ
2384 3042 2544 3112 πέριξ
2573 3043 2702 3115 ἀέρι
2735 3043 3134 3114 πλησιέστερον
3173 3046 3419 3116 ὁμιλοῦν.
3451 3043 3585 3100 Εἶτα
3611 3064 3749 3118 τρο-

462 3138 594 3192 libct
632 3151 833 3206 corpus
876 3144 932 3190 et
985 3135 1287 3204 praesertim
1327 3135 1447 3205 ejus
1501 3135 1674 3203 cutis,
1724 3151 1834 3206 quo
1876 3139 2052 3208 magis

2159 3135 2268 3206 φῆς
2309 3136 2623 3206 ἀπορῆσαν,
2670 3137 2940 3207 τρέπεται
2996 3137 3142 3192 κατά
3194 3137 3305 3191 τῶν
3364 3139 3749 3208 ὑποκειμένων

462 3230 622 3284 obvia
674 3229 788 3282 aeri
835 3226 918 3290 lit,
965 3227 1050 3281 vel
1094 3227 1162 3281 ad
1212 3228 1391 3297 ipsum
1430 3228 1657 3298 propius
1728 3231 1957 3295 accedit,
1987 3245 2054 3285 eo

465 3323 620 3377 ocius
666 3321 994 3376 absumitur.
1054 3317 1252 3374 Postea
1299 3335 1428 3374 vero
1482 3329 1674 3376 venter
1729 3321 2052 3376 alimentum

462 3416 834 3482 desumptum,
890 3411 1269 3466 musculorum
1316 3412 1523 3476 ofﬁcio,
1585 3414 1651 3468 ad
1705 3423 1889 3484 partes
1933 3431 2056 3486 quae

462 3523 530 3562 eo
562 3507 807 3578 indigent
829 3505 1133 3560 distribuit.
1170 3506 1240 3558 At
1277 3515 1458 3575 partes
1487 3507 1618 3577 ipsa?
1640 3507 1775 3562 illud
1811 3508 1918 3562 sibi
1952 3524 2051 3579 pro

464 3601 728 3654 alimento
775 3597 1094 3663 vindicant;
1126 3597 1195 3651 ab
1227 3597 1336 3652 illis
1368 3613 1520 3662 vero,
1559 3600 1707 3669 quod
1746 3601 1828 3655 eis
1853 3601 2053 3671 proxi-

464 3707 613 3744 ηιιιιιι
643 3703 748 3753 est,
783 3689 1061 3753 a'litur;et
1102 3689 1176 3742 ita
1203 3689 1524 3744 continuata
1556 3692 1806 3760 quaedam
1837 3702 1894 3746 et
1924 3707 2055 3762 per-

465 3783 624 3838 ennis
685 3782 967 3836 successio
1017 3781 1098 3844 lit,
1139 3780 1322 3850 quoad
1371 3781 1506 3835 illud
1567 3783 1636 3836 ad
1674 3783 1833 3850 jecur
1867 3798 2056 3838 acces-

465 3876 619 3931 serit.
667 3872 880 3928 Dehinc
939 3882 1122 3927 autem
1177 3872 1361 3941 jecur,
1407 3873 1554 3942 quod
1610 3873 1876 3928 alimento
1906 3874 2052 3929 indi-

465 3969 647 4038 gebat,
679 3965 809 4020 illud
856 3965 1002 4034 quod
1045 3965 1098 4019 in
1146 3965 1303 4020 venis
1349 3981 1473 4036 quae
1519 3967 1866 4022 mediatriees
1908 3967 2056 4022 nun-

464 4069 734 4129 cupattlur
783 4058 1245 4128 comprehensum
1307 4057 1504 4122 fuerat,
1559 4059 1626 4114 ad
1683 4075 1743 4114 se
1783 4061 2049 4127 attrahit,

2158 3225 2308 3297 αὐτῷ
2341 3228 2518 3296 μυῶν,
2553 3228 2650 3281 καὶ
2678 3228 2830 3281 ἕλκει
2861 3229 2922 3282 τὸ
2953 3229 3251 3299 ἀφορισθέν
3270 3229 3457 3294 αὐτοῖς
3475 3233 3555 3293 εἰς
3584 3232 3750 3299 λόγον

2156 3321 2400 3390 τροφῆςο
2443 3321 2648 3373 ἐκεῖνοι
2702 3321 2865 3373 πάλιν
2911 3321 3212 3391 τρέπονται
3246 3323 3390 3376 κατὰ
3441 3324 3551 3376 τῶν
3605 3324 3750 3394 πλη-

2158 3413 2289 3467 σίων
2319 3415 2340 3444 ⁸
2361 3429 2377 3444 ⁸
2408 3416 2506 3467 καὶ
2537 3413 2715 3479 οὕτως
2745 3416 2890 3469 κατὰ
2919 3416 2983 3468 τὸ
3004 3416 3235 3486 συνεχὲς
3270 3417 3485 3484 γίνεται
3507 3419 3541 3487 ἡ
3573 3417 3746 3471 διάδοο

2156 3521 2242 3568 σις
2288 3503 2428 3578 αὕτη
2469 3506 2632 3576 μέχρι
2652 3505 2748 3558 τοῦ
2788 3506 3023 3576 ἥπατος.
3051 3499 3185 3559 Εἶτα
3215 3507 3508 3577 ἀπορῆσαν
3535 3509 3735 3580 τροφῆς

2155 3599 2218 3652 τὺ
2245 3595 2422 3674 ἧπαρ,
2455 3601 2606 3654 ἕλκει
2646 3600 2747 3671 τὴν
2784 3603 2844 3654 ἐν
2885 3603 3010 3663 ταῖς
3050 3604 3418 3671 μεσαραῖκαῖς
3448 3601 3618 3670 φλεψὶ
3648 3619 3743 3654 πε-

2161 3695 2486 3764 ριεχομένην
2513 3712 2528 3726 ·
2562 3695 2618 3748 αἱ
2663 3695 2722 3748 δὲ
2753 3695 3008 3748 ἕλκουσιν
3043 3695 3153 3750 άπὸ
3182 3695 3284 3765 τῆς
3306 3696 3543 3768 γαστρός
3562 3713 3576 3726 ο
3605 3699 3635 3766 ἡ
3693 3697 3747 3748 δὲ

2156 3788 2376 3858 γαστὴρ
2426 3789 2537 3842 ἀπὸ
2591 3789 2686 3842 τοῦ
2752 3771 3050 3859 στομάχου.
3109 3790 3220 3843 Καὶ
3252 3790 3375 3843 ἐπεὶ
3429 3792 3462 3862 ἡ
3516 3791 3750 3858 τοιαύτη

2157 3881 2304 3950 ὁρμὴ
2338 3880 2501 3950 μέχρι
2529 3882 2769 3950 γαστρὸς
2825 3883 2921 3934 καὶ
2973 3882 3250 3952 στομάχου
3291 3882 3614 3950 κατέληξεν,
3655 3885 3752 3949 άγο

2156 3969 2410 4038 γέλλεται
2454 3970 2534 4040 τῷ
2561 3971 2686 4040 ζώῳ
2717 3972 2740 4003 ³
2774 3971 2864 4024 διὰ
2920 3972 3030 4024 τῶν
3068 3971 3282 4043 νεύρων
3311 3973 3344 4041 ή
3384 3972 3562 4025 ἔνδεια
3590 3989 3605 4004 ·
3658 3974 3754 4026 διά

2156 4080 2238 4115 τοι
2270 4061 2432 4116 τοῦτο
2466 4062 2696 4116 πλείονα·
2722 4063 2894 4134 νεῦρα
2916 4063 2940 4094 ⁵
2981 4063 3279 4135 αἰσθητικά
3307 4067 3374 4136 τῇ
3401 4065 3607 4135 γαστρὶ
3652 4067 3755 4118 καὶ

466 4154 572 4208 illa:
618 4160 801 4206 autem
859 4164 1034 4216 venae,
1092 4151 1295 4220 ipsum,
1336 4151 1412 4204 ab
1449 4158 1654 4216 ventre,
1693 4159 1881 4205 venter
1916 4167 2052 4206 vero

2155 4155 2234 4226 τῷ
2268 4157 2526 4227 στομάχῳ
2556 4156 2736 4227 ἐδόθη,
2778 4157 2862 4209 ἵνα
2893 4156 2981 4209 διὰ
3031 4157 3132 4210 τοῦ
3171 4157 3383 4220 πάθους
3433 4153 3750 4210 αἰσθάνων-

463 4262 566 4318 sibi
603 4277 633 4315 a
671 4258 956 4316 stomacho
989 4260 1242 4330 suscipit.
1291 4258 1357 4314 Et
1405 4262 1665 4330 quoniam
1713 4261 1838 4316 talis
1870 4269 2052 4316 motus

2152 4265 2246 4300 ται
2279 4251 2300 4281 ⁵
2325 4250 2426 4318 τῆς
2471 4249 2715 4311 ένδείας-
2755 4249 2853 4301 καὶ
2886 4247 3285 4320 αἰσθανόμενα,
3321 4250 3598 4321 ἐπεγείρει
3627 4252 3650 4281 ⁶
3686 4252 3751 4304 τὸ

462 4355 528 4409 ad
559 4355 766 4410 ventris
824 4369 1000 4422 usque
1031 4362 1084 4407 et
1105 4353 1372 4408 stomachi
1404 4355 1667 4409 terminos
1695 4356 2050 4424 prazscriptus

2155 4341 2296 4407 ζῶον
2329 4345 2410 4407 εἷς
2441 4343 2765 4415 προσφορὰν
2798 4343 2973 4396 σιτίου
2995 4345 3091 4397 καὶ¹
3123 4343 3374 4414 πόματος
3395 4361 3410 4376 ⁸
3443 4345 3593 4407 ὅπως
3615 4345 3753 4397 ἀντ-

461 4456 568 4511 cst,
619 4446 800 4500 inedia
853 4462 949 4516 per
999 4460 1198 4500 nervos
1245 4447 1468 4500 animali
1524 4447 1824 4511 indicitur;
1883 4446 2048 4514 hujus

2154 4435 2383 4507 εισαχθῇ
2431 4435 2596 4506 ἕτερα
2663 4436 2829 4489 πάλιν
2868 4435 2981 4488 τῶν
3031 4435 3500 4508 διαφορηθέντων.
3553 4436 3751 4500 Οὕτως

462 4536 637 4606 gratia
693 4544 890 4590 natura
937 4544 1052 4588 tum
1090 4547 1358 4602 ventrem,
1386 4545 1503 4589 tum
1550 4535 1894 4591 stomachum
1934 4535 2051 4603 plu-

2160 4529 2258 4598 μὲν
2287 4524 2382 4581 οὖν
2422 4529 2454 4599 ἡ
2494 4527 2678 4600 ὄρεξις
2713 4529 2950 4597 γίνεται,
2974 4527 3042 4599 ἣν
3065 4531 3159 4582 καὶ
3199 4531 3393 4582 πεῖναν
3423 4530 3723 4600 ὠνόμασαν

465 4628 623 4682 rimis
677 4643 842 4681 sensu
882 4627 1126 4696 praeditis
1176 4629 1360 4683 nervis
1422 4627 1723 4693 insignivit,
1772 4640 1882 4695 quo
1926 4625 2052 4694 ipsi,

2155 4624 2220 4676 ὲκ
2272 4619 2368 4674 τοῦ
2423 4622 2699 4691 στομάχου
2761 4623 2795 4691 ἠ
2845 4623 3087 4692 γαστήρ.
3131 4622 3228 4675 Ἐκ
3279 4622 3382 4692 τῆς
3425 4624 3666 4692 γαστρὸς
3711 4627 3750 4690 ἠ

465 4720 707 4774 alimenti
743 4721 980 4790 inopiam
1011 4723 1327 4788 sentientes,
1377 4720 1583 4774 animal
1637 4719 1816 4788 ipsum
1847 4719 1914 4772 ad
1947 4719 2051 4773 sibi

2155 4717 2291 4786 σάρξ
2315 4731 2331 4746 '
2365 4716 2430 4768 ὲκ
2453 4716 2552 4785 τῆς
2584 4715 2790 4785 σαρκὸς
2815 4717 2871 4767 αἱ
2901 4715 3242 4784 μεσαραῖκαὶ
3273 4715 3471 4784 φλέϐες
3491 4731 3504 4745 ·
3530 4717 3592 4768 ἐκ
3614 4716 3753 4768 τού-

465 4811 648 4865 cibum
691 4821 990 4882 potumque
1022 4811 1426 4866 admovendum
1477 4811 1804 4878 excitarent,
1838 4811 2052 4880 aliaque

2152 4827 2261 4863 των
2297 4809 2357 4862 τὸ
2384 4805 2541 4882 ἦπαρ
2565 4825 2577 4838 ·
2611 4812 2680 4863 ὲκ
2708 4809 2802 4862 τοῦ
2837 4811 3052 4880 ἥπατος
3111 4812 3288 4863 πᾶσαι
3318 4811 3375 4863 αἱ
3405 4809 3602 4878 φλέϐες
3621 4825 3636 4837 ’
3682 4812 3757 4862 ὲκ

465 4901 697 4957 subinde
731 4903 795 4956 ad
834 4917 902 4956 .ea
942 4918 1064 4972 quae
1104 4901 1219 4970 jam
1267 4901 1556 4971 absumpta
1608 4910 1760 4967 sunt,
1801 4901 1902 4971 ipsi
1926 4899 2052 4956 suf-

2152 4901 2423 4972 τούτωνὴ
2469 4902 2624 4972 κοίλη
2679 4901 2822 4972 φλέψ
2847 4919 2862 4934 ο
2900 4904 2964 4956 ἐκ
3003 4902 3214 4972 ταύτης
3246 4905 3295 4955 οἱ
3337 4901 3506 4971 εμῦες,
3557 4903 3654 4954 καὶ
3690 4907 3755 4954 at

467 4994 758 5048 licerentur
785 4999 927 5048 :hoc
953 4993 1097 5048 enim
1130 5003 1288 5063 pacto
1326 4994 1620 5064 appetitus,
1654 5009 1816 5064 quem
1847 4992 2045 5049 famem

2159 4993 2573 5065 παρακείμεναι
2617 4994 2821 5066 σάρκες
2855 4995 3028 5048 ἁπλαῖ
3052 5011 3064 5024 ·
3115 4997 3180 5048 ὲκ
3226 4994 3437 5048 τούτων
3469 4995 3529 5047 τὸ
3568 4996 3761 5065 δέρμα.

466 5102 838 5158 nuncupat-es,
879 5087 1208 5141 constitutio
1239 5087 1322 5142 ﬁt.
1367 5087 1414 5139 A
1469 5087 1757 5142 Stomacho
1814 5101 2052 5156 namque

2159 5088 2451 5157 τρέφεταιο
2490 5089 2585 5142 καὶ
2631 5087 2807 5150 οὕτως
2837 5089 3139 5158 τραφέντα,
3174 5087 3390 5141 ἵσταται
3427 5091 3526 5157 τῆς
3567 5089 3761 5157 ὁρμῆς

463 5191 673 5240 venter,
734 5195 766 5233 a
821 5186 1013 5233 ventre
1052 5193 1203 5232 vena:
1245 5178 1612 5243 mediatrices,
1657 5179 1726 5235 ab
1774 5179 1892 5250 ,98
1916 5179 2051 5248 ipsis

2163 5178 2327 5249 μέχρι
2378 5178 2751 5249 διαπνευσοῇ’
2787 5177 3198 5249 διαφορηθέντα
3231 5177 3310 5243 δὲ,
3361 5177 3421 5230 τὸ
3478 5177 3762 5230 ἀνάπαλιν

460 5269 638 5338 jecur,
665 5285 696 5324 a
731 5270 979 5341 jecinore
1011 5269 1180 5326 totius
1205 5270 1454 5340 corporis
1493 5287 1664 5337 vente,
1683 5271 1752 5326 ab
1780 5272 1861 5325 eis
1911 5285 2048 5328 vena
2157 5269 2389 5336 γίνεται.

464 5379 587 5434 qua:
629 5380 764 5420 cava
821 5363 1149 5435 appellatur,
1206 5363 1276 5418 ab
1315 5364 1408 5419 ilia
1459 5364 1692 5420 musculi
1747 5378 2054 5433 carnesque
2092 5363 2284 5417 molles
2324 5379 2446 5432 qua:
2489 5362 2596 5417 illis
2671 5362 2936 5432 proximat
3008 5363 3337 5428 consistunt,
3380 5363 3764 5420 abcarnibus

532 5521 722 5592 "alutae
757 5537 865 5574 om.
895 5523 957 5575 B.
1033 5523 1078 5553 θ’
1117 5521 1375 5592 μύστακα
1545 5521 1592 5552 ⁹³
1632 5519 1727 5592 cit.
1775 5533 1895 5592 om.
1921 5518 1961 5569 Β
1994 5517 2052 5572 C.

2165 5519 2215 5549 ’⁸
2242 5518 2364 5592 haec
2411 5519 2576 5592 etiam
2603 5533 2732 5592 hom.
2763 5519 2804 5570 Β
2839 5518 2900 5592 (ξ,
2955 5530 3009 5592 et
3043 5534 3189 5592 vers.
3215 5519 3324 5592 lat.
3435 5515 3568 5592 ”_e-5
3597 5519 3757 5592 GeA.

465 5593 510 5622 η
537 5590 682 5644 οὕτω
701 5592 763 5679 ἑὲ
801 5593 948 5679 ἐσξὲν
982 5587 1268 5679 ἐργαλεῖον
1292 5591 1551 5679 ρρέξξευς.
1582 5592 1664 5679 ὅττι
1695 5591 2039 5679 Ρ,·ὑπάρχρν
2074 5587 2145 5679 BI;
2183 5589 2280 5679 n”
2317 5587 2800 5679 καταῦἐραζὲμενμ
2857 5589 2900 5670 li
2952 5588 2996 5642 C
3172 5591 3387 5679 .98'ﬁéq
3442 5590 3510 5643 τά
3557 5590 3766 5679 πρώην

817 5665 929 5785 c9;
945 5658 1120 5718 ταῦτα
1145 5665 1214 5718 Δ.
1291 5664 1308 5695 ⁸
1333 5658 1558 5734 ’μείζων
1603 5661 1664 5716 Β.
1767 5662 1788 5692 ¹
1831 5659 2058 5730 πλησίον
2105 5658 2146 5710 Β
2180 5659 2243 5711 Ρ.
2320 5658 2340 5689 ³
2368 5659 2440 5711 τὰ
2480 5658 2596 5723 ζὼα
2627 5658 2700 5765 Β.»
2756 5660 2778 5689 ⁵
2811 5658 3001 5730 νεῦραι
3030 5660 3094 5712 Β.
3171 5662 3191 5693 ⁸
3227 5658 3655 5766 αἰσθάνονταιἈ
3681 5658 3763 5719 (Σ.

537 5887 612 5955 (b)
652 5885 713 5940 ιι.
741 5887 786 5950 ι,
819 5885 943 5938 σαι.

2231 5881 2302 5952 (c)
2332 5879 2434 5936 Od.
2467 5884 2529 5949 A,
2561 5879 2688 5936 287.
