4138 6458
363 431 491 490 inii

1630 439 1720 494 DE
1763 441 2004 500 NA'I‘Ull
2019 445 2054 495 Α
2102 440 2421 500 llOMlNlS.

3538 465 3559 517 ί
3572 463 3676 520 ‘29!

351 569 493 619 cutis
517 563 842 619 alimentum
880 561 1156 630 desumit:
1198 571 1253 618 et
1285 563 1358 618 ita
1391 560 1710 632 huiusmodi
1770 569 1956 614 motus
2001 574 2285 630 nunquam
2350 559 2575 626 desinit,
2608 565 2788 634 quoad
2823 566 2954 621 illuu
3017 570 3370 641 conﬁciatur;
3397 591 3507 646 quo
3542 595 3677 637 eon-

353 662 518 728 fecto,
581 678 779 718 rursus
848 661 1170 732 retrograda
1239 659 1482 731 quadam
1551 656 1956 720 vicissitudine,
2001 654 2238 711 invicem
2285 655 3138 736 excitanturinstauranturque.

433 758 531 812 Ἐκ
559 757 653 812 τοῦ
717 758 992 830 δέρματος
1031 760 1080 811 οἱ
1116 756 1253 828 μύες
1288 757 1498 820 ὲνδείας
1533 754 1791 827 αἴσθησιν
1821 756 1839 786 ⁷
1871 754 1958 806 δέ·
1999 759 2045 815 Α

347 869 539 924 χονται
567 868 580 883 ·
621 852 832 914 ἐκεῖνος
851 851 872 881 ⁸
901 850 1014 922 γὰρ
1034 848 1134 921 τὴν
1154 848 1365 921 τροφὴν
1388 847 1576 902 αὐτῶν
1603 849 1915 920 ἀνιμήσατο
1939 862 1952 876 '

346 947 395 999 οἱ
432 945 570 1016 μῦες
599 945 712 998 τῶν
741 946 966 1016 σαρκῶν
1003 945 1102 998 καί⁵
1139 941 1248 998 τῶν
1277 942 1518 1013 φλεϐῶν,
1559 941 1660 1013 τὴν
1702 942 1953 1013 δαπάνην

345 1042 691 1109 ἀφήρπασαν
715 1057 728 1069 ·
763 1041 820 1093 αἱ
875 1039 1073 1110 φλέϐες
1117 1038 1213 1092 καὶ
1264 1037 1323 1091 αἱ
1361 1038 1568 1109 σάρκες
1611 1037 1706 1091 τοῦ
1740 1037 1952 1107 ἥπατος

342 1133 593 1202 ἦφαντω
628 1131 691 1185 τὸ
716 1127 873 1204 ἧπαρ
903 1130 1004 1202 τὴν
1054 1129 1304 1200 γαστέρα
1350 1129 1664 1200 ὲπηρέασεν
1700 1129 1802 1201 ἤδη
1831 1147 1844 1161 ο
1882 1129 1952 1182 δι’

341 1227 556 1280 ἔνδειαν
586 1227 620 1298 ἡ
652 1225 874 1296 γαστὴρ
922 1225 1017 1278 τὸν
1069 1224 1382 1294 στόμαχον·
1418 1225 1446 1276 ό
1484 1223 1762 1294 στόμαχος
1809 1223 1950 1291 μετὰ

340 1322 444 1393 τῆς
482 1321 744 1392 γαστρὸς,
783 1319 845 1372 τδ
897 1318 1037 1384 ζῶον
1083 1318 1226 1390 ὑπὲρ
1262 1319 1362 1389 τῆς
1387 1318 1600 1389 τροφῆς
1645 1317 1952 1387 ἐπανέστη-

340 1434 475 1469 σαν’
503 1415 566 1468 τὸ
596 1415 736 1481 ζῶον
759 1413 850 1468 διά
868 1413 969 1486 τὴν
994 1413 1113 1484 βίαν
1144 1412 1248 1483 τῆς
1267 1411 1506 1482 φύσεως,
1535 1413 1746 1484 τροφάς
1769 1410 1949 1481 ἑαυτῷ

336 1509 632 1580 ἐπενόησε.
668 1503 777 1557 Καὶ
801 1505 980 1571 οὕτως
1011 1508 1111 1577 μὲν
1133 1506 1276 1562 κατὰ
1308 1505 1369 1560 τὸ
1395 1505 1653 1559 πλεῖστον
1693 1504 1788 1559 τοῦ
1818 1505 1948 1576 χρό-

335 1623 431 1659 νου
469 1606 502 1676 ἡ
534 1603 720 1676 ὄρεξις
743 1603 982 1672 γίνεται.
1028 1603 1120 1655 Ἐν
1145 1602 1204 1656 δὲ
1236 1601 1315 1673 τῷ
1341 1601 1597 1673 χειμῶνι,
1641 1601 1947 1656 διεισδῦνον

336 1700 482 1770 πρὸς
507 1699 568 1752 τὸ
599 1697 765 1770 βάθος
793 1697 888 1751 τοῦ
930 1697 1188 1770 σώματος
1217 1697 1280 1752 τδ
1309 1697 1431 1751 ὅλον
1457 1697 1686 1769 θερμὸν,
1717 1697 1807 1752 διὰ
1845 1698 1947 1770 τὴν

333 1788 434 1840 τοῦ
470 1790 828 1858 περιέχοντος
857 1787 1042 1858 ψύξιν,
1078 1790 1178 1844 καὶ
1198 1789 1299 1860 τὴν
1331 1788 1616 1843 πύκνωσιν
1651 1789 1749 1844 καὶ
1789 1791 1946 1844 ἀδια-

335 1883 642 1934 πνευστίαν
673 1881 770 1935 τοῦ
827 1883 1107 1953 σώματος,
1137 1883 1199 1936 τὸ
1250 1883 1497 1954 ἔμφυτον
1526 1883 1733 1956 θερμὸν
1769 1884 1944 1956 ὕπερ-

334 1973 640 2045 θερμαίνόν
667 1992 726 2027 τε
752 1974 849 2027 καὶ
881 1976 1207 2042 πλεονάζον,
1239 1978 1338 2029 καὶ
1372 1977 1558 2030 πᾶσαν
1583 1977 1604 2008 ⁹
1635 1977 1739 2047 τὴν
1775 1977 1946 2046 ὑγρό-

329 2086 479 2139 τητα
506 2069 891 2123 καταδαπανὸν
932 2071 995 2136 ¹⁰,
1031 2071 1259 2125 πλείονα
1289 2071 1390 2143 τὴν
1417 2072 1601 2144 ὄρεξιν
1630 2073 1944 2144 emeritis.

2147 751 2385 808 Museuli
2416 754 2639 826 quidem
2667 772 2697 811 a
2729 770 2855 814 cute
2895 763 3040 831 quod
3069 763 3138 818 ab
3181 765 3316 836 ipsis
3351 768 3673 828 alimentum

2066 853 2376 914 acceperat,
2454 862 2653 902 carnes
2715 864 2846 904 vero
2876 863 2930 906 et
2960 869 3110 910 venae
3141 872 3170 911 a
3200 860 3486 924 musculis,
3532 865 3676 919 unde

2059 936 2365 1005 alebantur,
2392 953 2422 994 a
2451 941 2711 998 carnibus
2744 959 2870 999 vero
2897 954 2950 1000 et
2976 949 3132 1004 venis
3165 950 3339 1020 jecur,
3364 968 3393 1007 a
3425 954 3674 1024 jecinore

2059 1041 2276 1098 venter,
2313 1048 2345 1087 a
2387 1041 2579 1089 ventre
2610 1038 2930 1094 stomachus
2961 1039 3101 1094 idem
3137 1054 3408 1113 repetunt.
3437 1047 3520 1101 Ab
3553 1048 3672 1118 ipso

2061 1123 2334 1194 siquidem
2365 1125 2656 1181 stomacho
2677 1138 2729 1182 et
2762 1139 2950 1185 ventre
2982 1133 3188 1188 animal
3236 1137 3300 1190 ad
3331 1138 3436 1193 sibi
3467 1155 3670 1210 paran-

2058 1215 2188 1270 dum
2223 1217 2405 1272 cibum
2438 1218 2861 1290 exstimulatur;
2888 1223 3066 1293 ipsum
3098 1241 3229 1280 vero
3249 1238 3459 1284 naturae
3487 1233 3536 1287 vi
3560 1233 3667 1288 ali-

2020 1309 2222 1362 .menti
2262 1324 2452 1362 curam
2505 1309 2860 1367 dissimulare
2887 1314 3112 1371 minime
3169 1327 3368 1388 potest,
3403 1331 3457 1376 et
3488 1323 3564 1378 ita
3607 1325 3663 1381 in

2055 1399 2217 1454 nobis
2236 1399 2473 1470 plurima
2511 1403 2776 1472 temporis
2823 1403 3232 1478 intercapedine
3267 1413 3541 1481 appetitus
3580 1416 3665 1484 gi-

2055 1489 2260 1560 gnitur.
2301 1491 2366 1546 Et
2427 1493 2651 1563 quidem
2702 1495 2906 1552 hiemis
2981 1507 3244 1570 tempore,
3300 1519 3426 1560 cum
3479 1509 3661 1566 omnis

2053 1583 2305 1654 corporis
2361 1587 2534 1640 nostri
2604 1588 2774 1652 calor,
2823 1591 2894 1645 ob
2948 1593 3244 1650 ambientis
3273 1612 3374 1652 nos
3406 1601 3550 1657 aeris
3582 1604 3662 1656 ri-

2051 1693 2236 1749 gorem
2268 1679 2710 1754 densitatemque
2731 1683 2798 1738 ad
2834 1685 3025 1742 intima
3055 1689 3332 1748 declinare
3359 1698 3661 1767 compella-

2053 1783 2162 1842 tur,
2197 1778 2416 1848 corpori
2457 1779 2766 1850 respirandi
2825 1780 3060 1840 facultas
3094 1801 3202 1841 non
3252 1790 3434 1860 ampla
3469 1793 3657 1861 datur,

2050 1865 2253 1924 insitus
2286 1871 2441 1926 calor
2473 1871 2598 1941 plus
2639 1872 2834 1939 nimio,
2872 1887 2928 1929 et
2967 1892 3065 1932 ceu
3137 1880 3414 1950 geminato
3467 1889 3660 1958 vigore

2049 1965 2270 2023 auctus,
2306 1960 2586 2016 internum
2618 1963 2906 2019 humorem
2961 1975 3136 2023 totum
3174 1970 3540 2042 absumendo,
3587 1979 3658 2034 ad

2027 2051 2233 2106 ribum
2289 2055 2659 2124 appetendum
2724 2061 3054 2128 propensius
3089 2063 3294 2119 animal
3344 2067 3550 2137 reddit;
3589 2070 3658 2127 de

329 2181 447 2218 ται.
496 2163 668 2218 Τοῦτο
713 2167 810 2220 καὶ
847 2166 1224 2240 Ἱπποκράτης
1252 2171 1296 2203 ¹¹
1349 2171 1507 2234 εἰδώς
1561 2189 1764 2244 φησιν·
1817 2191 1835 2225 ι
1875 2174 1933 2227 Ai

2048 2161 2159 2216 quo
2190 2145 2562 2217 Hippocrates,
2597 2150 2796 2206 hiemis
2827 2155 3083 2225 verisque
3126 2164 3407 2229 tempore,
3453 2171 3654 2220 natura

331 2256 542 2311 κοιλίαι
583 2259 858 2330 χειμῶνος
916 2263 1011 2316 καὶ
1057 2258 1194 2333 ἦρος
1244 2263 1587 2337 θερμόταται
1645 2266 1840 2335 φύσει’
1882 2268 1940 2320 ἐν

331 2350 566 2417 ταύταις
620 2348 715 2406 οὖν
749 2355 792 2386 ¹¹
845 2357 1007 2427 τῇσιν
1073 2355 1252 2429 ὦρῃσι
1313 2359 1408 2412 καὶ¹
1438 2358 1508 2413 τά
1562 2361 1938 2432 προσάρματα

334 2446 508 2499 πλείω
562 2447 780 2502 δοτέον⁶
821 2468 840 2501 ι
888 2451 1268 2524 προσάρματα
1315 2452 1495 2520 λέγων
1546 2455 1616 2508 τά
1652 2456 1822 2521 σιτία,
1861 2458 1938 2520 ὡς

330 2542 764 2613 προσφερόμενα
796 2542 876 2614 τῷ
901 2543 1119 2614 σώματι
1144 2561 1158 2574 °
1195 2545 1255 2610 ἐξ
1283 2540 1344 2602 οὗ
1379 2548 1474 2601 καὶ
1507 2547 1676 2617 ἄρτος
1698 2549 1853 2622 παρὰ
1875 2549 1936 2603 τὸ

329 2632 531 2702 αἴρειν,
559 2633 588 2685 ὅ
619 2636 736 2686 ἐστι
770 2635 1106 2707 προσφέρειν
1141 2636 1264 2690 καθ’
1297 2638 1576 2712 ἑκάστηνο
1623 2640 1785 2711 ἡμῶν
1824 2645 1936 2714 γὰρ

326 2718 486 2785 οὗτος
525 2726 704 2797 τροφὴ
753 2727 850 2781 καὶ
886 2727 1178 2800 προσθήκη
1225 2729 1324 2784 τοῦ
1358 2730 1636 2804 σώματος.
1684 2733 1830 2788 Ἀλλ’
1885 2738 1934 2790 εἰ

331 2816 434 2886 μὲν
460 2818 718 2873 τοσοῦτον
750 2821 1110 2894 ἀντεισήγετο
1142 2824 1268 2878 ὅσον
1305 2827 1400 2880 καὶ
1431 2828 1764 2901 διεφορεῖτο,
1801 2849 1930 2887 συν-

325 2907 517 2962 έϐαινε
541 2910 609 2964 τά
631 2912 881 2985 ἡμέτερα
901 2913 1136 2984 σώματα
1154 2917 1498 2973 ἀναλλοίωτα
1526 2922 1812 2993 διαμένειν
1837 2926 1934 2979 καὶ

329 3000 406 3070 μὴ
431 3005 634 3074 γηρᾷν,
667 3005 804 3081 μηδὲ
849 3006 956 3062 ὑπὸ
987 3009 1084 3062 τοῦ
1112 3011 1305 3083 γήρως
1332 3015 1568 3086 πάσχειν
1593 3018 1660 3072 ¹³.
1706 3017 1932 3091 Ἐπειδὴ

321 3093 381 3148 δὲ
428 3095 634 3150 πλείων
668 3101 768 3170 μὲν
800 3100 842 3130 ιδ
862 3104 896 3173 ἡ
927 3101 1276 3176 διαφόρησις,
1310 3109 1407 3161 καὶ
1440 3112 1473 3182 ή
1505 3111 1616 3165 τῶν
1659 3129 1933 3187 περιττω-

325 3190 519 3262 μάτων
548 3195 961 3268 άποκάθαρσις,
1007 3198 1169 3270 ὀλίγη
1205 3200 1264 3253 δὲ
1299 3204 1332 3273 ὴ
1366 3205 1433 3257 ὲκ
1469 3205 1580 3258 τῶν
1613 3205 1929 3279 βρωμάτων

318 3289 503 3360 τροφὴ
533 3289 609 3362 τῷ
636 3289 854 3364 σώματι
879 3309 892 3322 ·
918 3311 937 3345 ‹
968 3295 1192 3367 Τροφῆς
1214 3297 1323 3370 γάρ
1348 3299 1407 3352 τὸ
1427 3300 1630 3373 τρέφον
1659 3306 1720 3370 ³³,
1758 3325 1776 3355 ι
1806 3305 1928 3359 καθ’

329 3381 744 3455 Ἱπποκράτηνο
784 3386 875 3440 διά
899 3388 1084 3455 τοῦτο,
1130 3392 1274 3445 κατά
1319 3392 1496 3464 βραχὺ
1536 3397 1637 3466 τῆς
1689 3399 1748 3450 ἐν
1791 3401 1928 3470 ἡμῖν

317 3475 629 3545 ὑγρότητος
668 3478 711 3509 ¹⁶
749 3480 1327 3554 καταδαπανωμένης,
1371 3488 1467 3539 καὶ
1505 3481 1622 3541 οἷον
1667 3489 1924 3562 ξηραινο-
1953 3511 1996 3567 c

317 3568 486 3636 μένου
524 3571 620 3623 τοῦ
659 3571 939 3641 σώματος,
965 3577 1119 3648 γηρᾷ
1138 3576 1199 3630 τὸ
1231 3577 1374 3642 ζῶον
1403 3581 1501 3634 καὶ
1515 3582 1919 3657 διαφθείρεται,

315 3661 414 3716 καὶ
450 3666 531 3727 εἰς
575 3660 888 3739 ἀδυναμίαν
927 3672 1025 3724 καὶ
1072 3672 1367 3729 ἀσθένειαν
1418 3677 1688 3749 φέρεται,
1724 3683 1786 3734 οὐ
1825 3683 1926 3754 μόο

314 3773 410 3809 νον
445 3759 473 3809 ό
535 3754 846 3832 ἄνθρωπος,
903 3764 1044 3820 άλλὰ
1103 3768 1200 3822 καὶ⁸
1249 3769 1319 3823 τά
1365 3769 1534 3826 λοιπά
1583 3772 1696 3828 τῶν
1739 3773 1918 3841 ζώων.

315 3849 466 3921 Αὖτη
507 3852 608 3923 μὲν
636 3855 729 3908 τοῦ
768 3858 1050 3932 στομάχου
1075 3862 1241 3934 χρεία
1275 3881 1336 3918 τε
1365 3865 1463 3924 καὶ
1499 3867 1784 3939 ἐνέργεια,
1825 3875 1921 3924 καὶ

313 3945 610 4017 ὀνομασία.

600 4065 743 4136 Κεφ.
788 4066 888 4122 ΙΘ’.
925 4099 999 4110 -
1036 4071 1175 4140 Περὶ
1221 4075 1330 4129 τοῦ
1374 4076 1630 4147 ἥπατος.

387 4157 460 4210 Τὸ
484 4158 543 4212 δὲ
566 4154 721 4231 ἧπαρ
739 4161 900 4216 οὐσία
920 4164 1070 4218 ἐστὶν
1088 4167 1296 4239 ἐρυθρά
1311 4171 1624 4245 σαρκώδης,
1643 4176 1856 4247 μύωσιν
1875 4181 1918 4211 ³⁷

308 4251 517 4321 ἔχουσα
541 4253 852 4325 τεταμένην
879 4257 939 4310 ὲν
965 4261 1078 4322 τοῖς
1107 4260 1306 4326 δεξιοῖς
1343 4263 1595 4336 μέρεσιν,
1631 4271 1691 4323 ὲν
1794 4288 1917 4341 γεν.

306 4344 471 4396 vita:
499 4343 560 4396 τὸ
585 4339 728 4414 αἷμα
749 4365 760 4377 ⁸
786 4347 848 4412 ἐξ
878 4342 940 4402 οὗ
971 4351 1320 4422 ἐκπεφύκασι
1349 4355 1392 4388 ¹⁸
1420 4357 1642 4428 φλέϐες,
1676 4362 1746 4416 δι’
1769 4358 1845 4418 ὧν
1874 4367 1915 4399 ¹⁹

304 4441 634 4507 χορηγεῖται
664 4440 726 4493 τὸ
753 4435 897 4512 αἷμα
923 4445 1063 4518 πρὸς
1088 4447 1410 4523 άποτροφὴν
1435 4452 1532 4508 τοῦ
1566 4459 1774 4523 παντὸς
1804 4460 1912 4513 σώ-

307 4546 523 4600 ματος·
579 4533 674 4586 καὶ
710 4527 870 4601 οὗτος
931 4539 1032 4609 μὲν
1087 4541 1215 4612 ὄρος
1242 4544 1476 4615 ἥπατος.
1525 4548 1592 4603 Ἥ
1644 4551 1702 4605 δὲ
1735 4571 1912 4608 κατα-

303 4621 483 4695 σκευὴ
507 4625 674 4680 αὐτοῦ
699 4629 793 4683 καὶ
823 4631 1084 4704 ἐνέργεια
1109 4635 1327 4709 εἴρηται
1350 4641 1449 4710 μὲν
1475 4643 1570 4697 καὶ
1591 4646 1865 4717 πρῶτον¹ο
1887 4669 1900 4683 ·

297 4717 588 4788 εἰρήσεται
641 4722 700 4774 δὲ
751 4725 849 4778 καὶ
887 4727 984 4780 νῦν
1036 4729 1196 4799 ὀλίγα
1226 4733 1358 4804 περὶ
1401 4737 1594 4791 αὐτοῦ.
1635 4742 1910 4814 Ὀργανον

297 4811 412 4883 γάρ
444 4810 504 4864 ὂν
537 4812 634 4866 τοῦ
678 4816 1110 4890 ἐπιθυμητικοῦ,
1140 4825 1344 4893 δισσῶς
1383 4831 1598 4904 ταύτην
1623 4841 1864 4893 ποιεῖται
1887 4856 1902 4871 ο

296 4901 400 4973 τὴν
427 4901 526 4971 μὲν
549 4905 608 4957 ἐν
638 4909 762 4970 ταῖς
793 4914 1048 4980 τροφαῖς,
1073 4913 1176 4986 τὴν
1207 4916 1265 4970 δὲ
1295 4918 1356 4971 ἐν
1381 4926 1505 4987 ταῖς
1539 4901 1856 4994 συνουσίαις
1882 4946 1897 4962 ο

297 4995 396 5049 καὶ
430 4993 522 5049 διά
563 4998 666 5069 τῆς
696 5003 832 5070 μιᾶς
865 5004 931 5068 ⁸⁸,
987 5007 1310 5080 ἀντεισάγει
1361 5013 1424 5067 τὸ
1461 5016 1653 5074 λεῖπον
1682 5024 1764 5095 τῷ
1794 5026 1901 5078 σώ-

297 5105 456 5160 ματι,
489 5089 577 5144 διὰ
609 5093 666 5146 δὲ
688 5095 784 5167 τῆς
825 5096 1015 5171 ἄλλης,
1053 5102 1344 5176 ἀποκρίνει
1375 5108 1436 5161 τὸ
1467 5089 1788 5180 πλεονάζον.

370 5270 564 5327 Ἔστιν
598 5271 664 5331 αὖ
699 5279 744 5311 ³³
781 5279 945 5349 φύσει
994 5283 1202 5359 θερμὸν
1258 5289 1422 5347 τοῦτο
1459 5296 1524 5350 τὸ
1555 5300 1892 5375 σπλάγχνον,

287 5362 384 5416 διὰ
414 5365 475 5417 τὸ
497 5367 734 5436 αἵματος
781 5369 925 5430 εἶναι
972 5385 1302 5453 γεννητικόν
1323 5404 1336 5418 ο
1366 5388 1428 5441 οὐ
1466 5391 1578 5464 μὴν
1616 5362 1775 5451 ἀλλά.
1798 5362 1897 5453 καί

286 5455 404 5508 τῶν
441 5458 616 5516 ἄλλων
670 5467 885 5538 χυμῶν.
927 5472 1008 5526 Τά
1058 5476 1168 5546 γάρ
1230 5479 1398 5546 σιτία,
1613 5487 1895 5563 διαφόρων

287 5549 514 5620 φύσεων
545 5555 680 5612 ὅντα
712 5561 874 5635 τύχῃ,
908 5567 991 5629 είς
1017 5568 1117 5639 τὴν
1145 5573 1394 5646 γαστέρα
1421 5577 1511 5633 διὰ
1541 5581 1639 5636 τοῦ
1690 5549 1895 5660 στομά-

358 5694 554 5753 ⁷αἰσθ.
597 5701 705 5756 ὲνδ.
745 5704 805 5758 Β.

403 5707 554 5783 μίσυ.
597 5707 723 5788 ἐνδεὶ
745 5707 848 5788 Β...
881 5707 1148 5788 δ’ἐκεῖνοι
1190 5716 1256 5773 Α.
1335 5721 1356 5752 ³
1390 5724 1485 5778 καὶ
1537 5729 1720 5784 πᾶσαν
1753 5732 1815 5788 Β.

285 5767 330 5800 ι’
368 5767 463 5821 οὖν
515 5786 627 5826 om.
681 5775 742 5829 Β.

804 5777 848 5809 ¹³
875 5778 930 5832 τί
970 5783 1206 5855 πάσχειν
1250 5791 1309 5846 Β.
1389 5795 1434 5826 ¹⁸

283 5909 333 6024 L1
383 5912 920 6024 gaiost‘lnA,'pﬁg;
955 5925 1159 6024 ἔχουσα
1199 5939 1537 6024 τεταγμένον
1567 5941 1632 6001 (ς,
1712 5946 1758 5981 is
1791 5949 2151 6024 ἐμπεφύκασι
2179 5959 2240 6014 Β.

323 6021 335 6024 -
378 6000 390 6024 ί
706 6009 800 6024 Anu
988 6015 1067 6024 ρ--
1103 6002 1154 6024 _\_
1216 6011 1225 6024 ι
1407 6012 1442 6024 ,ς

281 5995 336 6034 τ.
376 5998 435 6051 μ.
465 5984 526 6040 Β.
625 5991 670 6022 ²²
706 5984 800 6046 οὖν
847 5984 912 6055 Β(
953 5984 1067 6054 ἐδτι
1099 6001 1157 6053 δὲ

570 6084 844 6152 ΡΑτιιοῐι.
896 6094 1012 6158 (in.
1064 6099 1274 6162 LXIV.

1865 5737 1961 5791 καὶ
1988 5754 2100 5798 om.
2126 5745 2194 5798 Α.

1487 5797 1590 5869 μὲν
1616 5817 1726 5858 om.
1761 5804 1824 5860 B.
1906 5811 1949 5843 ⁸³
1991 5812 2053 5866 τὸ
2090 5797 2273 5889 ίτρεφ.

2044 2236 2373 2292 calidissimi
2395 2246 2616 2295 ventres
2645 2241 2939 2310 habentur,
2963 2260 3026 2300 ea
3063 2250 3210 2302 enim
3259 2259 3508 2322 tempora
3542 2255 3654 2311 lar-

2042 2328 2224 2398 giores
2251 2331 2404 2387 cibos
2427 2343 2708 2403 expetunt.
2725 2335 2890 2393 Cibos
2915 2338 3060 2393 enim
3090 2339 3448 2413 Hippocrates
3483 2365 3655 2420 προσ-

2042 2421 2264 2494 άρματα
2306 2426 2545 2496 appellat
2583 2427 2660 2492 ὡς
2695 2432 3117 2504 προσφερόμενα
3145 2436 3222 2506 τῷ
3244 2437 3477 2508 σώματι,
3502 2445 3652 2513 quod

2041 2516 2298 2573 videlicet
2327 2522 2546 2590 corpori
2602 2521 2914 2578 alferantur
2944 2526 3424 2600 adhibeanturque
3457 2551 3470 2588 :
3505 2540 3651 2592 unde

2039 2619 2092 2664 et
2121 2611 2278 2678 panis
2314 2613 2384 2668 ab
2432 2614 2568 2684 ipsis
2607 2625 2755 2670 artos
2792 2617 3016 2686 dicitur,
3079 2621 3190 2678 ἀπὸ
3238 2623 3335 2678 τοῦ
3401 2628 3543 2700 αἴρω
3585 2631 3649 2685 τὺ

2038 2703 2361 2775 προσφέρω,
2410 2705 2557 2775 quod
2593 2708 2825 2780 singulis
2858 2711 3111 2768 videlicet
3153 2715 3350 2775 diebus
3407 2721 3476 2775 ad
3507 2738 3645 2778 usus

2039 2805 2256 2852 nostros
2282 2796 2563 2857 all‘eratur.
2593 2799 2731 2858 Nam
2757 2804 2803 2858 si
2835 2805 2993 2862 nobis
3022 2811 3361 2882 tantumdem
3399 2813 3646 2873 alimenti

2037 2888 2284 2944 adhiberi
2321 2891 2547 2948 daretur
2571 2905 2837 2965 quantum
2902 2899 3120 2956 absumi
3147 2913 3354 2974 posset,
3395 2922 3634 2980 corpora

2037 2989 2226 3035 nostra
2278 2985 2752 3052 permutationem
2814 2991 3020 3047 sentire
3089 2995 3357 3066 senioque
3417 3001 3640 3067 contiei,

2035 3071 2266 3143 ejusque
2339 3074 2560 3133 damnis
2648 3094 2775 3136 esse
2868 3083 3107 3142 obnoxia
3211 3087 3640 3165 haudquaquam

2035 3168 2301 3224 eveniret.
2359 3167 2607 3241 Verum,
2660 3174 2922 3242 quoniam
2971 3180 3118 3249 quod
3185 3181 3497 3243 absumitur
3575 3206 3641 3246 ac

2035 3273 2130 3329 per
2211 3274 2560 3320 excrementa
2621 3268 2954 3334 secernitur,
3008 3272 3168 3345 longe
3225 3274 3461 3334 immissi
3537 3284 3638 3337 ali-

2033 3353 2201 3406 menti
2272 3355 2582 3424 portionem
2612 3369 2930 3429 exsuperat,
2977 3362 3079 3418 hac
3125 3365 3194 3420 de
3253 3382 3443 3435 causa,
3486 3377 3636 3429 radi-
3684 3371 3688 3376 ’

2032 3443 2134 3498 εειΙὲ
2187 3443 2415 3501 humore
2462 3449 2670 3504 sensim
2737 3451 3028 3510 deficiente
3079 3466 3133 3513 et
3171 3474 3404 3532 corpore
3457 3466 3528 3521 ob
3577 3468 3633 3524 id

2031 3533 2390 3604 siccescente,
2422 3540 2630 3595 animal
2656 3547 2898 3602 senescit
2927 3553 3432 3626 corrumpiturque,
3467 3573 3633 3631 atque

2029 3627 2098 3680 ad
2147 3627 2528 3698 impotentiam
2565 3633 3114 3714 imbecillitatemque
3161 3653 3474 3706 necessario
3520 3627 3634 3710 fer-

2027 3727 2162 3773 tur:
2223 3737 2347 3791 quze
2394 3724 2537 3779 ratio
2583 3742 2694 3782 non
2749 3729 2816 3784 de
2867 3732 3092 3791 homine
3130 3746 3370 3809 tantum,
3426 3746 3520 3802 sed
3561 3747 3630 3804 de

2026 3813 2243 3869 cunctis
2282 3815 2412 3871 item
2465 3818 2803 3879 animalibus
2856 3825 3106 3885 habenda
3142 3841 3246 3888 est.
3301 3836 3362 3892 Et
3403 3838 3518 3896 haec
3561 3842 3630 3899 de

2025 3909 2297 3963 stomachi
2372 3926 2500 3975 usu,
2561 3915 2986 3993 actionibusque
3035 3936 3203 3997 atque
3265 3933 3632 4002 appellatione

2022 3999 2136 4073 99
2174 4004 2311 4060 satis
2366 4006 2572 4080 dictum
2617 4009 2708 4066 sit.

2412 4121 2544 4192 Cap.
2586 4122 2724 4180 XIX.
2758 4159 2827 4169 —
2855 4128 2933 4184 De
2953 4129 3210 4199 jecinore.

2093 4204 2256 4262 Jecur
2283 4221 2489 4278 autem,
2535 4214 2846 4274 substantia
2901 4222 3230 4282 rubescente
3277 4243 3626 4304 carnosaque

2021 4295 2275 4364 habetur,
2323 4311 2378 4356 et
2412 4319 2442 4358 a
2476 4304 2701 4363 dextera
2739 4321 2892 4380 parte
2917 4313 3112 4385 ipsius,
3150 4318 3206 4372 in
3238 4336 3345 4391 qua
3395 4295 3623 4398 sangui-

2021 4389 2108 4447 nis
2122 4394 2446 4452 constitutio
2473 4397 2554 4462 ﬁt,
2578 4416 2728 4457 venre
2758 4405 3036 4473 oriuntur,
3073 4425 3170 4480 per
3191 4389 3330 4484 quas
3352 4419 3419 4472 ad
3450 4389 3621 4477 tolum

2023 4495 2230 4552 corpus
2271 4492 2525 4542 nostrum
2574 4490 2898 4548 alimentum
2934 4496 3289 4558 distribuitur
3325 4524 3340 4560 :
3385 4518 3440 4564 et
3497 4513 3623 4568 talis

2023 4573 2245 4643 quidem
2299 4577 2548 4634 deﬁnitio
2601 4582 2865 4650 jecinoris
2915 4597 3020 4644 est.
3071 4591 3232 4664 Nam,
3291 4605 3505 4658 tametsi
3555 4606 3624 4662 de

2016 4665 2138 4734 ejus
2180 4677 2454 4725 structura
2507 4676 2930 4750 actionibusque
2953 4687 3108 4754 prius
3140 4691 3620 4763 expiicaverimus.

2019 4758 2191 4816 nihilo
2233 4770 2418 4820 tamen
2466 4769 2650 4826 secius
2686 4770 2754 4826 de
2781 4773 2904 4844 ipso
2934 4758 3310 4851 imprzesentia
3352 4793 3619 4848 nonnulla

1940 4886 1980 4940 ο
2014 4851 2340 4946 referemus.
2397 4859 2536 4916 Cum
2577 4865 2725 4920 enim
2763 4866 2945 4939 ipsum
3012 4878 3326 4946 appetibilis
3385 4882 3619 4941 faculta-

2010 4945 2079 5000 tis
2119 4946 2553 5010 instrumentum
2599 4957 2692 5022 sit,
2727 4959 2874 5018 hanc
2915 4945 3134 5024 duobes
3167 4973 3344 5030 modis
3374 4988 3610 5046 exercet,

2006 5038 2177 5096 altero
2231 5042 2284 5098 in
2331 5045 2749 5120 alimentorum,
2801 5067 2857 5110 et
2920 5058 3093 5116 altero
3137 5061 3189 5119 in
3241 5067 3318 5121 rei
3366 5083 3612 5127 venereae

2009 5147 2191 5190 usum.
2244 5135 2409 5202 Item.
2445 5142 2620 5202 altero
2639 5149 2858 5216 quidem
2890 5156 3036 5223 quod
3069 5153 3223 5213 deest
3249 5163 3469 5232 corpori
3501 5164 3612 5220 suf-

2010 5226 2141 5293 ﬁcit,
2167 5230 2344 5290 altero
2377 5251 2510 5292 vero
2542 5254 2965 5314 exsuperantem
3005 5254 3292 5309 materiam
3336 5261 3605 5315 excernit.

2079 5320 2197 5381 Hoc
2225 5337 2413 5383 autem
2441 5342 2630 5389 extum
2665 5347 2862 5394 natura
2887 5343 3128 5401 calidum
3153 5356 3258 5413 est,
3295 5359 3482 5421 utpote
3517 5354 3606 5407 cui

2004 5414 2206 5471 natura
2251 5418 2369 5489 ipsa
2419 5426 2708 5496 sanguinis
2746 5433 3068 5500 generandi,
3118 5414 3467 5511 aliorumque
3504 5442 3611 5497 hu-

2003 5521 2223 5564 merum
2272 5527 2463 5569 curam
2529 5517 2903 5580 demandavit.
2957 5524 3194 5596 Etenim,
3249 5531 3356 5588 cibi
3406 5536 3608 5606 quibus

2001 5597 2318 5667 vescimur,
2361 5604 2466 5660 etsi
2513 5622 2612 5664 eos
2660 5611 2916 5695 diversos
2971 5633 3098 5675 esse
3128 5623 3444 5694 contigerit,
3477 5643 3606 5684 cum

3115 5761 3158 5794 ”
3189 5763 3219 5816 ό
3262 5763 3481 5822 Ἰπποκ.
3540 5769 3602 5824 Β.

2673 5827 2718 5858 ³⁸
2755 5829 2887 5901 ύγρ.
2939 5832 3271 5907 καταδραχὺ
3302 5837 3504 5894 δαπαν.
3539 5840 3601 5894 Β.

2651 5969 2698 6001 ’⁸
2753 5971 2996 6046 πρόσθεν
3026 5976 3086 6031 Β.
3182 5978 3222 6009 ¹¹
3259 5977 3308 6032 δ.
3364 5979 3602 6053 μὲνγὰρ

3186 6139 3260 6201 Μ

2269 5748 2314 5779 ¹⁰
2361 5751 2766 5811 καταδαπανῶν
2808 5759 2854 5811 Α
2887 5757 2928 5815 C
2969 5761 3033 5813 P.

2339 5963 2382 5996 ¹⁹
2415 5958 2479 6017 οὗ
2508 5965 2571 6021 Β.
