4138 6500
394 492 533 548 ιεεν
1654 481 1741 538 DE
1782 478 1995 536 NATIH

2116 471 2430 531 IiOillNlS.
3564 458 3704 517 ΙΞόθ

329 658 337 666 .
395 608 738 680 μεταρσίων,
767 607 826 664 αἳ
859 607 1168 680 ἁνιμῶνται
1193 604 1362 661 αὑτοῦ
1393 601 1647 675 φυσικῶς
1668 602 1762 657 τὸν
1789 599 1953 673 χωλόν
1978 614 1993 631 ·

2103 593 2369 651 inferiore
2420 605 2553 647 vero
2598 587 2806 644 ventris
2856 592 3012 657 parte
3055 581 3371 639 duodenum
3401 579 3699 653 digitorum

390 700 466 764 ὡς
494 701 854 774 εὑρίσκεσθαι
875 701 937 755 τὸ
974 700 1222 755 τοιοῦτον
1258 699 1483 772 ἔντερον
1508 698 1598 751 ἀεὶ
1617 697 1665 731 ⁷³
1696 696 1877 751 κενόν.

2103 700 2417 759 processus,
2465 698 2628 755 quem
2669 679 2919 735 nonnulli
2966 686 3021 734 et
3064 675 3274 732 ventris
3326 683 3535 746 partem
3593 671 3700 729 dici

389 765 703 863 voluerunt,
762 804 1174 852 excrementum
1209 765 1420 865 recipit.
1463 792 1547 847 Ab
1576 792 1682 847 hoe
1718 787 1982 846 intestino
2018 781 2173 847 illud,
2222 780 2368 852 quod
2426 776 2675 848 ieiunum
2719 774 2960 836 ἀῖθίιιιτο
3041 770 3380 865 ﬂuminei":
3425 766 3497 822 οὶ)
3538 766 3590 819 Μ
3629 765 3701 819 δυ’

389 890 745 961 appellatum,
787 890 916 960 quia
960 889 1117 945 venis
1160 903 1283 961 quae
1325 860 1680 942 mediatrices
1764 882 2026 938 dicuntur
2063 875 2378 947 proximum
2458 866 2736 935 consistit,
2791 865 2975 935 cujus,
3029 878 3156 919 cum
3212 860 3318 916 illae
3365 869 3578 917 natura
3613 874 3705 913 or-

390 988 518 1045 dine
558 1001 688 1040 omn
726 1001 779 1040 m
826 985 1115 1041 humorem
1172 989 1522 1051 exhauriant,
1555 997 1840 1055 nunquam
1877 992 1989 1033 non
2027 973 2191 1027 inane
2240 964 2602 1037 conspicitur.
2641 975 2654 985 ’

463 1082 620 1136 Μετὰ
652 1081 713 1136 δὲ
745 1080 907 1135 τοῦτο
933 1082 1002 1136 τὰ
1023 1082 1203 1137 λεπτὰ
1236 1082 1434 1157 ἔντερα
1464 1084 1845 1154 διαδέχονται·
1883 1074 1992 1130 εἰσὶ

389 1174 447 1230 δέ
485 1193 635 1239 τινες
669 1174 851 1240 ἕλικες
894 1176 952 1229 ὲν
1002 1176 1226 1241 αὐτοῖς,
1272 1177 1363 1233 διὰ
1385 1178 1447 1233 τὸ
1480 1177 1555 1251 μὴ
1597 1174 1814 1231 κεῖσθαι
1850 1170 1994 1228 αὐτὰ

390 1267 482 1322 ἐπ’
518 1267 742 1334 εὐθείας
765 1285 780 1299 ο
805 1268 904 1323 καὶ
934 1269 1150 1340 μεταξὺ
1181 1270 1292 1326 τῶν
1314 1270 1516 1326 ἑλίκων
1547 1269 1779 1334 τούτων,
1816 1269 1991 1338 ὑμεν·

2178 1062 2385 1119 Dehinc
2429 1075 2562 1117 vero
2608 1057 2831 1131 gracilis
2887 1053 3145 1111 intestina
3178 1051 3519 1115 succedunt,
3575 1064 3703 1105 nam

2103 1159 2156 1214 in
2186 1157 2321 1229 ipsis
2351 1153 2632 1210 anfractus
2649 1150 2871 1223 quidam
2891 1147 3171 1207 visuntur,
3208 1159 3275 1199 ex
3300 1158 3367 1198 eo
3390 1143 3535 1213 quod
3563 1142 3705 1198 situs

2101 1270 2294 1313 eorum
2337 1253 2393 1309 in
2439 1260 2649 1309 rectum
2684 1248 3007 1318 neutiquam
3058 1241 3437 1315 protenditur;
3470 1249 3529 1295 et-
3562 1240 3706 1295 inter

390 1359 537 1432 ώδης
582 1360 745 1414 οὐσία
794 1361 890 1415 καὶ
934 1332 1275 1434 ’πιμελώδης
1319 1365 1540 1418 κεῖταιο
1576 1363 1643 1436 ἥν
1678 1362 1730 1416 οἱ
1768 1332 1995 1416 -ἰδιιῦται

2103 1351 2244 1422 ipsos
2270 1347 2465 1411 ﬂexus,
2499 1343 2860 1401 membranea
2891 1340 3371 1412 pinguescensque
3417 1332 3704 1403 interjecta

390 1452 620 1511 ἔκλυσιν
650 1452 911 1523 λέγουσιν
932 1471 945 1485 ’
983 1455 1069 1526 ἐφ’
1101 1450 1185 1521 οἷς
1215 1457 1263 1489 τ’
1297 1456 1630 1528 ὲποχοῦνται
1651 1456 1722 1510 τὰ
1763 1454 1962 1526 ἔντερα
1982 1493 1998 1518 ,

392 1547 490 1599 καὶ
520 1546 591 1599 τὰ
618 1546 728 1601 ἀπὸ
762 1546 858 1600 τοῦ
899 1547 1118 1618 ἥπατος
1159 1549 1335 1623 μικρά
1367 1548 1590 1619 φλεσεα.
1624 1547 1783 1603 Μετὰ
1820 1546 1879 1601 δὲ
1927 1544 2000 1600 τὰ

391 1639 567 1695 λεπτὰ
597 1640 814 1711 ἔντερα,
838 1639 1148 1713 διαδέχεται
1170 1641 1240 1697 τὰ
1268 1641 1451 1714 παχέα
1473 1642 1523 1674 ⁷⁸
1548 1657 1563 1673 ·
1586 1642 1645 1695 ἐν
1672 1634 1755 1706 οἷς
1779 1638 1998 1712 πρῶτον

396 1734 498 1803 μέν
532 1737 651 1789 ἐστι
682 1735 746 1790 τὸ
788 1736 1021 1808 τυφλὸν,
1054 1736 1083 1791 ὃ
1119 1737 1220 1809 τὴν
1250 1738 1463 1811 κόπρον
1493 1737 1713 1809 δέχεται
1745 1734 1993 1805 πρῶτον.

2098 1440 2406 1511 substantia
2431 1447 2537 1501 est,
2555 1452 2719 1507 quam
2746 1435 2909 1506 vulgo
2934 1431 3155 1486 ἔκλυσιν
3181 1434 3524 1499 nuncupant,
3557 1427 3705 1497 quod

2103 1533 2477 1592 ocelusionem
2513 1531 2630 1589 sive
2666 1528 3118 1601 impedimentum
3144 1523 3379 1589 diceres,
3402 1535 3527 1592 quae
3562 1520 3706 1575 inte-

2102 1639 2248 1698 stina
2298 1646 2354 1694 et
2392 1636 2608 1693 venula:
2646 1650 2677 1690 a
2718 1633 2964 1705 jecinore
3019 1628 3407 1702 provenientes
3441 1638 3705 1696 superve-

2100 1732 2282 1788 niunt.
2340 1729 2654 1787 Gracilibus
2700 1741 2834 1783 vero
2889 1724 3204 1786 intestinis,
3260 1735 3447 1776 crassa
3516 1733 3704 1773 succe-

394 1826 506 1881 Kati.
534 1827 726 1902 ἐπειδὴ
752 1827 855 1882 οὐκ
878 1827 993 1901 ἔχει
1021 1827 1286 1896 διέξοδον,
1308 1828 1660 1902 ἀναρροιϐδεῖ
1682 1844 1741 1882 τε
1765 1825 1993 1899 ταύτην,

2103 1834 2256 1899 dunt,
2297 1831 2442 1888 inter
2475 1846 2599 1902 qua:
2625 1829 2884 1902 primum,
2923 1827 3071 1898 quod
3120 1838 3325 1880 caecum
3376 1819 3537 1892 105
3564 1818 3705 1873 dici-

394 1920 490 1974 καὶ
540 1918 653 1976 οἷον
686 1924 899 1994 ἁπεμεῖ
924 1938 940 1953 ’
974 1921 1072 1976 καὶ
1112 1921 1427 1993 διαδέχεται
1476 1920 1637 1976 τοῦτο
1665 1921 1730 1974 τὸ
1788 1918 1990 1974 κῶλον.

2103 1930 2191 1977 tur
2245 1929 2349 1984 est,
2408 1920 2557 1991 quod
2607 1918 2847 1990 primum
2896 1913 3157 1972 stercoris
3218 1909 3505 1966 materiam
3563 1907 3705 1962 reci-

405 2017 570 2073 Ἀλλὰ
604 2018 664 2073 τὸ
716 2020 817 2091 μὲν
846 2019 1053 2090 τυφλὸν
1097 2021 1157 2074 ὲν
1190 2021 1305 2083 τοῖς
1351 2017 1549 2083 δεξιοῖς
1583 2015 1782 2089 μέρεσι
1816 2014 1995 2068 κεῖται

2103 2027 2199 2098 pit.
2260 2025 2327 2080 Et
2356 2025 2620 2097 quoniam
2663 2024 2843 2096 ipsum
2901 2020 3226 2076 intestinum
3280 2030 3564 2086 egressum
3595 2028 3705 2067 non

392 2110 567 2178 λοξόν.
603 2112 678 2166 Τὸ
717 2112 776 2167 δὲ
819 2112 1003 2168 κῶλον
1044 2113 1111 2167 ἐκ
1150 2107 1268 2166 ’τῶν
1304 2109 1614 2190 ἀριστερῶν
1666 2106 1995 2180 ὁρμώμενον

2103 2127 2282 2191 habet,
2308 2126 2568 2184 stercoris
2595 2123 2878 2180 materiam
2903 2131 3137 2185 eructat,
3165 2135 3230 2175 ac
3263 2117 3504 2190 quodam
3539 2114 3706 2169 modo

393 2205 491 2259 καὶ
509 2204 879 2278 ἑλιττόμενον,
905 2206 1184 2280 ἀνώτερον
1206 2206 1302 2261 τοῦ
1319 2204 1526 2275 τυφλοῦ
1548 2204 1772 2275 ὲντέρου
1795 2203 1993 2266 ἄνεισι,

393 2299 490 2353 καὶ
527 2299 728 2371 φθάνει
781 2301 949 2374 μέχρι
1002 2302 1104 2373 τῆς
1157 2300 1342 2366 δεξιᾶς
1380 2300 1648 2370 λαγόνος·
1696 2299 1792 2352 καὶ
1840 2292 1998 2360 αὖθις

394 2395 766 2467 ὑποστρέφον,
812 2395 1034 2449 κάτεισι
1074 2394 1229 2466 παρὰ
1263 2393 1357 2449 τὸν
1391 2392 1685 2465 ἀριστερδν
1719 2385 1990 2462 βουὸῶνα.

393 2487 496 2540 Διὰ
542 2488 705 2543 τοῦτο
749 2488 843 2542 καὶ
877 2490 925 2543 οἱ
969 2487 1031 2542 τὸ
1057 2486 1298 2542 κωλικόν
1346 2485 1566 2557 ἔχοντες
1621 2485 1874 2556 νόσημα,
1922 2485 1991 2554 τῇ

391 2579 623 2654 τοιαύτῃ
676 2580 886 2652 εἰλήσει
940 2578 1322 2653 ὀδυνώμενοι,
1373 2579 1499 2650 ὃςριν
1556 2576 2001 2649 περιπεπλέχθαι

395 2669 583 2736 αὐτοῖς
641 2672 908 2739 πολλάκις
963 2672 1419 2745 διισχυρίξονται.
1481 2670 1640 2726 Μετὰ
1681 2670 1739 2724 δὲ
1773 2669 1834 2726 τὸ
1886 2670 1998 2725 κῶ-

394 2764 508 2828 λον,
559 2764 622 2818 τὸ
670 2765 841 2837 ἀρχὸν
888 2764 989 2838 τὴν
1030 2765 1238 2836 κόπρον
1281 2761 1563 2835 λαμϐάνον
1620 2760 1699 2833 τῷ
1752 2759 1994 2815 ἀπευθυ-

398 2856 584 2928 σμένῳ
616 2857 693 2921 ὼς
717 2857 934 2930 ἐσχάτῳ
966 2857 1326 2931 μεταδίδωσι·
1354 2855 1421 2911 δι’
1459 2848 1520 2911 οὗ
1556 2856 1591 2927 ἡ
1618 2856 1825 2926 κόπρος
1852 2853 2001 2926 ἐξέρ-

397 2965 558 3018 χεται
584 2965 596 2979 ·
634 2950 736 3004 οὐκ
786 2950 869 3003 ἔτι
925 2952 971 2983 ⁷³
1004 2949 1354 3023 ὲπεσχομένη
1387 2947 1478 3003 διὰ
1521 2948 1583 3001 τὸ
1626 2947 1785 3010 εὒθὲς
1832 2947 1877 2979 ⁷⁷
1905 2945 1997 3000 τοῦ

395 3041 655 3112 ἐντέρουο
690 3043 815 3097 ὅθεν
858 3044 950 3098 καὶ
981 3044 1158 3108 οὕτως
1206 3042 1437 3114 ἐκλήθη.
1488 3039 1677 3095 Ταῦτα
1723 3040 1781 3095 δὲ
1818 3039 2001 3095 πάντα

397 3132 505 3186 ὑπὸ
538 3133 636 3204 τῆς
668 3135 911 3208 γαστρὸς
932 3135 1304 3191 διαϐαστᾶται
1333 3132 1428 3187 καὶ
1448 3130 1861 3204 διακατέχεται.
1887 3130 2001 3184 Καὶ

397 3227 508 3300 γὰρ
535 3228 567 3298 ἠ
598 3229 974 3302 δημιουργικὴ
1006 3227 1241 3298 δύναμις
1273 3225 1553 3298 κηδομένη
1580 3223 1681 3295 τῆς
1720 3221 1960 3293 γαστρὸς
1981 3260 1996 3286 υ

2099 2219 2326 2284 evomit,
2375 2233 2612 2288 eamque
2645 2216 2712 2272 ad
2746 2214 3070 2272 intestinum
3099 2211 3246 2284 quod
3284 2210 3441 2267 colon
3478 2207 3704 2272 dicitur,

2102 2309 2473 2382 recipiendam
2501 2308 2759 2365 demittit.
2798 2305 2915 2364 Hoc
2958 2319 3196 2374 namque
3230 2316 3436 2360 caecum
3487 2299 3707 2356 intesti-

2102 2419 2233 2460 num
2267 2417 2299 2457 a
2335 2402 2558 2458 dextera
2598 2408 2753 2472 parte
2786 2398 2842 2454 in
2885 2398 3172 2470 obliquum
3203 2393 3550 2469 protenditur
3600 2391 3707 2447 Co-

2100 2505 2191 2561 lon
2236 2519 2365 2561 vero
2412 2503 2735 2560 intestinum
2791 2517 2920 2558 cum
2967 2516 3000 2556 a
3050 2501 3185 2557 laeva
3236 2497 3577 2569 porrigatur,
3639 2509 3707 2549 ac

2100 2611 2225 2654 sese
2245 2611 2413 2667 super
2453 2611 2660 2653 caecum
2707 2594 3031 2651 intestinum
3088 2592 3420 2659 intorqueat,
3470 2586 3539 2643 ad
3573 2585 3702 2641 dex-

2101 2701 2273 2749 teram
2320 2693 2542 2748 iliorum
2590 2697 2752 2745 tenus
2806 2693 3012 2758 partem
3066 2681 3300 2748 accedit,
3345 2678 3474 2735 inde
3523 2676 3709 2732 denuo

2102 2784 2335 2854 repetito
2367 2781 2531 2846 ﬂexu,
2564 2780 2630 2835 ad
2656 2779 2851 2834 lazvum
2882 2776 3101 2848 inguem
3132 2787 3311 2843 usque
3332 2768 3704 2843 progreditur.

2102 2875 2477 2948 Quapropter,
2539 2873 2634 2944 qui
2687 2871 2862 2927 colico
2913 2875 3240 2940 premuntur
3295 2863 3535 2926 morbo,
3576 2876 3705 2917 cum

2103 2970 2320 3026 dolores
2355 2969 2409 3023 in
2442 2965 2763 3037 lmjusmodi
2825 2962 3057 3019 ﬂexibus
3099 2959 3362 3025 sentiant,
3394 2971 3543 3012 nunc
3575 2956 3705 3019 huc,

2104 3076 2251 3122 nunc
2283 3061 2415 3119 illuc
2460 3060 2513 3119 in
2571 3058 2799 3117 modum
2848 3053 3123 3127 serpentis
3155 3051 3476 3108 ﬂeetuntur.
3504 3048 3587 3103 Ab
3612 3045 3706 3104 illo

2105 3161 2290 3213 autem
2322 3152 2587 3213 intestino
2618 3149 2765 3223 quod
2795 3151 2959 3205 colon
2987 3147 3215 3210 dicitur,
3253 3146 3462 3201 archon
3496 3142 3710 3197 intesti-

2107 3261 2239 3301 num
2267 3252 2375 3309 est,
2411 3242 2561 3314 quod
2595 3250 2809 3297 stercus
2855 3243 2912 3295 in
2940 3254 3000 3295 se
3053 3244 3332 3307 receptum
3388 3233 3457 3289 ad
3494 3241 3706 3288 rectum

401 3322 545 3392 μύας
571 3325 709 3398 αὐτῇ
743 3324 977 3390 πολλοὺς
1017 3321 1321 3398 περιέθηκε
1346 3338 1359 3352 ·
1399 3320 1496 3373 καὶ
1518 3318 1569 3399 οἱ
1602 3317 1700 3390 μὲν
1728 3314 1995 3383 κάτωθεν,

2108 3336 2453 3401 intestinum,
2520 3343 2708 3405 utpote
2737 3332 2887 3404 quod
2914 3345 3166 3387 omnium
3202 3325 3566 3403 novissimum
3599 3334 3706 3388 est,

397 3415 513 3469 ἄνω
539 3417 801 3488 φέρονται
822 3435 837 3450 ο
864 3419 916 3471 οἱ
947 3416 1004 3470 δὲ
1027 3416 1238 3471 ἄνωθεν
1258 3455 1274 3480 ,
1295 3414 1451 3468 κάτω
1474 3412 1776 3484 φερόμενοι
1796 3408 1845 3442 ⁷⁸
1867 3427 1880 3441 ·
1907 3409 2002 3463 καὶ

397 3512 447 3562 οἱ
482 3509 582 3580 μὲν
610 3509 699 3563 ἐπ’
731 3509 954 3574 εὐθείας
988 3511 1236 3563 κεῖνται·
1272 3509 1321 3563 οἱ
1345 3506 1403 3559 δὲ
1437 3506 1748 3575 ἐγκάρσιαι.
1784 3503 1908 3556 Εἰσὶ
1940 3501 2000 3555 δὲ

398 3601 555 3655 ἄλλοι
589 3600 772 3668 λοξοὶ,
834 3601 946 3656 ἀπὸ
991 3600 1090 3655 τοῦ
1131 3599 1357 3672 στέρνου
1411 3598 1748 3671 φερόμενοι·
1790 3596 1841 3650 οἰ
1894 3595 1996 3667 μὲν

398 3688 511 3748 ἀπὸ
540 3693 635 3749 τοῦ
662 3693 841 3764 δεξιοῦ
868 3695 1075 3766 μέρους
1102 3693 1268 3750 αὐτοῦ
1296 3694 1393 3748 ἐπὶ
1423 3693 1516 3747 τὸν
1545 3689 1840 3767 ἀριστερὸν
1866 3687 1996 3760 βου-

400 3783 549 3841 ϐῶνα
570 3827 585 3850 ,
625 3786 677 3842 oi
705 3786 763 3840 δὲ
790 3785 901 3841 ἀπὸ
931 3784 1028 3840 τοῦ
1080 3784 1377 3859 ἀριστεροῦ
1427 3782 1522 3839 ἐπὶ
1553 3782 1647 3836 τὸν
1677 3778 1852 3846 δεξιόν
1873 3794 1889 3810 °
1928 3778 1997 3851 ἢν

2110 3427 2438 3484 transmittit
2464 3444 2480 3494 ;
2530 3425 2617 3482 cui
2640 3424 2890 3497 quidem,
2925 3438 3025 3495 per
3059 3421 3212 3487 illud,
3243 3419 3312 3475 ob
3337 3419 3458 3489 ejus
3486 3416 3710 3475 rectitu-

2108 3517 2316 3580 dinem,
2344 3524 2498 3572 extra
2526 3513 2839 3587 egrediendi
2866 3512 3013 3568 nulla
3043 3510 3371 3582 interposita
3399 3523 3553 3564 mora
3580 3522 3709 3578 per-

2106 3611 2254 3667 vium
2292 3611 2396 3666 iter
2419 3617 2567 3681 patet
2600 3628 2613 3664 :
2647 3624 2754 3681 qua
2776 3608 2843 3664 de
2862 3622 3032 3664 causa
3062 3606 3197 3662 recti
3228 3618 3424 3659 nomen
3450 3602 3707 3658 sortitum

2106 3712 2211 3760 est.
2244 3702 2369 3758 llaec
2402 3702 2587 3774 itaque
2608 3700 2794 3755 omnia
2821 3716 2851 3755 a
2875 3707 3066 3754 ventre
3091 3696 3442 3755 sustinentur
3462 3709 3708 3759 compre-

2108 3793 2552 3861 hendunturque.
2582 3790 2978 3859 Quamobrem,
3017 3805 3143 3846 cum
3195 3787 3401 3845 summi
3425 3785 3708 3842 Creatoris

400 3877 500 3933 atati.
537 3881 564 3934 6
593 3879 866 3945 ἐπίπλους
898 3880 969 3947 ⁷⁸,
1003 3879 1101 3934 καὶ
1133 3879 1195 3932 τὸ
1236 3876 1587 3951 περιτόναιον
1616 3875 1995 3940 διασκέπουσι,

2103 3885 2457 3958 providentize
2478 3886 2720 3940 maxima
2752 3899 2883 3940 cura
2906 3884 2973 3939 de
3004 3892 3198 3938 ventre
3223 3881 3475 3937 habenda
3504 3879 3706 3944 fuerat,

401 3972 497 4027 καὶ
534 3972 1023 4045 διαθερμαίνουσι,
1068 3975 1164 4027 καὶ
1202 3969 1507 4043 δυναμοῦσι
1566 3968 1705 4040 πρὸς
1747 3970 1846 4039 τὴν
1890 3965 1995 4021 τῶν

2103 3976 2366 4034 musculis
2428 3978 2604 4048 ipsum
2655 3975 2964 4032 innumeris
3025 3973 3433 4046 circumsepsit,
3464 3987 3706 4044 quorum

398 4065 660 4137 ἐντέρων,
698 4067 924 4136 καὶτῆς
958 4067 1018 4120 ὲν
1060 4066 1247 4131 αὐτοῖς
1304 4064 1462 4137 ὕλης,
1501 4058 1874 4126 ἀναϐάσταξιν
1906 4057 1995 4115 καὶ

2103 4066 2324 4140 quidam
2350 4083 2571 4123 sursum
2606 4083 2824 4132 versus,
2863 4066 2957 4123 alii
2986 4067 3242 4124 deorsum
3272 4072 3528 4136 vergunt,
3564 4080 3709 4119 non-

398 4161 698 4233 όχύρωσιν.
2100 4159 2237 4215 nulli
2290 4170 2440 4215 recto
2500 4159 2743 4224 tramite,
2802 4158 2895 4214 alii
2953 4160 3006 4213 in
3051 4158 3335 4230 obliquum
3371 4156 3704 4228 diriguntur.

399 4259 481 4314 Ad
510 4258 629 4320 hos,
664 4257 758 4313 alii
803 4257 931 4313 item
994 4273 1025 4311 a
1061 4269 1282 4328 pectore
1324 4254 1504 4311 varios
1574 4253 1857 4310 anfractus
1924 4254 2248 4327 ﬁgurantes,
2303 4255 2502 4327 partim
2530 4272 2562 4312 a
2596 4256 2793 4311 dextro
2839 4255 3068 4327 inguine
3134 4255 3190 4310 in
3262 4255 3456 4310 laevum
3487 4253 3704 4320 directi,

399 4354 600 4427 partim
645 4369 674 4407 a
710 4352 842 4408 laevo
892 4352 947 4407 in
1009 4353 1263 4407 dextrum
1301 4348 1727 4422 proaenduntur.
1757 4349 1987 4421 Insuper
2024 4359 2271 4406 ventrem
2308 4352 2514 4422 ipsum,
2572 4362 2853 4407 omentum
2877 4358 2931 4406 et
2977 4349 3247 4407 abdomen
3272 4349 3474 4415 velant,
3496 4349 3707 4420 ipsum-

400 4467 508 4523 que
532 4448 884 4516 calefaciunt,
931 4457 986 4505 et
1016 4450 1259 4520 vigorem
1304 4446 1379 4502 illi
1430 4446 1842 4516 impertiuntur,
1878 4463 1988 4518 quo
2027 4448 2308 4504 robustius
2374 4447 2688 4518 fortiusque
2726 4444 3017 4515 intestina,
3082 4453 3139 4501 et
3194 4460 3317 4517 quae
3350 4443 3405 4499 in
3430 4443 3566 4516 ipsis
3589 4459 3709 4499 ma-

401 4543 568 4600 teries
594 4554 698 4608 est,
725 4545 1002 4601 sustinere
1050 4559 1114 4600 ac
1148 4543 1287 4598 tueri
1322 4551 1508 4611 queat.

480 4636 540 4691 Ὀ
574 4636 633 4690 δὲ
662 4637 793 4709 περὶ
837 4638 937 4708 τὴν
970 4635 1195 4708 ἓδραν⁸⁰
1231 4632 1360 4706 μῦς,
1403 4633 1462 4687 ὃν
1511 4634 1607 4688 καὶ
1649 4633 1995 4705 σφιγκτῆρα

2173 4632 2456 4691 Museulus
2473 4643 2655 4689 autem
2683 4631 2976 4703 ad'podicis
2999 4632 3267 4687 orificium
3288 4632 3487 4705 est,qui
3512 4633 3580 4688 ab
3600 4632 3708 4690 illis

397 4725 784 4800 ὀνομάζουσιν,
826 4727 860 4797 ἢ
897 4727 1176 4799 πρωκτὸν,
1230 4726 1448 4797 συνέχει
1481 4725 1574 4779 τοῦ
1629 4726 1997 4798 ἀπευθυσμέ-

397 4834 493 4872 νου
523 4816 625 4890 τὴν
659 4819 924 4889 ἐσχατιάν
946 4835 962 4851 ο
1004 4818 1064 4884 ἐξ
1090 4813 1159 4890 ἧς
1185 4822 1256 4873 τὰ
1281 4818 1596 4888 πνεύματα,
1627 4819 1726 4874 καὶ
1771 4819 1843 4873 τὰ
1897 4836 1995 4873 πε-

401 4912 560 4985 ριττὰ
580 4910 627 4944 "
679 4912 861 4967 πάντα
893 4910 1201 4966 ὠθοῦνται·
1254 4910 1353 4966 τοῦ
1420 4912 1721 4983 εἰρημένου
1773 4914 1995 4984 ὑποχω-

400 5005 626 5079 ροῦντος
654 5006 1025 5079 σφιγκτῆρος’
1052 5005 1149 5060 καὶ
1176 5008 1483 5075 σφιγκτὴρ
1518 5005 1617 5076 μὲν
1635 5004 1881 5074 λέγεται,
1910 5008 1995 5060 ὅτι

397 5099 779 5172 περισφιγγει,
811 5099 909 5154 καὶ
923 5092 1036 5152 οἷον
1065 5099 1240 5169 οειροί
1253 5097 1315 5151 τὸ
1341 5096 1561 5167 ἔντερον
1587 5098 1681 5153 καὶ
1706 5099 1902 5171 δεσμοῖ
1919 5102 1990 5166 δ’,

399 5194 489 5248 ῑνα
524 5192 601 5266 μὴ
630 5193 862 5257 ἄκοντες
891 5192 1200 5264 προΐωμεν,
1242 5191 1302 5245 ὲν
1329 5186 1414 5251 οἷς
1442 5191 1503 5245 οὐ
1532 5190 1638 5256 δεῖ,
1679 5193 1779 5247 καὶ
1805 5194 1897 5248 ὅτε
1927 5195 1989 5248 οὐ

398 5287 501 5344 δεῖ.
532 5288 797 5359 Πρωκτὸς
821 5288 900 5355 δὲ,
931 5282 1045 5342 οἷον
1093 5291 1393 5361 προακτδς,
1426 5288 1577 5359 παρὰ
1614 5285 1677 5340 τὸ
1718 5286 1787 5341 δι’
1826 5287 1996 5342 αὐτοῦ

399 5381 697 5451 προΐεσθαι
723 5380 787 5434 τὸ
815 5379 1161 5452 περίττωμα.
1200 5379 1424 5451 Ἐπειδὴ
1457 5378 1517 5432 δὲ
1565 5378 1656 5435 διὰ
1699 5379 1811 5433 τῶν
1843 5380 1994 5434 ἐντέ-

402 5486 515 5545 ρων
546 5472 811 5544 φέρονται
842 5470 1097 5543 διάφοροί
1122 5488 1301 5535 οτινες
1335 5471 1432 5525 καὶ
1461 5470 1680 5542 δριμεῖς
1712 5472 1888 5543 χυμοὶ
1922 5474 1989 5527 ὲκ

400 5562 512 5617 τῶν
552 5562 1013 5634 περιττωμάτων,
1032 5562 1400 5634 ἐπετήδευσεν
1426 5565 1459 5633 ἡ
1494 5560 1659 5632 φύσις
1706 5563 1992 5635 πιμελώδη

2110 4727 2385 4801 σφιγκτὴρ
2413 4726 2635 4791 dicitur,
2661 4726 2806 4798 quod
2835 4735 3141 4782 extremum
3173 4726 3372 4783 ibidem
3402 4726 3537 4783 recti
3563 4727 3706 4784 inte-

2106 4820 2236 4876 stini
2265 4821 2695 4892 comprehendat
2715 4820 3077 4891 stringatque,
3120 4820 3267 4876 unde
3307 4828 3422 4876 tum
3467 4820 3703 4890 peditus,

2107 4923 2224 4969 tum
2251 4925 2447 4972 cuncta
2477 4913 2621 4972 sicca
2644 4922 3018 4976 excrementa,
3038 4928 3149 4983 prae
3171 4914 3388 4985 angusti
3418 4913 3567 4968 illius
3594 4914 3700 4967 ori-

2104 5007 2216 5064 Iicii
2245 5006 2584 5073 dilatatione,
2623 5016 2776 5064 extra
2808 5015 3183 5063 excernuntur
3213 5023 3226 5060 :
3263 5005 3541 5078 σφιγκτὴρ
3581 5005 3704 5062 ideo

2103 5102 2327 5171 dicitur,
2354 5101 2506 5176 παρὰ
2533 5102 2597 5157 τὸ
2626 5100 2863 5174 σφίγγα),
2893 5099 3041 5172 quod
3077 5099 3312 5171 stringat
3354 5099 3702 5165 intestinum,

2105 5206 2160 5253 et
2195 5197 2356 5269 quasi
2405 5196 2633 5262 vinciat,
2685 5212 2754 5253 ne
2806 5195 3039 5260 scilicet,
3094 5201 3210 5249 tum
3265 5192 3508 5264 peditus,
3584 5199 3700 5246 tum

2105 5297 2317 5346 stercus
2407 5287 2829 5361 intempestive,
2907 5295 2964 5342 et
3058 5285 3265 5357 quibus
3326 5300 3446 5347 ,non
3513 5285 3706 5339 deceat

2098 5380 2235 5439 locis
2281 5397 2313 5437 a
2379 5381 2541 5438 nobis
2580 5389 2936 5437 excernatur.
2997 5378 3266 5435 Pedicem
3332 5392 3503 5444 vero,
3574 5376 3705 5431 inde

2100 5472 2356 5544 πρωκτὸν
2383 5473 2487 5529 dici
2533 5479 2843 5535 autumant,
2864 5468 2978 5526 οἷον
3009 5470 3314 5548 προακτόν.
3355 5469 3506 5541 quod
3539 5466 3701 5539 105

2097 5565 2353 5622 videlicet
2432 5581 2528 5635 per
2590 5564 2770 5635 ipsum
2831 5564 3042 5619 siccum
3099 5570 3519 5619 excrementum
3583 5576 3708 5632 pro-

402 5656 529 5714 τινὰ
556 5655 652 5712 καὶ⁵
683 5655 1073 5728 φλεγματικὴν
1110 5656 1245 5727 ὕλην
1292 5659 1388 5709 καὶ
1439 5656 1846 5726 περιεγὰνωσε,
1901 5658 1995 5713 καὶ

2103 5656 2345 5728 jiciatur.
2405 5657 2679 5725 Quoniam
2764 5672 2896 5712 vero
2962 5671 3059 5726 per
3155 5655 3419 5713 intestina
3495 5654 3704 5711 diversi

476 5844 523 5877 "
551 5843 641 5897 ἀεὶ
675 5859 786 5900 om.
817 5810 879 5897 Β,
955 5842 1002 5874 ⁷⁸
1030 5834 1098 5913 ἧς
1132 5841 1174 5893 Β
1219 5840 1282 5895 C.
1308 5841 1405 5913 ηπ
1463 5840 1637 5913 πεχέα
1672 5842 1733 5897 Β.
1811 5840 1859 5874 ⁷⁸
1887 5824 1990 5896 οὐκ

2103 5843 2164 5898 Β.
2241 5844 2288 5877 ⁷⁷
2321 5843 2402 5900 sic
2427 5859 2576 5898 omn.
2598 5842 2769 5899 Codd.
2848 5842 2892 5875 ’⁸⁸
2929 5824 3134 5912 φερομ.
3173 5856 3293 5913 om.
3330 5840 3461 5913 B_P.
3496 5840 3556 5913 "_
3581 5842 3705 5913 6;!-

405 5915 571 5979 πλους
597 5916 662 5971 Λ.

411 6003 637 6061 τπρισς.
663 5986 723 6042 τὸ
760 5986 872 6044 ἕντ.
910 5985 1007 6042 καὶ
1034 5983 1228 6058 δεσμοῖ
1265 5983 1327 6041 Β.

740 5915 786 5988 σο
825 5915 885 5969 ου
916 5911 1141 5988 δὲλτξὲρὶ
1160 5911 1462 5988 τὴν-*ἕδραν
1498 5960 1507 5971 .
1536 5911 1593 5970 Ι.
1630 5913 1743 5970 τῶν
1793 5912 1995 5985 διδύμω

2103 5915 2199 5973 :ol.
2232 5915 2374 5971 1255
2406 5915 2448 5972 C
2474 5914 2527 5986 7)
2560 5930 2673 5973 om.
2707 5913 2769 5971 Ρ.

2875 5914 2915 5947 ⁸⁸
2954 5910 3445 5992 περιττώματαιδ.
3539 5910 3586 5945 ⁸⁸
3617 5911 3704 5966 ὅτι
