4138 6456
333 448 476 505 1(ὶῖιῦ
1581 436 1672 491 DE
1706 433 1920 493 NATUI

2038 430 2351 488 HOMINIS.
3488 432 3634 488 ιεει

321 568 430 639 μαι
460 561 721 637 χολάδες
739 558 834 633 (ε).
860 558 1102 622 Χολάδες
1140 556 1261 627 δὲ’,
1319 555 1411 611 διὰ
1462 555 1522 609 τὸ
1577 556 1722 609 κατά
1756 553 1920 623 φύσιν

2028 559 2181 606 extra
2222 547 2371 604 ﬂuat.
2424 546 2550 605 llaec
2622 547 2751 602 item
2803 547 3086 614 intestina,
3129 558 3184 603 et
3233 547 3442 613 ῐνδινα,
3474 547 3624 617 quod

325 638 582 730 δέχεσθαι
602 655 663 709 τὸ
699 653 938 726 χολῶδες
968 651 1322 724 περίττωμαο
1360 649 1501 722 μετὰ
1525 649 1583 703 δέ
1601 647 1671 703 τὰ
1701 646 1919 715 σπλάγ-

2028 638 2172 711 apud
2201 638 2498 695 Homerum
2523 646 2629 704 est,
2676 638 3056 709 appellantur,
3119 639 3214 711 qui
3272 640 3369 705 ait,
3414 638 3628 708 ψαῦσαι

326 768 452 821 χνα,
478 749 577 804 καὶ
600 746 871 819 γαστέρα,
907 746 1003 800 καὶ
1033 744 1255 816 ἔντερα,
1287 743 1315 797 ὀ
1363 742 1551 806 τόπος,
1606 742 1666 794 ἐν
1702 734 1749 810 ᾧ
1778 741 1919 793 ἀπο·

2029 733 2267 799 ἐνδίνων,
2301 733 2445 804 quod
2494 743 2598 797 est,
2656 734 2911 787 intestina
2971 743 3206 805 tangere.
3245 733 3330 788 Ab
3380 733 3525 794 aliis.
3574 742 3630 786 et

323 842 655 897 τελευτῶσιν
686 841 745 894 αι
799 838 947 894 νόθοι
983 837 1238 909 πλευραὶ,
1267 834 1476 906 λαγὼν
1526 834 1770 903 λέγεται,
1825 831 1920 886 καὶ

2031 827 2254 899 χολάδες
2276 825 2534 882 intestina
2564 826 2848 893 dicuntur,
2888 827 2996 880 ἀπὸ
3035 827 3137 897 τῆς
3186 827 3374 899 χολῆς,
3407 826 3476 882 ab
3509 826 3628 896 ipsa

325 933 571 1001 κενεὼν,
630 935 728 988 καὶ
777 930 1045 1001 λαπάρα.
1098 929 1182 984 Τὰ
1247 928 1346 1000 μὲν
1385 927 1496 997 γὰρ
1546 923 1779 997 πλησίον
1808 922 1920 976 τῶν

2029 920 2280 976 videlicet
2332 920 2462 981 bile,
2516 919 2662 989 quod
2723 926 2934 974 natura:
2972 920 3238 976 instinctu
3262 920 3435 978 bilnsa
3469 920 3523 979 in
3566 936 3627 975 se

324 1025 584 1099 πλευρῶν
638 1026 826 1090 ὀστέα,
868 1023 1117 1094 λαγόνων
1167 1022 1304 1077 ὀστᾶ.
1356 1020 1640 1089 λέγονται⁸
1704 1017 1814 1070 εἰσὶ
1860 1016 1919 1070 δὲ

325 1118 562 1173 πλατέα.
602 1116 683 1172 Τὰ
724 1117 783 1172 δέ
839 1117 932 1171 ἐπὶ¹
981 1116 1082 1186 τὴν
1139 1112 1417 1177 ἐπίϐασιν,
1469 1110 1696 1166 ὀπισθέν
1728 1125 1791 1162 τε
1826 1106 1922 1161 καὶ

324 1212 593 1278 κάτωθεν,
623 1213 759 1265 ὀστᾶ
785 1210 1002 1282 ἰσχίωνο
1037 1208 1105 1262 τὰ
1124 1208 1183 1262 δέ
1210 1207 1291 1272 είς
1320 1205 1384 1260 τὸ
1411 1205 1604 1276 πρόσω
1640 1202 1809 1275 μέρος
1837 1203 1924 1255 ἐν·

322 1305 518 1361 τεῦθεν
558 1306 977 1376 ἀνατεινόμενα,
1004 1301 1182 1357 λεπτά
1208 1301 1339 1356 ὄντα
1366 1303 1463 1355 καί
1485 1295 1919 1370 διατετρημένα,

323 1398 420 1451 καὶ
469 1397 835 1469 συμφυόμενα
884 1396 1030 1452 κατά
1080 1395 1142 1451 τὸ
1209 1394 1389 1467 πέρας
1440 1392 1719 1466 ἀλλήλοις,
1775 1389 1921 1461 ἥὸης

321 1492 618 1548 καλέουσιν
649 1493 807 1546 ὀστᾶ.

2030 1023 2379 1070 excrementa
2413 1014 2700 1084 recipiant.
2732 1011 2866 1069 Post
2919 1013 3191 1069 visrerum
3223 1014 3470 1084 quidem,
3499 1029 3629 1067 ven-

2036 1106 2245 1177 trisque
2271 1104 2749 1163 aciutestinorum
2797 1106 2986 1170 situm,
3020 1105 3075 1160 in
3105 1121 3218 1176 quo
3272 1105 3395 1163 loco
3449 1104 3630 1158 notha:

2034 1200 2295 1256 desinunt
2328 1207 2520 1267 costae,
2550 1197 2769 1253 iliorum
2801 1213 2865 1252 ac
2895 1198 3126 1252 laterum
3163 1198 3315 1254 locus
3343 1210 3628 1264 nuncupao

2036 1302 2144 1350 tur.
2169 1292 2311 1350 Ossa
2333 1307 2461 1349 vero
2485 1308 2609 1365 qua:
2630 1293 2798 1348 costis
2827 1291 3075 1363 proxima
3105 1292 3379 1356 locantur,
3407 1291 3629 1344 iliorum

2033 1404 2179 1453 ossa,
2203 1405 2328 1460 quae
2348 1397 2401 1444 et
2426 1389 2533 1443 lata
2558 1397 2689 1444 sunt
2724 1402 2846 1458 app.
2868 1386 3092 1442 llantnr.
3127 1385 3195 1441 At
3233 1400 3359 1441 ossa
3390 1396 3512 1454 qua:
3541 1395 3629 1435 re-

2034 1491 2117 1536 tro
2144 1497 2210 1538 ac
2241 1480 2382 1536 infra
2420 1480 2487 1535 ad
2517 1480 2693 1536 basim
2725 1486 2980 1550 vergunt,
3045 1479 3409 1534 coxendicum
3474 1478 3623 1529 sunt.

320 1583 458 1651 Quae
483 1601 613 1641 vero
646 1583 775 1643 inde
829 1582 897 1639 ad
938 1583 1273 1641 anteriorem
1328 1591 1541 1654 partem
1587 1577 1922 1649 diriguntur,
1957 1590 2081 1646 qua:
2109 1575 2274 1631 exilia
2331 1590 2397 1631 ac
2426 1575 2698 1630 terebrata
2758 1583 2909 1640 sunt,
2965 1590 3155 1645 quaeve
3203 1574 3464 1628 extremis
3498 1583 3629 1641 par-

319 1681 470 1737 tibus
498 1679 732 1737 invicem
781 1680 1083 1747 cohzerent,
1122 1676 1285 1749 pubis
1308 1691 1433 1731 ossa
1467 1673 1832 1747 appelluntur.

319 1793 469 1861 Κεφ.
502 1791 631 1848 Kl".
662 1821 734 1832 -
757 1790 902 1861 Περὶ
937 1790 1055 1930 10%
1090 1789 1282 1845 τόπου
1314 1786 1427 1857 τῆς
1470 1787 1628 1856 ἥϐης
1670 1784 1772 1841 καί
1810 1781 1920 1837 τοῦ

1064 1877 1229 1929 τρου.

1064 1877 1229 1929 τρου.

2383 1775 2519 1847 Cap.
2554 1772 2751 1830 ΧΧῘΙΙ.
2791 1806 2861 1815 —-
2889 1773 2965 1828 De
3016 1774 3271 1845 t'mpubio.

394 1976 557 2033 Κατὰ
594 1977 710 2050 γάρ
753 1975 845 2032 τδν
888 1975 990 2046 τῆς
1033 1974 1178 2046 ἥϐης
1214 1974 1407 2046 χρόνον
1465 1973 1650 2028 ἐκεῖσε
1685 1972 1917 2045 φύονται

2100 1954 2182 2011 0b
2238 1954 2291 2011 id
2340 1954 2486 2010 dicta
2522 1952 2736 2027 [sunt],
2769 1954 2915 2025 quod
2975 1953 3092 2009 loca
3149 1953 3240 2007 illa
3281 1969 3407 2010 cum
3462 1954 3627 2010 homo

319 2073 382 2127 αί
412 2072 600 2144 τρίχες
621 2071 661 2102 ⁸·
680 2072 869 2125 ὅντινα
898 2068 1064 2123 τόπον
1088 2067 1385 2138 ἐφήϐαιον
1416 2066 1513 2121 καὶ
1537 2065 1725 2137 ἦτρον
1741 2067 1761 2097 ⁷
1785 2063 1918 2119 ἐκά-

319 2163 522 2218 λεσαν·
576 2156 765 2233 ἦτρον
795 2159 898 2232 μὲν
946 2157 1035 2213 διά
1074 2156 1137 2211 τὸ
1168 2156 1411 2229 ἔντερον,
1460 2157 1526 2209 ἐκ
1578 2154 1674 2209 τοῦ
1709 2154 1834 2226 ἴημι
1862 2151 1923 2206 τὸ

322 2254 558 2326 πέμπω,
591 2252 801 2326 ῖήτρον,
834 2251 931 2309 καὶ
976 2252 1036 2305 ἐν
1072 2250 1325 2320 συγκοπῇ
1350 2243 1559 2320 ἦτρον³
1590 2246 1653 2301 τὸ
1702 2245 1922 2314 πέμπον

323 2347 389 2402 τὸ
418 2346 746 2420 περίττωμα
794 2345 977 2401 κάτον
1008 2342 1306 2414 ἐφήϐαιον
1328 2343 1410 2420 δέ,
1454 2339 1544 2395 διά
1595 2339 1659 2394 τδ
1714 2338 1926 2410 βαίνειν

324 2441 426 2506 τὰς
453 2418 650 2513 τρίχας
682 2440 819 2505 ἐκεῖ,
852 2438 1045 2510 ὀλίγας
1071 2454 1132 2492 τε
1162 2436 1256 2493 καὶ
1283 2418 1491 2508 μικράς
1517 2451 1532 2465 ο
1581 2432 1724 2489 ὥστε
1757 2432 1923 2505 μόνον

325 2531 527 2604 ὀῆναιο
562 2531 715 2605 βαιδς
745 2531 865 2607 γάρ,
893 2533 921 2586 ὀ
948 2530 1146 2602 μικρός
1170 2548 1185 2562 ·
1220 2530 1250 2584 ό
1296 2528 1355 2582 δέ
1393 2528 1495 2598 τῆς
1540 2527 1689 2599 ἥϐης
1728 2525 1923 2598 χρόνος

328 2625 583 2695 ἀόριστος
599 2625 645 2690 ⁸,
674 2622 764 2677 διὰ
792 2622 894 2693 τὴν
918 2620 1219 2690 ἀνισότητα
1242 2619 1340 2673 τοῦ
1384 2621 1449 2687 ἐν,
1481 2620 1595 2683 τοῖς
1640 2616 1924 2689 ήϐάσκου-

330 2733 417 2770 σιν
448 2714 697 2787 ἐμῳύτου
727 2714 937 2787 θερμοῦ
959 2730 972 2744 ’
1005 2713 1100 2767 καί⁵
1142 2711 1390 2777 Ἠσίοδος
1412 2711 1453 2743 ¹⁶
1478 2726 1491 2738 ·

342 2991 508 3048 Ἀλλ’
527 2993 1001 3064 ὅτανήσήσειεν,
1020 2993 1121 3049 καί
1137 2993 1292 3063 ἥϐης
1304 2992 1531 3064 μέτρον
1550 2992 1741 3046 ἵκοιτο
1770 2991 1813 3023 ¹¹
1835 2990 1923 3062 (Ι).

2031 2047 2097 2101 ad
2169 2047 2431 2119 puberem
2495 2056 2711 2102 aetatem
2788 2048 3125 2113 accesserit,
3170 2046 3262 2117 pili
3333 2056 3624 2116 occupant.

2031 2135 2190 2192 Hunc
2250 2146 2434 2193 autem
2501 2138 2683 2194 locum
2722 2137 2911 2193 Graeci
2966 2137 3217 2210 ἐφήϐοις,
3277 2137 3625 2208 impubium,

2030 2236 2086 2284 et
2126 2229 2516 2294 ventriculum,
2558 2229 2657 2284 καὶ
2692 2224 2862 2301 ἦτρον
2892 2229 3188 2298 dixerunt;
3225 2239 3279 2286 et
3304 2225 3472 2303 ἦτρον
3498 2234 3628 2302 qui-

2031 2319 2152 2378 dem
2175 2324 2240 2376 ἐκ
2260 2322 2356 2376 τοῦ
2381 2322 2504 2395 ἴημι
2522 2323 2583 2377 τὸ
2602 2323 2830 2395 πέμπω,
2850 2324 2997 2394 quod
3027 2323 3280 2379 videlicet
3303 2339 3626 2380 excremen-

2034 2424 2147 2470 tum
2195 2413 2340 2470 inl‘ra
2376 2431 2472 2486 per
2500 2415 2821 2471 intestinum
2854 2415 3137 2483 demittat;
3170 2416 3436 2488 ἐφήϐαιον
3470 2433 3624 2485 vero,

2034 2507 2086 2563 id
2117 2516 2222 2574 est,
2253 2507 2584 2579 impubium,
2624 2507 2713 2562 διὰ
2740 2509 2803 2563 τὸ
2842 2509 3048 2581 βαίνειν
3078 2508 3178 2573 τάς
3232 2510 3426 2582 τρίχας
3489 2513 3624 2579 ἐκεῖ,

2031 2600 2179 2671 quod
2223 2599 2433 2656 scilicet
2468 2600 2560 2671 pili
2597 2600 2796 2657 ibidem
2829 2601 3153 2671 proveniant
3196 2620 3210 2657 :
3268 2619 3394 2658 nam
3422 2604 3626 2675 puber.

2033 2692 2159 2748 talis
2202 2699 2469 2760 tempora,
2526 2690 2680 2745 nullo
2733 2691 2870 2746 satis
2926 2700 3077 2746 certo
3128 2693 3391 2762 temporis
3449 2695 3628 2764 spatio

2032 2781 2487 2852 praescribuntur,
2540 2795 2664 2835 cum
2713 2780 3165 2851 pubescentibus.
3222 2799 3329 2837 non
3365 2799 3521 2853 amne
3573 2785 3626 2839 in

2035 2874 2317 2939 omnibus,
2338 2873 2541 2928 insitus
2567 2873 2716 2929 calor
2740 2873 3030 2937 redundet,
3064 2884 3123 2929 ut
3163 2873 3432 2933 Hesiodus
3469 2895 3483 2931 :

2111 2985 2270 3057 107
2314 2984 2381 3038 At
2409 3000 2530 3039 cum
2558 2984 2832 3055 pubescet,
2867 2984 2946 3039 rel
2975 2983 3128 3055 pubis
3158 2994 3395 3055 tempora
3427 2994 3623 3057 tanget.

329 3107 568 3163 Κενεὼν
586 3108 643 3163 δὲ
675 3110 769 3164 καὶ
796 3107 1044 3178 λαπάρα
1064 3106 1127 3161 τὸ
1150 3107 1285 3162 αὑτό
1304 3122 1317 3136 °
1342 3106 1419 3174 ὡς
1445 3108 1527 3175 τὸ,
1551 3106 1713 3163 Μίαν
1742 3106 1920 3161 πόλιν

2035 3103 2201 3175 Atqui
2249 3104 2318 3158 ile
2363 3113 2416 3160 et
2469 3103 2637 3171 latus,
2688 3101 2835 3181 quod
2881 3102 2960 3159 illi
3040 3104 3243 3158 κενεὼν
3279 3106 3374 3159 καὶ
3409 3104 3631 3178 λαπάρα

324 3199 733 3268 ἐξαλαπάξαι,
770 3201 1042 3265 τουτέστι,
1090 3199 1201 3254 τῶν
1251 3199 1613 3272 ὑπαρχόντων
1654 3199 1796 3273 αὐτῇ
1831 3216 1920 3252 κε-

2035 3195 2320 3262 dictitant,
2374 3211 2439 3252 ex
2491 3211 2558 3251 eo
2606 3196 2937 3268 appellatum
2978 3206 3216 3260 constat,
3272 3196 3421 3271 quod
3474 3199 3631 3256 locus

326 3294 501 3348 νῶσαι
533 3294 774 3351 πολιτῶν
806 3295 904 3349 καὶ
947 3293 1302 3366 πραγμάτων
1336 3295 1379 3325 ι’
1404 3308 1418 3323 ⁸
1460 3292 1494 3364 ἢ
1548 3291 1638 3347 διὰ
1678 3291 1740 3346 τὸ
1769 3291 1920 3345 κενὸν

2032 3288 2125 3344 ille
2176 3287 2398 3345 ossibus
2447 3297 2624 3356 vacet,
2679 3288 2824 3366 quod
2872 3288 2949 3343 illi
3002 3289 3175 3343 κενῶν
3204 3288 3312 3343 τῶν
3344 3290 3519 3346 ὀστῶν
3547 3293 3630 3346 di—

324 3381 469 3441 είναι
508 3388 715 3442 ὀστέων
766 3387 859 3440 τόν
887 3385 1196 3455 τόπον¹³·ἢ
1248 3384 1338 3438 διά
1390 3385 1489 3453 τὴν
1543 3380 1795 3438 λάπαθον
1824 3382 1925 3453 τὴν

326 3474 560 3548 βοτάνην
572 3474 881 3546 κενωτικὴν
908 3475 1150 3545 γαστρὸς
1168 3468 1342 3527 οὖσαν
1365 3472 1432 3526 ¹⁸.
1458 3471 1674 3538 Λαγὼν
1688 3472 1746 3528 δὲ
1769 3473 1923 3547 παρᾶ

322 3566 386 3619 τὸ
419 3566 575 3637 λήγω
595 3581 609 3596 °
647 3568 833 3623 ἐκεῖσε
871 3567 983 3637 γάρ
1012 3565 1276 3637 λήγουσιν
1303 3565 1361 3617 αῖ
1384 3564 1644 3637 πλευραί.

395 3656 601 3713 Τοῦτον
630 3658 723 3713 τὸν
750 3659 919 3717 τόπον
960 3660 1263 3731 κατωτέρω
1306 3659 1564 3727 λαγόνος,
1598 3657 1923 3727 βουϐῶνας

324 3751 577 3819 καλοῦσι,
606 3753 676 3809 τά
705 3751 860 3808 ἔνθεν
911 3753 1171 3808 κάκεῖθεν
1212 3753 1313 3825 τῆς
1364 3752 1600 3824 βαλάνου
1663 3752 1762 3808 καὶ
1811 3753 1922 3808 τῶν

321 3843 583 3916 διδύμων.
628 3845 703 3899 Τὸ
745 3845 804 3901 δὲ
852 3845 956 3917 τῆς
988 3844 1228 3918 βαλάνου
1280 3846 1466 3918 seton;
1488 3847 1532 3879 ¹⁵
1564 3844 1666 3919 τὴν
1700 3846 1923 3904 κύστιν

324 3933 572 4005 λέγουσι,
609 3937 701 3993 διά
728 3936 792 3991 τὸ
823 3931 968 3993 εἶναι
998 3938 1183 3992 ἐκεῖσε
1224 3936 1323 4009 τήν
1354 3937 1654 4011 ούρηδόχὸν
1705 3937 1920 3994 κύστιν.

325 4029 601 4086 Κοινωνία
648 4030 760 4105 γὰρ
808 4031 1035 4105 ἔρχεται
1068 4030 1162 4084 δύο
1206 4034 1394 4103 πόρων
1430 4032 1542 4086 ἀπὸ
1578 4032 1678 4101 τῆς
1716 4030 1922 4102 ὀσφύος

326 4121 613 4193 φυσικῷη
642 4123 818 4195 νόμῳ,
852 4123 948 4178 τοῦ
1000 4123 1425 4195 άπευθυσμένου
1460 4123 1555 4177 καὶ
1603 4122 1706 4195 τῆς
1748 4124 1922 4197 οὑρηο

321 4215 478 4287 δόχου
506 4213 782 4280 κύστεως·
826 4217 948 4289 ήτις
980 4216 1198 4288 δέχεται
1225 4217 1325 4287 μὲν
1348 4216 1409 4271 τὸ
1456 4215 1620 4288 οὖρον
1662 4216 1775 4272 ἀπὸ
1824 4215 1921 4271 τοῦ

322 4308 495 4361 νώτου
522 4307 718 4379 αὐτῆς,
760 4308 963 4377 ἔξωθεν
988 4310 1097 4365 ἀπὸ
1122 4310 1232 4363 τῶν
1270 4310 1489 4382 νεφρῶν
1511 4350 1524 4370 ,
1586 4307 1677 4363 διὰ
1706 4308 1923 4381 νεύρων

322 4400 423 4455 καὶ
445 4400 661 4472 φλεϐῶν
697 4402 809 4458 τῶν
842 4401 1081 4468 λεπτῶν,
1118 4393 1197 4457 ὧν
1222 4401 1339 4473 ἔχει
1366 4416 1380 4431 ·
1408 4401 1560 4468 ὀξεῖα
1600 4401 1711 4473 γάρ
1768 4400 1923 4455 ἐστιν

321 4496 406 4558 είς
431 4494 492 4549 τὸ
511 4494 719 4551 ἕλκειν.
753 4495 1048 4550 Ἐκόάλλει
1081 4496 1138 4550 δὲ
1161 4498 1273 4551 ἀπὸ
1293 4493 1391 4549 τοῦ
1415 4494 1695 4566 τραχήλου
1725 4493 1920 4565 αὐτῆς,

322 4588 422 4641 καὶ
451 4590 748 4661 ἀποκρίνει
788 4589 852 4644 τὸ
882 4585 1049 4663 οὖρον
1102 4589 1325 4657 ἔξωθεν,
1366 4588 1455 4643 διά
1506 4588 1607 4659 τῆς
1650 4587 1914 4657 βαλάνου.

2028 3389 2183 3439 cunt.
2227 3380 2300 3436 At
2343 3380 2422 3435 illi
2464 3380 2593 3436 item
2636 3364 2892 3449 λαγόνας,
2943 3397 3065 3452 quae
3116 3398 3218 3438 nos
3274 3384 3367 3439 ilia
3412 3401 3631 3441 nuncuo

2027 3485 2247 3541 pamus,
2310 3471 2464 3544 παρὰ
2490 3471 2551 3524 τὸ
2574 3472 2763 3545 λήγειν
2795 3473 2974 3527 ἐκεῖσε
3006 3473 3106 3539 τὰς
3138 3474 3401 3547 πλευράς,
3458 3494 3524 3534 ex
3563 3494 3628 3534 eo

2026 3562 2175 3636 quod
2221 3562 2355 3618 inibi
2412 3572 2581 3620 costa:
2607 3564 2883 3631 desinant,
2913 3565 3060 3622 dicta
3088 3566 3299 3622 volunt.

2098 3654 2163 3711 Et
2183 3655 2364 3713 locum
2384 3657 2476 3728 qui
2505 3657 2607 3713 sub
2628 3658 2733 3713 illis
2754 3670 2860 3726 est,
2880 3668 3099 3729 partem
3122 3660 3376 3718 videlicet
3391 3678 3515 3733 quae
3534 3680 3627 3733 pe-

2025 3764 2151 3805 nem
2175 3755 2230 3805 et
2262 3756 2427 3806 testes
2456 3750 2718 3820 utrinque
2740 3751 3146 3821 complectitur,
3175 3751 3480 3823 βουϐῶνας,
3519 3755 3625 3812 hoc

2024 3849 2110 3898 est
2138 3840 2357 3912 inguem
2406 3842 2712 3897 nominant.
2757 3840 2894 3899 Pars
2911 3857 3218 3916 vero,quae
3268 3846 3389 3917 pari
3432 3827 3628 3903 ordine

2014 3925 2207 4003 'glandi
2238 3933 2751 4004 respondel,vesica
2775 3939 3220 4008 nuncupatur,in
3252 3956 3419 4011 quam
3441 3941 3626 3998 humi-

2024 4023 2157 4078 dum
2176 4033 2593 4083 excrementum
2624 4025 2874 4083 conﬂuit.
2894 4027 3055 4093 Nam,
3072 4046 3101 4086 a
3132 4032 3386 4088 ductibus
3404 4046 3628 4091 natur-ao

2025 4118 2169 4175 libus
2185 4118 2279 4190 qui
2304 4119 2371 4176 ad
2394 4119 2612 4176 lumbos
2636 4120 2912 4187 visuntur,
2931 4122 3148 4180 duobus
3173 4127 3449 4184 meatibus
3476 4140 3628 4183 recto

2024 4211 2240 4268 scilicet
2291 4213 2558 4268 intestino
2609 4229 2674 4270 ac
2717 4213 2933 4283 vesicae,
2972 4216 3025 4271 in
3077 4233 3242 4289 quam
3290 4222 3448 4275 urina
3493 4236 3623 4277 con-

2025 4302 2168 4369 ﬂuit,
2213 4304 2652 4363 communicatio
2693 4307 2943 4377 quaedam
2975 4296 3284 4366 intercedit.
3324 4311 3446 4384 Ipsa
3477 4313 3624 4368 enim

2024 4398 2232 4466 vesica,
2292 4412 2419 4455 cum
2459 4397 2604 4454 miro
2631 4399 2870 4470 quodam
2907 4401 3163 4458 acumine
3203 4402 3259 4460 in
3298 4406 3627 4461 attrahenda

2023 4492 2253 4564 praedita
2298 4493 2389 4561 sit,
2441 4490 2733 4551 humorem
2782 4512 2876 4565 qui
2930 4511 2985 4549 In
3026 4502 3146 4567 ipsa
3178 4507 3281 4567 est,
3326 4513 3358 4554 a
3396 4498 3625 4555 renibus

2025 4585 2308 4642 subtilium
2344 4599 2641 4642 nervorum
2686 4603 3066 4659 venarumque
3110 4588 3292 4649 ollicio
3324 4608 3444 4664 quae
3475 4605 3625 4650 exte-

332 4680 492 4733 Ἐπεὶ
533 4680 592 4734 δέ
643 4681 704 4734 τὸ
747 4679 1045 4753 λεγόμενον
1092 4681 1285 4752 ἀρχὸν
1328 4681 1578 4750 ἔντερον
1624 4680 1917 4735 ὑπόκειται

2028 4678 2144 4734 rius
2165 4678 2286 4750 ejus
2309 4677 2477 4735 dorso
2510 4679 2814 4746 adhaerent,
2854 4681 3108 4755 suscipit.
3134 4681 3274 4740 Cum
3308 4701 3438 4742 vero
3468 4686 3622 4743 illum

319 4770 488 4843 αὐτῇ,
518 4770 969 4845 φλεγμαινούσης
1012 4773 1280 4837 πολλάκις
1325 4773 1500 4845 αὐτῆς
1520 4772 1588 4837 ν’,
1629 4772 1917 4844 ἐπίσχεσις

318 4862 535 4930 γίνεται
574 4863 677 4935 τῆς
702 4862 935 4935 κόπρου,
964 4865 1066 4937 οὐχ
1093 4864 1298 4935 ἥκιστα
1330 4864 1391 4919 δὲ
1415 4864 1514 4919 τοῦ
1544 4863 1715 4936 ούρου
1740 4866 1804 4922 ³⁸.

2024 4781 2179 4828 extra
2201 4771 2452 4827 emittere
2472 4770 2845 4842 compellitur,
2871 4772 3014 4829 collo
3040 4772 3160 4845 ejus
3193 4790 3306 4847 quo
3332 4778 3451 4848 ipsa
3484 4794 3622 4849 prae-

2025 4863 2142 4920 dita
2181 4871 2286 4932 est,
2340 4878 2439 4934 per
2470 4864 2627 4936 penis
2658 4865 2935 4936 glandem,
2966 4867 3217 4938 emingit.
3255 4868 3322 4926 Et
3359 4873 3618 4943 quoniam

318 4957 426 5013 sub
462 4957 581 5028 ipsa
639 4957 965 5014 intestinum
996 4956 1145 5029 quod
1189 4958 1393 5013 arclion
1438 4959 1766 5031 appellatur,
1800 4957 2075 5023 consistit,
2101 4957 2149 5014 si
2176 4972 2299 5014 eam
2324 4958 2379 5013 in
2420 4965 2691 5013 tumorem
2746 4958 2880 5030 erigi
2937 4960 3272 5031 quandoque
3332 4964 3618 5036 contingit,

319 5064 434 5111 tum
474 5054 607 5112 sicci
670 5054 726 5110 iu
776 5054 882 5112 hoc
928 5069 1084 5121 casu,
1120 5062 1238 5112 tum
1296 5054 1509 5111 humidi
1573 5056 1908 5113 excrementi
1947 5068 2206 5129 egressus
2263 5054 2635 5126 intercipitur.

389 5150 714 5220 Βουόῶνας
741 5152 799 5206 δὲ
822 5150 1120 5225 ὠνόμασαν
1146 5152 1275 5218 τοὺς
1309 5152 1642 5226 εἰρημένους
1681 5152 1910 5218 τόπους,

316 5246 426 5300 ἀπὸ
464 5245 559 5300 τοῦ
588 5244 986 5319 συμϐαίνοντος
1022 5245 1320 5320 οἰδήματος
1350 5245 1410 5299 ἐν
1443 5244 1632 5311 αὐτοῖς
1659 5261 1673 5277 ο
1708 5244 1775 5299 ἐκ
1806 5242 1907 5298 τοῦ

321 5339 400 5409 βῶ
427 5340 487 5394 τὸ
519 5340 692 5412 βαίνω
713 5356 727 5371 ·
767 5339 923 5412 παρὰ
947 5338 1011 5393 τὸ
1049 5339 1195 5409 ἄγαν
1239 5337 1451 5412 βαίνειν
1473 5342 1554 5404 είς
1585 5338 1723 5411 ὕψος
1748 5353 1765 5371 ο
1809 5336 1911 5410 βῶ,

320 5431 514 5501 βὼν¹⁹,
539 5435 635 5488 καὶ
665 5433 809 5505 μετὰ
836 5430 934 5489 τοῦ
968 5431 1065 5504 βοῦ
1097 5430 1421 5489 ἐπιτατικοῢ
1436 5432 1485 5466 ³ο
1527 5433 1743 5507 μορίου,
1788 5432 1914 5504 βου-

2089 5150 2238 5208 Loca
2270 5160 2455 5207 autem
2515 5166 2639 5222 qua:
2693 5151 2937 5206 diximus
2965 5150 3267 5222 βουϐῶνας,
3296 5152 3371 5206 illi
3415 5152 3487 5208 ab
3540 5140 3615 5209 rei

2020 5254 2219 5303 eventu
2269 5253 2612 5316 nuncupant,
2663 5243 2815 5315 παρὰ
2843 5244 2904 5299 τὸ
2939 5243 3017 5316 βῶ
3045 5245 3106 5299 τὸ
3156 5244 3347 5317 βαίνω,
3370 5261 3436 5301 eo
3473 5248 3619 5317 quod

2024 5354 2136 5409 pra:
2198 5338 2281 5393 sui
2325 5347 2543 5394 tumore
2601 5353 2823 5393 sursum
2880 5353 2989 5395 non
3049 5339 3261 5395 modice
3313 5340 3619 5411 erigantur.

2025 5431 2297 5500 Quoniam
2351 5448 2483 5487 vero
2548 5431 2673 5487 talis
2734 5431 2889 5487 locus
2940 5431 3215 5501 tonsillis,
3258 5449 3396 5504 quas
3445 5432 3619 5492 Graeci

387 5590 905 5668 Ἀχοληδέ-ριηζΒ.
1038 5595 1097 5668 αἱ
1127 5611 1425 5668 τριχκμφυ.
1450 5593 1528 5668 ΑΒ.
1605 5595 1625 5629 ⁷
1654 5590 1825 5668 ἦτρον
1872 5593 1916 5649 Β
1954 5594 2016 5668 C.
2040 5594 2235 5668 _l'1:pov
2282 5596 2379 5668 Α.Δ
2426 5595 2448 5625 ⁸
2481 5589 2656 5668 ἦτρον
2676 5594 2771 5668 μΒ.
2817 5593 2994 5668 Δί¹τρον
3043 5594 3110 5648 Α.
3184 5588 3517 5668 ξάορξέστὶ
3556 5594 3617 5649 Β.

320 5663 364 5695 ¹⁹
396 5662 483 5729 ὡς
508 5662 605 5716 καὶ
643 5664 770 5718 Ἦσ.
802 5663 864 5718 Β.

320 5737 362 5811 ff
397 5733 628 5811 amem
645 5736 851 5811 ﬁdem
881 5732 1134 5811 gustxéw
1192 5737 1484 5811 ὑπονόμων
1515 5737 1576 5794 Β.
1657 5739 1701 5772 ⁸⁷
1749 5732 1871 5794 αὐτ.
1917 5736 2150 5793 πολλάκ.
2207 5737 2268 5790 Β.
2350 5736 2394 5769 ³⁸
2423 5736 2517 5789 καὶ
2549 5736 2647 5806 οὐχ
2674 5737 2777 5806 ἦκ.
2802 5734 2898 5790 τοῦ
2930 5733 3054 5809 οὓρ.
3092 5735 3154 5790 Β.

317 5806 362 5837 '°
390 5808 533 5877 μετὰ
574 5806 672 5860 τοῦ
721 5808 868 5863 ἐπιτ.
904 5807 1020 5879 βου.
1057 5806 1115 5861 Β.

392 5940 461 6009 (ε)
498 5940 559 5997 ll.
591 5945 650 6009 Δ,
683 5941 807 5999 526.

980 5666 1024 5698 “
1053 5660 1254 5748 ῄκοὶῖο
1417 5666 1463 5699 ⁸⁸
1493 5668 1611 5748 hinc
1643 5660 1755 5748 oili.

2028 5660 2156 5748 ξῖναί
2191 5666 2283 5748 τόν
2319 5660 2639 5748 τόπονςόστ.
2675 5665 2733 5748 Β.
2815 5660 3010 5748 “ﬁxae
3041 5679 3151 5748 oni.
3182 5663 3280 5748 Β..⁸
3307 5660 3369 5748 ’³2
3397 5665 3526 5748 {gf};

3237 5710 3280 5768 δ’
3337 5710 3520 5809 βοὲὶῖῖλθῖ

2095 5946 2159 6015 (Ι)
2181 5946 2322 6015 Opp.
2353 5945 2393 6006 l,
2434 5943 2552 5997 ιῦί.
