4138 6466
508 429 651 488 ωδε

1788 414 2070 472 MELETII
2113 411 2425 470 MONACHI

3631 401 3774 460 «τσο

502 546 698 611 ἀδένας
745 551 1108 616 nuncupant,
1141 540 1375 597 refertus
1433 548 1551 603 est,
1604 552 1838 608 quarum
1889 542 2086 591 natura

2192 532 2326 587 ϐῶν.
2367 531 2522 586 Ἐπεὶ
2551 532 2593 562 ³³
2628 529 2736 600 γάρ
2774 523 2932 593 οἶτος
2985 528 3015 581 ὀ
3065 524 3228 590 τόπος
3287 521 3559 596 ἀδενὼὂης
3602 523 3776 587 ἐστὶν.

505 638 798 699 imbecillis
848 653 916 694 ac
971 637 1093 699 laxa
1140 633 1403 700 habetur,
1440 646 1619 686 rerum
1682 628 1875 699 Opifex
1940 629 2089 693 ipsas

504 730 756 785 tonsillae
785 745 908 801 qua:
924 727 990 782 ad
1024 727 1308 781 humorem
1331 723 1654 794 capiendum
1685 733 1829 793 aptae
1856 721 2092 777 idoneae-

502 838 614 893 que
670 832 798 878 sunt
831 860 847 887 ,
889 820 957 875 ad
1002 829 1477 874 excrementorum
1542 831 1702 871 usum
1733 854 1749 881 ,
1799 823 2089 886 concepta-

505 913 739 985 culaque
791 924 998 968 tantum
1062 910 1227 966 modo
1289 908 1403 964 iilic
1468 907 1745 973 obtexuit,
1787 921 1910 977 quae
1963 920 2089 961 cum

508 1022 621 1077 prae
670 1005 755 1062 sui
801 1002 1177 1059 imbecillitate
1224 1014 1334 1072 qua
1387 1007 1586 1055 natura
1634 1006 1764 1054 sunt
1819 995 2086 1068 praditze,

509 1099 670 1155 talem
720 1097 987 1168 expellere
1016 1096 1303 1151 humorem
1356 1101 1655 1164 nequeunt,
1705 1091 1759 1146 in
1820 1100 2089 1144 tumorem

505 1187 813 1258 eriguntur.
859 1183 927 1239 Et
982 1183 1246 1255 quoniam
1308 1182 1440 1239 illud
1490 1182 1710 1238 evenire
1768 1180 2092 1251 plerumque

506 1280 665 1342 solet,
701 1277 915 1333 ratione
940 1277 1148 1347 optima
1178 1276 1495 1347 hujusmodi
1525 1290 1727 1331 nomen
1763 1273 2087 1329 sortiuntur.

504 1370 755 1434 Vesicam
799 1378 1003 1435 autem,
1070 1384 1237 1440 quam
1289 1366 1515 1432 κύστιν,
1569 1365 1677 1421 ἀπὸ
1727 1363 1823 1421 τοῦ
1873 1362 2089 1419 κεύθειν

500 1462 593 1516 τὸν
620 1457 780 1535 οὖρον
818 1461 1012 1518 dicunt
1051 1477 1117 1515 ex
1161 1476 1227 1515 eo
1272 1460 1417 1532 quod
1458 1459 1513 1513 in
1549 1459 1667 1529 ipsa
1700 1457 1860 1513 urina
1894 1470 2090 1513 recon-

502 1554 673 1619 ditur,
730 1554 933 1610 dictam
957 1553 1164 1608 volunt.

576 1648 717 1704 Sunt
742 1648 905 1705 etiam
941 1647 1304 1703 instrumenta
1331 1646 1602 1717 quaedam,
1643 1659 1767 1715 quae
1814 1640 2089 1712 mingendi

508 1741 691 1797 cilicio
736 1742 1060 1805 inserviunt,
1105 1749 1165 1796 ut
1209 1756 1389 1805 renes,
1435 1739 1489 1792 in
1544 1738 1747 1809 quibus
1798 1735 2087 1792 humidum

502 1839 919 1888 excrementum
971 1831 1265 1896 dividitur;
1316 1829 1577 1885 nonnulla
1630 1843 1760 1884 vero
1800 1827 1904 1897 ipsi
1939 1836 2088 1882 tran-

2190 627 2240 679 οί
2272 626 2328 679 δέ
2350 625 2539 689 ἀδένες
2569 626 2733 694 φύσει
2761 623 3103 695 ὑπάρχουσιν
3133 620 3379 683 ἀσθενεῖς
3421 617 3519 672 καὶ
3547 616 3738 688 ἀραιοί
3761 632 3775 647 ·

2192 718 2521 789 ὑπέστρωσε
2551 717 2661 790 γάρ
2694 716 2895 780 αὐτοὺς
2937 717 3054 779 τοῖς
3106 714 3379 785 μορίοιςή
3423 710 3642 781 quem“
3695 712 3781 773 είς

2193 813 2385 882 χρείαν
2418 812 2587 882 μόνην
2619 810 2716 864 καὶ
2759 808 3034 880 ὑποδοχὴν
3085 808 3193 861 τῶν
3246 804 3689 876 περιττωμάτων
3706 804 3780 868 ³³,

2190 900 2265 965 ὡς
2279 900 2641 973 ἐπιτηδείους,
2659 898 2970 970 τηνικαῦτα
2984 895 3160 969 χυμοῦ
3181 897 3554 967 ἐμπίπτοντος
3570 893 3778 958 αὐτοῖς,

2195 993 2271 1065 μὴ
2322 993 2614 1063 δυνάμενοι
2654 990 2848 1045 τοῦτον
2897 989 3199 1056 ἀποδιῶξαι
3246 987 3338 1042 διὰ
3388 986 3491 1057 τὴν
3542 986 3781 1053 φυσικὴν

2192 1084 2497 1150 ἀσθένειαν,
2533 1085 2858 1156 ἐπαίρονται
2909 1084 2993 1147 είς
3045 1082 3233 1150 ὄγκον.
3284 1079 3443 1135 Ἐπεὶ
3487 1075 3584 1133 οὖν
3619 1077 3783 1133 τοῦτο

2194 1175 2534 1247 συχνοτέρως
2554 1176 2600 1207 ’⁸
2623 1173 2916 1245 συμϐαίνει
2961 1174 3021 1227 ἐν
3064 1175 3178 1237 τοῖς
3229 1171 3418 1233 τόποις
3466 1168 3681 1233 τούτοις
3703 1170 3778 1231 ’⁸.

2191 1268 2418 1331 είκότως
2445 1267 2545 1337 τῆς
2597 1265 2898 1337 ὀνομασίας
2932 1263 3137 1334 ταύτης
3185 1262 3575 1333 τετυχήκασιν.
3615 1263 3682 1315 Ἥ
3720 1262 3782 1315 δέ

2192 1360 2427 1425 κύστις,
2457 1358 2566 1412 ἀπὸ
2594 1357 2690 1412 τοῦ
2721 1356 2940 1412 κεύθειν
2968 1358 3031 1410 τὸ
3057 1356 3240 1428 οὖρον.

2263 1622 2385 1677 Τῶν
2407 1621 2715 1695 ούρητικῶν
2743 1617 2837 1677 οὖν
2891 1620 3165 1692 ὀργάνων,
3218 1620 3287 1676 τά
3316 1620 3419 1693 μὲν
3456 1621 3782 1693 διακριτικά

2189 1713 2299 1769 εἰσι
2331 1714 2442 1768 τῶν
2468 1713 2668 1787 οὔρων,
2701 1714 2735 1785 ἢ
2786 1713 3068 1783 ἀγγεῖον¹⁶
3106 1712 3296 1787 ὥσπερ
3341 1702 3531 1783 νεφροί
3565 1730 3579 1745 ο
3607 1715 3676 1767 τὰ
3720 1712 3783 1765 δέ

2157 1806 2582 1879 ·παροδευτικὰ,
2612 1804 2804 1877 ὥσπερ
2830 1805 2899 1859 τά
2939 1805 2999 1873 ἐξ
3049 1804 3265 1877 ἥπατος
3314 1804 3588 1875 ἐρχόμενα
3639 1803 3784 1875 πρὸς

504 1925 667 1980 situm
712 1925 874 1995 108
913 1923 1205 1991 exhibent;
1255 1931 1311 1978 et
1347 1924 1463 1977 haec
1506 1921 1730 1993 quidem
1773 1934 1906 1976 vasa
1959 1926 2089 1974 sunt

2192 1898 2428 1970 νεφροὺς
2444 1899 2488 1930 ’⁷
2522 1899 2744 1990 ἀγγεῖα.
2777 1898 2958 1970 Μέχρι
2991 1898 3101 1969 γὰρ
3124 1897 3225 1967 τῆς
3250 1897 3455 1967 ὀσφύος
3483 1897 3541 1950 αί
3601 1913 3781 1967 μεσα-

503 2033 627 2089 qua:
655 2033 685 2071 a
721 2017 990 2087 jecinore,
1026 2016 1094 2071 ad
1150 2031 1314 2071 renes
1363 2014 1690 2084 procedunt.
1746 2010 1881 2067 Nam
1916 2025 2089 2074 vente,

504 2124 630 2181 qua:
652 2109 997 2173 modiatrices
1023 2116 1430 2177 nuneupantur,
1456 2121 1634 2177 usque
1673 2106 1739 2160 ad
1770 2102 1985 2158 lumbos
2014 2101 2093 2157 l'e-

503 2210 722 2256 runtur.
785 2198 891 2255 Sed
952 2201 1376 2256 instrumentum
1416 2197 1739 2269 recipiendae
1781 2196 1952 2252 urinae
1997 2209 2092 2250 ve-

503 2291 621 2349 sica
648 2299 770 2358 est;
798 2291 1155 2347 excernenda:
1193 2306 1324 2346 vero
1346 2289 1591 2361 ejusdem
1647 2290 1845 2345 vesicae
1887 2287 2091 2344 collum

505 2383 756 2439 habetur.
785 2382 861 2437 Ex
911 2382 997 2438 his
1027 2391 1210 2437 autem
1244 2397 1373 2437 vasa
1402 2381 1494 2435 illa
1515 2394 1640 2451 quae
1686 2379 1976 2435 transitum
1999 2392 2094 2436 ex-

505 2473 714 2537 hibent,
739 2488 873 2529 usus
894 2474 1273 2530 tantummodo
1296 2473 1495 2544 gratia,
1528 2488 1636 2527 non
1659 2470 1869 2543 aliquid
1896 2469 2091 2541 agendi

504 2564 803 2619 constituta
835 2571 982 2618 sunt.
1015 2563 1273 2631 Quaedam
1305 2576 1457 2624 vero,
1509 2570 1567 2615 ιιι
1585 2568 1715 2616 sunt
1758 2573 1919 2615 renes
1944 2556 2091 2612 vesi-

505 2670 700 2726 caque,
754 2653 1087 2711 demandata
1147 2652 1252 2709 sibi
1307 2650 1483 2707 cilicia
1533 2657 1840 2721 peragunt;
1877 2648 1933 2703 in
1982 2644 2091 2703 illis

503 2745 651 2801 enim
710 2744 828 2815 ipsa
880 2745 1041 2802 urina
1076 2744 1146 2801 ad
1190 2743 1431 2800 debitum
1477 2742 1563 2798 sui
1609 2742 1772 2797 tinem
1804 2738 2093 2813 perfectio-

505 2852 743 2908 nemque
770 2837 1042 2893 evehitur.

577 2927 724 2985 Loca
771 2936 992 2993 autem,
1042 2943 1166 3000 quae
1226 2928 1460 2993 vesicae,
1524 2926 1734 2998 inguini
1785 2940 1852 2982 ac
1903 2924 2015 2981 iliis
2060 2940 2093 2979 a

507 3028 665 3093 tergo
715 3020 1044 3087 consistunt,
1072 3019 1242 3075 lumbi
1275 3019 1637 3090 appellantur,
1662 3019 1717 3073 in
1758 3017 1893 3087 ipsis
1944 3015 2093 3072 enim

507 3125 670 3168 renes
730 3110 889 3183 positi
947 3119 1096 3168 sunt.
1156 3111 1438 3182 Siquidem
1500 3125 1691 3167 eorum
1751 3107 2091 3175 substantia,

506 3203 629 3259 laxa
677 3203 1089 3277 tonsillarisque
1138 3212 1351 3260 naturae
1376 3202 1616 3275 exilique
1646 3201 1875 3258 materia
1900 3216 2092 3274 quem-

2194 1991 2387 2064 ραῖκαὶ
2411 1990 2611 2061 φλέϐες
2640 1973 2926 2063 φέρονται.
2965 1990 3048 2044 Τά
3089 1990 3147 2044 δὲ
3178 1989 3534 2058 ὑποδεκτικά,
3587 1988 3784 2063 ὥσπερ

2194 2083 2386 2148 κύστις
2406 2083 2484 2119 ’⁸ο
2522 2083 2594 2137 τά
2621 2083 2678 2138 δὲ
2702 2082 3064 2156 ἀποκριτικά,
3090 2082 3281 2154 ὥσπερ
3299 2082 3327 2136 ὀ
3350 2082 3628 2156 τράχηλος
3677 2086 3786 2153 τῆς

2194 2176 2475 2241 κύστεως⁸
2511 2177 2606 2230 καὶ
2637 2176 2705 2231 τὰ
2733 2176 2833 2249 μέν
2867 2176 3052 2232 αὐτῶν
3091 2176 3286 2249 χρείαν
3328 2175 3502 2249 μόνην
3542 2174 3785 2247 παρέχε-

2192 2283 2306 2333 ται,
2337 2266 2415 2331 ὡς
2462 2266 2534 2320 τά
2582 2267 2787 2336 ἀγγεῖα
2816 2265 2886 2321 τά
2936 2265 3341 2338 παροδευτικά·
3398 2265 3683 2337 ἐνέργειαν
3724 2264 3788 2318 δὲ

2192 2358 2454 2431 οὐδεμίαν
2486 2358 2642 2431 ἔχει’
2681 2359 2754 2412 τά
2792 2357 2850 2413 δὲ
2896 2359 3137 2430 ἐνεργεῖ,
3191 2360 3267 2423 ὼς
3296 2358 3347 2411 οί
3372 2357 3568 2428 νεφροὶ
3616 2357 3714 2411 καὶ
3748 2358 3785 2428 ἠ

2194 2452 2386 2517 κύστις
2404 2468 2418 2483 ⁸
2442 2453 2560 2507 ἐκεῖ
2586 2452 2697 2521 γὰρ
2720 2450 2815 2505 τὸν
2849 2449 3131 2522 πρέποντα
3157 2451 3367 2522 κόσμον
3397 2448 3786 2521 ἀπολαμϐάνει

2193 2546 2255 2601 τὸ
2275 2540 2458 2617 οὖρον,
2482 2544 2710 2600 ὀπισθεν
2736 2545 2837 2617 τῆς
2887 2543 3161 2611 κύστεως,
3206 2543 3301 2598 καὶ
3351 2542 3649 2615 βουδῶνος,
3681 2543 3786 2597 καὶ

2192 2639 2446 2711 λαγόνος.

2278 2932 2508 3004 Ὄσφὺς
2562 2930 2678 2986 δέ¹⁹
2726 2930 2948 3002 λέγεται
2987 2931 3017 2983 ὀ
3064 2928 3254 2993 τόπος,
3288 2928 3348 2981 ἐν
3387 2919 3434 2996 ᾧ
3462 2927 3676 2981 κεῖνται
3726 2927 3783 2979 οε

2193 3026 2420 3098 νεφροί·
2480 3023 2630 3078 ἐστιν
2680 3018 2774 3078 οὗν
2823 3025 2858 3095 ή
2910 3022 3070 3076 οὐσία
3108 3020 3291 3075 αὐτῶν
3349 3017 3622 3089 ἀδενώδης
3669 3017 3773 3071 καὶ

2191 3119 2445 3192 ψαφαρὰ,
2470 3119 2634 3190 ὃμοια
2653 3118 2766 3183 τοῖς
2790 3117 3029 3190 ὄρχεσιν.
3053 3116 3228 3170 Αἴτιοι
3244 3113 3301 3168 δέ
3335 3114 3475 3167 είσιν
3526 3106 3677 3167 οὗτοι
3724 3110 3779 3163 οἱ

2196 3213 2411 3286 νεφροὶ,
2463 3213 2557 3266 καὶ
2603 3211 2706 3277 τῆς
2751 3211 2897 3265 κατά
2937 3211 3039 3282 τὴν
3077 3208 3370 3264 συνουσίαν
3399 3204 3653 3280 ὀρέξεως,
3690 3202 3789 3257 καὶ

505 3295 805 3356 admodum
863 3305 917 3353 et
957 3276 1179 3354 testium
1218 3305 1455 3353 constat.
1504 3296 1590 3351 Ad
1638 3295 1775 3361 haec,
1803 3293 2088 3365 rcnesipsi

2190 3276 2318 3376 τῆς.
2348 3302 2445 3359 τοῦ
2484 3304 2726 3375 αἵματος
2774 3276 3130 3374 καθάρσεως·
3192 3300 3256 3356 τὸ
3313 3276 3556 3372 ὀρῤὧδες
3612 3293 3785 3349 αὐτοῦ

506 3396 624 3443 tum
677 3390 963 3460 appetendi
1040 3392 1265 3460 coitus,
1321 3400 1438 3447 tum
1507 3390 1812 3462 depurandi
1869 3389 2095 3461 sangui-

506 3480 616 3547 nis,
663 3496 730 3536 co
788 3481 934 3553 quod
967 3497 1213 3539 serosam
1275 3482 1396 3554 ejus
1445 3485 1739 3539 materiam
1785 3481 2089 3546 attrahunt,

505 3591 673 3631 causa
702 3585 851 3642 sunt,
884 3593 1071 3647 quam,
1099 3586 1161 3634 ut
1182 3578 1334 3650 prius
1379 3576 1637 3643 diximns,
1678 3575 1734 3631 in
1760 3576 1934 3632 urinae
1959 3588 2095 3631 con-

507 3667 847 3723 stitutionem
896 3667 1157 3727 formant.
1228 3668 1408 3725 Renes
1433 3677 1615 3724 autem
1643 3668 1713 3724 ab
1742 3668 1851 3724 illis
1880 3667 2092 3739 νεφροὶ,

504 3758 594 3814 διὰ
629 3759 690 3813 τδ
722 3759 1000 3831 νείφεσθαι
1058 3761 1151 3816 τὸν
1181 3759 1361 3833 οὖρον,
1393 3776 1458 3815 ex
1494 3774 1559 3815 eo
1587 3760 1736 3830 quod
1761 3759 1977 3815 urinam
2005 3758 2091 3814 di-

507 3849 732 3914 stillent,
801 3851 1102 3921 nuncupati
1169 3860 1319 3906 sunt.
1367 3852 1438 3905 At
1480 3851 1697 3906 lumbos
1756 3850 1946 3919 ὀσφὺν,
1983 3844 2093 3903 οἷον

512 3939 705 4008 ίσοφϋν
758 3938 942 3996 dicere
979 3949 1404 4007 consueverunt,
1452 3939 1598 4010 quod
1649 3939 2094 4010 peraccommode

509 4046 747 4102 superne
780 4030 1107 4104 inferneque
1136 4033 1358 4090 ossibus
1403 4040 1734 4104 coaptantur
1777 4030 2090 4103 :siquidem

508 4123 681 4193 spina:
730 4123 1058 4190 internodia,
1124 4141 1247 4197 qua:
1306 4125 1579 4181 crassiora
1630 4123 1755 4180 aliis
1778 4123 2095 4195 maioraque

507 4216 801 4286 habentur,
863 4218 1109 4290 quinque
1132 4234 1363 4276 numero
1392 4228 1542 4276 sunt.
1574 4214 1710 4275 Nam
1742 4218 1957 4274 interne
1989 4231 2092 4272 an-

507 4317 672 4380 gusto
725 4311 999 4366 terebrata
1046 4309 1316 4367 foramine
1345 4310 1623 4379 visuntur,
1655 4326 1819 4383 quam
1852 4310 1923 4365 ob
1962 4323 2096 4365 cau-

507 4417 626 4456 sam
662 4401 810 4459 dorsi
836 4403 1097 4469 medulla,
1125 4419 1236 4474 quo
1260 4402 1436 4475 magis
1466 4402 1535 4458 ad
1566 4403 1659 4458 ilia
1684 4401 1993 4474 praetendit,
2027 4415 2095 4455 eo

508 4492 686 4564 magis
713 4493 935 4565 gracilis
969 4502 1072 4561 est,
1095 4509 1159 4550 ac
1189 4509 1299 4565 quo
1336 4492 1512 4565 magis
1539 4491 1839 4559 deswndit,
1881 4506 1948 4547 eo
1974 4507 2096 4546 ma-

506 4584 592 4654 gis
625 4584 682 4640 in
714 4596 1007 4656 angustum
1050 4585 1417 4643 contrahitur.
1458 4583 1749 4639 Enimvero
1778 4583 1895 4639 haec
1924 4583 2095 4655 spime

2195 3399 2476 3463 ἕλκοντες,
2523 3397 2622 3451 καὶ
2680 3396 3081 3459 εἰδοποιοῦντες
3140 3395 3222 3458 είς
3266 3391 3446 3465 οὔρων
3497 3389 3773 3471 σύστασιν,

2194 3489 2379 3555 καθὼς
2407 3489 2641 3545 κατόπιν
2672 3488 2925 3561 ἐγράφη·
2956 3486 3179 3558 Νεφροὶ
3217 3486 3276 3541 δέ
3306 3483 3461 3557 παρά
3501 3483 3563 3537 τὸ
3601 3479 3769 3549 νείφε-

2194 3581 2320 3637 σθαι
2337 3581 2382 3613 ⁸⁰
2402 3579 2482 3651 τῷ
2513 3578 2679 3652 οὔρῳ,
2704 3579 2732 3633 ὅ
2758 3581 2875 3632 ἐστι
2907 3576 3202 3650 βρέχεσθαι
3221 3592 3237 3608 ο
3275 3578 3310 3648 ἡ
3354 3575 3412 3628 δέ
3445 3574 3638 3644 ὀσφὺς,
3669 3564 3778 3624 οἷον

2197 3672 2411 3741 ίσοφὺς,
2443 3671 2478 3741 ἡ
2524 3670 2615 3741 ἴση
2649 3668 2786 3740 πρὸς
2840 3668 2910 3723 τά
2943 3669 3057 3724 ἀνω
3095 3667 3191 3722 καὶ
3228 3666 3299 3721 τά
3320 3666 3363 3699 ³³
3400 3666 3553 3720 κάτω
3603 3681 3805 3733 πεφυα

2194 3764 2387 3819 κύτα³²
2417 3765 2532 3827 τοῖς
2570 3762 2773 3826 ὀστοῖς.
2826 3760 3129 3815 Σπόνδυλοι
3177 3760 3289 3832 γάρ
3318 3760 3427 3814 εἱσι
3470 3758 3640 3813 πέντε
3689 3758 3785 3813 τὸν

2193 3853 2453 3927 ἀριθμὸν,
2496 3852 2803 3922 παχύτατοι
2832 3851 2943 3904 τῶν
2966 3851 3144 3906 ἄλλων
3174 3850 3271 3904 καὶ
3312 3849 3582 3919 μέγιστοι.
3616 3847 3694 3902 Τὸ
3725 3847 3789 3901 δὲ

2195 3949 2385 4019 τρῆμα
2405 3946 2450 3978 ³³
2496 3947 2563 4000 τά
2580 3944 2627 3977 ³⁸
2683 3942 2900 3998 ἔνδοθεν
2951 3943 3140 3997 στενὸν
3178 3942 3394 4014 ἔχουσι·
3442 3941 3579 3996 διότι
3612 3940 3711 3994 καὶ
3754 3942 3788 3993 ὁ

2197 4040 2452 4101 νωτιαῖος
2478 4037 2674 4109 μυελὸς
2708 4035 2855 4091 κατά
2886 4036 2990 4107 τὴν
3019 4035 3194 4106 ὀσφὺν
3226 4034 3408 4106 ίσχνός
3438 4036 3589 4089 ἐστιν
3612 4049 3628 4065 ·
3656 4034 3790 4086 ὅσον

2194 4129 2306 4202 γάρ
2357 4130 2708 4201 κατέρχεται,
2737 4126 3020 4181 στενοῦ-ται
3059 4128 3089 4180 ὀ
3133 4125 3370 4198 μυελός·
3412 4125 3515 4190 τὰς
3553 4123 3793 4193 ἀποφύ-

2148 4282 2151 4287 ,
2196 4241 2311 4288 σεις
2352 4224 2409 4278 δέ
2433 4218 2582 4278 οὗτοι
2638 4222 2691 4277 οἱ
2743 4220 3028 4275 στιόνδυλοι
3072 4220 3186 4275 ἄνω
3241 4219 3509 4284 νευούσας
3556 4218 3787 4289 έχουσι·

2198 4315 2442 4385 Λέγεται
2472 4315 2567 4370 καὶ
2605 4313 2878 4384 ὀστοφυὴς
2906 4315 2941 4384 ἡ
2975 4313 3148 4383 ὀσφύς
3170 4328 3183 4341 ·
3212 4311 3457 4383 ὀστώδης
3494 4312 3605 4382 γάρ
3633 4313 3794 4365 ἐστιν

2195 4406 2315 4471 ὅλος
2340 4408 2369 4461 ὀ
2388 4408 2556 4470 τόπος
2574 4405 2769 4476 αὐτῆς.
2796 4403 3036 4473 Λέγεται
3064 4404 3159 4457 καὶ
3179 4404 3383 4472 ἰσχίον
3400 4419 3416 4437 ⁶
3447 4403 3795 4474 ίσχναίνεται

2198 4498 2309 4570 γάρ
2355 4493 2468 4551 οἷον
2514 4498 2609 4551 καὶ
2628 4496 2679 4530 ³⁸
2727 4494 3087 4561 λεπτύνεται,
3118 4495 3195 4559 ὡς
3226 4494 3369 4567 πρὸς
3393 4494 3456 4549 τὸ
3471 4495 3791 4565 ἀνεστηκέις

2198 4588 2298 4643 τοῦ
2328 4588 2452 4642 ὅλου
2475 4585 2748 4658 σώματος,
2776 4584 2939 4640 τοῦτο
2967 4585 3028 4639 τὸ
3063 4584 3255 4657 μέρος.

509 4680 820 4736 internodia
852 4696 1144 4756 processus
1176 4696 1398 4737 sursum
1451 4688 1737 4749 vergentes
1788 4679 2090 4747 continent,
2124 4690 2178 4739 et
2236 4684 2409 4754 ὀσφύς
2467 4681 2695 4743 dicitur.
2729 4681 2876 4751 quod
2938 4682 3092 4737 locus
3157 4679 3247 4734 ille
3278 4687 3425 4734 totus
3451 4676 3670 4732 ossibus
3702 4690 3798 4730 rc-

509 4772 684 4830 fertus
713 4771 786 4829 sit
822 4791 837 4828 :
867 4772 1070 4829 dicitur
1094 4781 1151 4828 et
1200 4771 1391 4843 ίσχίον,
1453 4771 1562 4825 ἀπὸ
1595 4770 1691 4825 τοῦ
1746 4772 2091 4844 ίσχναίνεσθα

2190 4777 2271 4831 καὶ
2299 4770 2411 4829 οἷον
2465 4774 2853 4842 λεπτύνεσθαι,
2888 4775 3036 4849 quod
3074 4772 3327 4829 videlicet
3373 4769 3697 4842 gracillatur
3722 4785 3799 4823 ac

510 4865 725 4922 subtilis
755 4864 855 4934 ﬁt;
910 4865 1029 4921 haec
1087 4864 1235 4920 enim
1283 4878 1409 4936 pars
1437 4863 1605 4919 erectl
1650 4866 1900 4937 corporis
1920 4868 2280 4926 subtilissima
2314 4867 2533 4922 visitur.

614 4976 746 5053 Cap.
775 4975 973 5036 XXIV.
1004 5007 1071 5019 —
1098 4976 1173 5032 De
1205 4993 1320 5033 osse
1348 4994 1502 5033 sacro
1531 4989 1580 5037 et
1612 4977 1677 5036 de
1696 4979 1978 5049 pudendis.

577 5159 646 5214 At
696 5157 850 5225 illud,
900 5159 1047 5230 quod
1097 5167 1285 5217 exacte
1344 5158 1654 5216 lumborum
1695 5161 1933 5217 medium
1985 5173 2089 5230 est,

506 5249 653 5318 quod
687 5248 992 5305 sedimento
1030 5248 1413 5320 supereminet,
1455 5264 1673 5306 sacrum
1715 5267 1778 5306 os
1812 5268 2098 5325 nuncupa—

510 5352 621 5406 tur,
653 5341 725 5399 ob
751 5341 805 5397 id
827 5341 1099 5410 videlicet,
1115 5341 1265 5414 quod
1288 5358 1546 5415 magnum
1564 5343 1637 5399 sit
1654 5343 1935 5419 (magnum
1950 5347 2098 5402 enim

508 5449 726 5491 sacrum
761 5436 896 5493 dicit
932 5437 1117 5508 solet),
1148 5438 1265 5494 sive
1293 5440 1441 5511 quod
1479 5437 1606 5493 vitae
1640 5437 1809 5494 latum
1864 5440 2094 5508 obtinet,

2121 4978 2338 5053 DKscp.
2384 4982 2511 5036 KA'.
2542 5010 2611 5021 —
2663 4981 2805 5051 Περὶ
2862 4980 3022 5047 ἱεροῦ
3070 4982 3287 5053 ᾀστέον
3343 4980 3446 5035 καί
3496 4977 3630 5048 περί
3677 4977 3797 5032 τοῦ

2839 5050 3135 5121 πρωκτοῦ.

2270 5167 2346 5221 Τὸ
2369 5166 2428 5220 δέ
2472 5166 2650 5239 ἄκρον
2687 5166 2789 5238 τῆς
2835 5164 3040 5237 ὀσφύος
3069 5165 3265 5220 ὀστοῦν
3304 5164 3446 5236 πρὸς
3477 5163 3576 5236 τὴν
3620 5161 3801 5234 ἕδραν

2197 5258 2477 5331 ἀνώτερον
2491 5258 2539 5292 ⁸⁸
2586 5260 2748 5328 ἱερὸν
2798 5257 3019 5312 ὀστέον
3045 5259 3091 5291 ⁸⁸³
3125 5257 3376 5312 καλεῖται
3400 5272 3416 5288 °
3461 5254 3495 5327 ἢ
3526 5256 3611 5309 ὅτι
3642 5254 3803 5325 μέγα

2205 5349 2375 5415 ἐστὶν,
2411 5348 2559 5421 ἱερὸν
2583 5347 2641 5402 δὲ
2669 5347 2732 5402 τὸ
2761 5348 2907 5419 μέγα
2928 5348 3004 5381 ³⁸⁸
3029 5348 3062 5418 ἢ
3094 5348 3179 5402 ὅτι
3208 5347 3404 5419 κύριον
3430 5362 3445 5377 ο
3466 5345 3642 5401 παθὸν
3676 5346 3797 5417 γὰρ

2203 5443 2423 5512 ἀναιρεί
2444 5459 2459 5474 ο
2492 5442 2526 5514 ἢ
2552 5443 2635 5496 ὅτι
2672 5441 2997 5515 ίερούργουν
3017 5440 3150 5498 αὐτὸ
3175 5444 3291 5507 τοῖς
3317 5440 3541 5512 δαίμοσι
3566 5440 3610 5473 ³⁸
3641 5440 3795 5497 κατὰ

616 5613 659 5645 ³⁸
702 5615 894 5688 ἐπειδὴ
936 5617 996 5673 Β.
1074 5621 1121 5653 ³⁸
1174 5619 1207 5689 ἡ
1259 5636 1389 5701 φυσ.
1450 5622 1563 5686 τοῖς
1623 5637 1749 5692 μορ.
1796 5620 1836 5674 Β
1876 5621 1934 5677 l'.
2011 5622 2057 5653 “
2094 5638 2403 5693 περιττωμ.
2483 5623 2517 5695 ὴ
2556 5623 2855 5695 δυνάμενοι
2907 5622 3005 5677 τὸν
3035 5622 3389 5692 ἐμπίπτοντα
3413 5620 3588 5692 χυμὸν
3621 5619 3785 5677 ἀποδ.

616 5692 745 5737 text.
821 5684 867 5717 “
899 5692 1227 5748 συγνότεοον
1284 5707 1447 5744 τουτο
1492 5692 1555 5748 Β.
1595 5692 1656 5746 ι’.
1736 5693 1781 5725 ’⁵
1826 5693 1884 5744 ἐν
1926 5691 2078 5747 τούτ.
2117 5695 2233 5748 τοῖς
2269 5693 2398 5748 τόπ.
2570 5695 2617 5727 ⁸⁸
2662 5694 2695 5748 ἢ
2725 5696 2954 5748 ἀογείον
2980 5707 3092 5747 oni.
3132 5692 3174 5747 B
3199 5692 3261 5748 C.
3342 5692 3386 5725 "'
3435 5691 3575 5748 πρὸς
3622 5706 3785 5748 vaso.

512 5679 574 5758 Γ.
609 5692 745 5758 tes}.
811 5679 1227 5758 _'_"_cuxv61:epov
1271 5679 1447 5744 ’τοῦτο
1492 5679 1558 5748 BI
1595 5679 1656 5746 ιδ.

1736 5693 1781 5725 ’⁵
1826 5693 1884 5744 ἐν
1926 5691 2078 5747 τούτ.
2117 5691 2233 5756 τοῖς
2269 5691 2398 5748 τόπ.

2570 5695 2617 5767 ξε
2662 5691 2954 5767 ἢζάργετον
2980 5691 3092 5767 οειιι
3122 5692 3174 5767 _B
3199 5692 3306 5767 ς.-
3342 5692 3386 5725 ιτ
3416 5691 3592 5767 rec-
3622 5706 3795 5767 νεφε.

513 5751 648 5846 ξίθζλ
669 5749 730 5846 ξ’
810 5753 914 5846 "ull
934 5749 1239 5846 fictili.“
1259 5761 1312 5846 ’,ξ
1343 5760 1399 5812 δέ
1426 5762 1653 5846 ομιτ-Β..
1714 5762 1760 5793 ³⁸
1790 5761 2045 5846 νίφεσθαι
2083 5761 2145 5816 Β.
2196 5749 2267 5846 ξ³¹
2296 5763 2619 5846 sanguini}.
2643 5749 2743 5846 ﬁ."
2767 5749 3072 5846 ἐξεερυκυῖα
3097 5763 3159 5846 n8
3275 5762 3367 5846 P.“
3410 5762 3462 5846 .‘3
3481 5749 3679 5834 ’τρύμα

591 5817 651 5868 τὸ
678 5817 742 5871 Β.
843 5817 913 5852 ³⁸⁷
934 5826 1029 5876 καὶ
1061 5822 1173 5878 οἷον
1201 5826 1241 5879 Β
1274 5829 1335 5881 Ρ.

520 5884 565 5921 ⁸⁸
587 5887 709 5945 αὐτ.
728 5888 781 5942 οί
807 5890 958 5947 Ἕλλ.
991 5910 1042 5950 τ.
1071 5895 1222 5966 δαιμ.
1244 5896 1283 5949 Β
1311 5899 1375 5953 C.

1432 5831 1478 5863 ³⁶
1504 5832 1604 5905 τῆς
1631 5834 1758 5907 ὀσφ.
1801 5828 1967 5904 μέσον
1994 5832 2071 5899 ὡς
2115 5833 2252 5908 πρὸς
2280 5851 2332 5889 τ.
2366 5834 2484 5906 ἕδρ.
2517 5837 2605 5890 ἀν.
2630 5835 2741 5913 ,Βη
2782 5828 3050 5910 Ἶόστοῦν
3095 5835 3136 5890 Β
3183 5834 3241 5890 Ρ.
3322 5832 3368 5865 ³⁸
3410 5828 3663 5888 ὴαθιιύιιι.
3717 5828 3786 5886 Β.
