4138 6484
369 426 505 486 tam

1620 428 1710 483 DE
1748 426 2039 484 NA'I‘URA
2080 426 2395 485 HOMINIS.

3526 430 3668 484 iis!

370 562 543 616 ματος
568 541 668 617 τὴν
684 544 860 623 ἀρχὴν
896 544 928 617 ἠ
960 546 1177 615 γένεσις
1209 547 1393 603 αὐτῶν
1433 550 1595 622 ἔσχεν
1618 551 1694 586 ⁸⁸·
1727 553 1829 606 ὅσα
1859 552 1959 625 γὰρ

2076 568 2198 609 sum
2228 553 2514 608 humorem
2532 562 2875 610 commutant
2901 572 2914 608 :
2941 551 3083 623 quod
3103 565 3293 608 eorum
3309 552 3664 624 principium,

367 640 436 692 ὲκ
469 636 786 709 σπέρματος
833 641 1123 703 γεννᾶται,
1176 641 1244 694 ὲκ
1274 641 1470 696 τούτου
1505 643 1600 697 xa‘t
1654 645 1923 714 τρέφεται
1953 661 1967 676 ·

369 728 468 783 καὶ
519 727 619 781 ὅσα
663 726 724 793 ἐξ
775 727 1033 799 αἵματος,
1089 729 1151 796 ἐξ
1186 730 1424 802 αἵματος
1455 748 1468 762 ·
1501 727 1669 790 αὗται
1696 736 1792 791 οὖν
1821 738 1868 768 ⁸⁹
1899 739 1965 792 ὲκ

370 820 692 894 σπέρματος
741 823 902 879 atat”
943 824 1246 894 γεννῶνται
1291 828 1386 880 καὶ
1431 828 1749 900 τρέφονταυ
1784 831 1881 884 καὶ
1909 829 1972 883 τὸ

368 916 699 986 περιττεῦον
724 917 919 981 αὐταῖς
945 918 1160 987 γίνεται
1194 921 1351 989 γονή.
1382 922 1448 975 Αἰ
1478 922 1676 992 φλέϐες
1706 923 1764 976 δὲ
1806 917 1969 978 αὗται

367 1008 471 1063 καὶ
494 1010 549 1061 αἱ
573 1010 834 1081 ἀρτηρίαι
855 1012 936 1074 εἰς
957 1013 1083 1076 τοὺς
1106 1012 1366 1083 διδύμους
1383 1014 1786 1085 ἐμπίπτουσαι,
1807 1015 1970 1069 αἴτιοι

365 1101 476 1172 τῆς
508 1103 804 1169 συνουσίας
844 1104 1090 1173 γίνονται
1132 1105 1326 1177 τρὸπῳ
1360 1106 1596 1179 τοιούτῳ
1621 1108 1663 1140 ⁹¹
1692 1125 1707 1139 ·
1739 1107 1968 1178 Διερχό-

372 1210 538 1264 μεναι
572 1193 659 1248 διὰ
688 1193 797 1249 τῶν
826 1195 1067 1266 νεφρῶν,
1091 1197 1355 1266 ἀρύονται
1378 1198 1696 1271 δριμύτητά
1724 1216 1849 1254 τινα
1872 1199 1969 1267 τὴν

371 1285 731 1357 ὲρεΟίξουσαν
770 1287 869 1360 τὴν
903 1287 1089 1359 ὄρεξιν
1114 1306 1130 1321 ο
1165 1288 1356 1362 ὥσπερ
1391 1293 1505 1363 γὰρ
1532 1293 1627 1347 τὸν
1654 1293 1903 1365 κνησμὸν
1934 1294 1968 1365 ή

367 1378 643 1452 δριμύτης
671 1384 837 1447 ποιεῖ,
865 1381 1043 1446 οὕτως
1062 1383 1162 1437 καὶ
1191 1383 1294 1455 τὴν
1326 1382 1510 1459 ὄρεξιν
1534 1386 1768 1458 ταύτην.
1813 1386 1970 1441 Ἐπεὶ

367 1472 427 1526 δε
457 1472 570 1527 τῶν
621 1474 865 1546 διδύμων
915 1478 949 1547 ἡ
984 1478 1125 1547 σὰρξ
1163 1478 1348 1550 ἁπαλὴ
1390 1480 1533 1546 ἐστι,
1579 1466 1809 1536 πλείονα
1868 1480 1968 1554 τὴν

367 1564 685 1637 δριμύτητα
722 1566 992 1640 δεχομένη
1030 1569 1171 1643 ὑπὲρ
1220 1570 1281 1624 τὸ
1310 1570 1510 1642 δέρμα,
1561 1573 1788 1644 ἐμμανῆ
1822 1575 1970 1628 ποιεῖ

367 1656 469 1727 τῆς
508 1657 677 1727 γονῆς
705 1660 808 1729 τὴν
846 1659 1149 1731 ἐπιθυμίαν
1184 1662 1325 1733 πρὸς
1354 1662 1630 1733 ἔκκρισιν.
1664 1663 1778 1717 Καὶ
1815 1663 1969 1736 πρῶ-

366 1766 437 1803 τα
451 1751 499 1781 ”
541 1749 643 1821 μὲν
671 1751 1009 1823 ἀναφέρεται
1038 1757 1071 1826 ἡ
1117 1756 1349 1826 τοιαύτη
1389 1757 1522 1830 γονὴ
1563 1758 1642 1820 εἰς
1671 1758 1771 1830 τὴν
1796 1775 1968 1827 κεφα-

365 1840 471 1911 λήν
498 1858 515 1875 ο
554 1843 721 1899 πάλιν
750 1845 808 1900 δὲ
851 1847 962 1901 ἀπὸ
1014 1848 1116 1919 τῆς
1160 1851 1409 1921 κεφαλῆς
1465 1852 1842 1922 καταφέρεται
1870 1851 1962 1906 διά

2075 648 2140 701 ad
2173 660 2359 703 semen
2392 647 2628 719 genitale
2649 647 2905 703 refertur.
2938 643 3456 716 Nam,qn:r.cunque
3478 662 3546 701 ex
3581 662 3669 703 εε-

2075 740 2223 797 mine
2246 740 2566 814 gignuntur,
2603 757 2670 797 ex
2710 741 2901 797 eodem
2932 741 3037 797 sibi
3063 750 3119 796 et
3141 741 3462 796 alimentum
3489 742 3669 796 vindi-

2073 842 2218 889 cant.
2273 833 2475 889 Eodem
2541 844 2727 906 pacto,
2759 835 2909 891 etde
2965 835 3056 891 liis
3100 849 3224 905 qua:
3275 848 3345 889 ex
3402 833 3669 904 sanguine

2073 927 2374 998 gignuntur
2407 928 2782 999 accipiendum
2831 938 2934 985 est.
2972 927 3067 983 Has
3118 944 3271 984 vena!
3301 928 3467 999 igitur
3505 941 3671 999 atque

2072 1021 2286 1075 arteria:
2316 1037 2383 1076 ex
2426 1022 2635 1077 semine
2682 1022 3002 1093 gignuntur,
3024 1022 3380 1091 alunturque,
3408 1031 3462 1076 et
3490 1024 3668 1092 portio

2071 1127 2196 1182 qua:
2222 1114 2347 1169 inde
2363 1123 2660 1184 exsuperat
2691 1114 2745 1169 in
2766 1117 3074 1185 genituram
3102 1115 3357 1171 vertitur.
3376 1114 3668 1172 Enimvero

2072 1218 2224 1258 venae
2270 1205 2616 1274 artcriaeque,
2654 1222 2778 1276 quae
2821 1206 3056 1262 testibus
3090 1205 3453 1269 acclinantur,
3487 1208 3669 1262 coitus

2072 1309 2239 1348 causa
2264 1293 2367 1349 boe
2391 1304 2551 1364 pacto
2573 1293 2908 1350 elIiciuntur.
2927 1293 3063 1350 Nam
3081 1295 3211 1351 dum
3243 1312 3341 1367 per
3365 1310 3520 1351 renes
3540 1311 3668 1366 pro-

2070 1386 2293 1454 cedunt,
2325 1387 2687 1443 acrimoniam
2720 1387 3042 1458 quamdam,
3070 1388 3301 1443 coeundi
3330 1386 3663 1443 desiderium

2069 1482 2679 1545 moventem,excitant.
2697 1480 3171 1549 Quemadmodum
3191 1481 3336 1536 enim
3357 1482 3662 1536 acrimonia

2070 1570 2183 1637 illa,
2207 1574 2452 1642 pruritus
2477 1571 2667 1628 eodem
2699 1582 2881 1645 pacto,
2915 1582 2969 1629 et
2996 1572 3175 1629 coitus
3206 1572 3462 1627 desiderii
3493 1588 3662 1627 causa

2066 1664 2308 1721 exsistit.
2337 1664 2406 1721 Et
2448 1666 2709 1736 quoniam
2738 1666 2960 1721 testium
2992 1681 3123 1722 caro
3146 1664 3331 1720 mollis
3365 1665 3660 1720 admodum

2068 1756 2323 1823 habetur,
2344 1773 2470 1813 cum
2492 1757 2560 1813 ad
2588 1766 2766 1814 cutem
2805 1759 2963 1828 112
2983 1772 3173 1814 eorum
3201 1756 3490 1828 plurimam
3519 1757 3661 1812 acri-

2069 1849 2313 1905 moniam
2345 1850 2490 1921 adigi
2546 1849 2859 1922 contigerit,
2890 1848 3098 1905 furiosa
3135 1848 3204 1904 ad
3248 1849 3657 1904 excernendum

362 1933 462 1987 δύο
484 1934 699 2004 φλεϐῶν
749 1937 973 1992 καὶδύο
1018 1940 1302 2013 ἀρτηριῶν
1330 1943 1411 2006 εἰς
1457 1941 1551 1996 τὸν
1600 1944 1813 2014 δσχεὸν,
1865 1944 1959 2001 καὶ

2068 1955 2257 1998 semen
2288 1941 2486 2012 cupido
2509 1941 2831 1997 innascitur.
2861 1938 2928 1994 Et
2952 1940 3190 2011 primum
3214 1940 3433 2008 quidem
3468 1937 3660 2008 hujus-

363 2028 637 2099 ἐμπίπτει
686 2032 770 2095 εἰς
810 2032 1079 2106 ἑκάτερον
1124 2034 1233 2089 τῶν
1275 2026 1522 2105 διδύμων
1570 2036 1667 2107 μία
1719 2037 1964 2110 ἀρτηρία

363 2121 476 2175 τῶν
504 2123 839 2194 εἰρημένων,
868 2126 962 2178 καὶ
1003 2126 1105 2196 μία
1146 2126 1291 2195 φλὲψ
1343 2126 1563 2198 πλήρης
1598 2126 1920 2199 σπέρματος
1943 2142 1960 2161 ο

363 2217 461 2268 καὶ
493 2217 550 2270 ὲν
599 2216 813 2280 τούτοις
853 2217 1083 2283 τελείως
1126 2219 1685 2293 ἁποσπερματοῦται,
1723 2219 1819 2274 καὶ
1866 2219 1958 2275 διὰ

361 2307 459 2361 τοῦ
494 2309 834 2373 κισσοειδοῦς
870 2311 1254 2382 παραστάτου,
1304 2312 1415 2366 ἀπὸ
1442 2311 1552 2365 τῶν
1581 2310 1823 2382 διδύμων
1857 2328 1957 2381 με·

359 2400 719 2472 ταπέμπεται
760 2404 841 2467 εἰς
863 2402 962 2475 τὴν
1005 2404 1241 2475 βάλανον
1275 2421 1291 2436 ·
1341 2404 1605 2458 κακείθεν
1634 2403 1958 2475 ἐκκρίνεται

365 2493 511 2562 μετά
534 2494 848 2566 πνεύματος
875 2497 939 2559 ³³,
992 2496 1186 2568 ὥσπερ
1218 2499 1284 2551 ὲκ
1330 2496 1760 2568 σφενδονίστρας
1790 2496 1957 2562 τινός.

362 2585 538 2641 Τοῦτο
565 2587 624 2641 δὲ
651 2587 867 2657 γίνεται
907 2588 998 2643 διὰ
1021 2588 1120 2662 τὴν
1152 2590 1458 2662 εἰρημένην
1514 2591 1697 2644 αἰτίαν
1748 2589 1957 2660 ἕμπρο·

363 2679 492 2732 σθεν
518 2679 588 2743 ",
631 2682 728 2734 καὶ
755 2681 840 2734 ὅτι
885 2682 1132 2752 ἀρτηρία
1185 2682 1337 2735 ἐστὶν
1387 2683 1420 2754 ἡ
1476 2680 1958 2751 παραπέμπουσα.

364 2769 489 2825 Ὀτι
519 2771 576 2825 δὲ
603 2773 637 2843 ἡ
667 2773 801 2843 γονὴ
833 2772 1031 2843 πρῶτα
1051 2773 1098 2807 ⁸⁸
1132 2774 1214 2837 εἰς
1246 2772 1348 2845 τὴν
1370 2772 1618 2845 κεφαλὴν
1643 2772 1959 2843 ἀνέρχεται,

360 2858 522 2930 δῆλον
552 2860 806 2916 ἐντεῦθεν
833 2878 847 2893 ·
871 2865 923 2917 εἰ
949 2863 1059 2936 γάρ
1086 2880 1169 2929 τις
1204 2862 1465 2935 ἐκτέμνει
1494 2849 1595 2929 τάς
1623 2864 1830 2934 φλέϐας
1857 2864 1956 2931 τὰς

362 2955 516 3025 παρά
552 2957 622 3011 τὰ
650 2951 767 3013 ὦτα
808 2959 907 3013 καὶ
953 2958 1295 3031 παρωτίδας,
1332 2959 1532 3029 ἄγονον
1584 2959 1859 3032 ἀπομένει
1895 2957 1957 3013 τὸ

358 3045 524 3111 ζῶον.

2063 2033 2211 2090 modi
2245 2049 2433 2090 semen
2493 2033 2562 2090 ad
2604 2040 2769 2103 caput
2814 2030 3089 2100 defertur,
3121 2047 3152 2086 a
3182 2032 3361 2101 capite
3402 2046 3533 2085 vero
3565 2046 3660 2100 ge-

2063 2127 2230 2183 minis
2253 2127 2429 2193 venis,
2459 2140 2525 2182 ac
2554 2126 2779 2182 totidem
2810 2125 3030 2182 arteriis
3053 2122 3392 2181 denuoinl‘ra
3415 2123 3656 2178 delatum

2065 2219 2387 2285 descendit;
2423 2228 2478 2275 et
2502 2218 2673 2275 altera
2689 2235 2758 2275 ex
2790 2217 2875 2273 his
2905 2232 3046 2290 quas
3074 2217 3318 2272 diximus
3339 2216 3521 2280 venis,
3550 2216 3657 2269 lm-

2061 2312 2307 2384 ]usmodi
2338 2313 2549 2370 semine
2579 2312 2804 2383 repleta,
2862 2310 3120 2375 testibus,
3169 2325 3295 2365 cum
3337 2309 3540 2365 arteria
3573 2324 3661 2363 ac-

2067 2407 2330 2472 clinalur,
2375 2408 2433 2462 in
2483 2405 2687 2476 quibus
2728 2405 2909 2475 ipsum
2949 2402 3017 2459 ad
3061 2401 3360 2474 perfectam
3393 2401 3659 2471 genituric

2064 2510 2319 2556 naturam
2362 2498 2653 2570 redigitur,
2689 2506 2745 2553 et
2794 2495 2942 2567 quod
3004 2511 3104 2566 per
3148 2493 3370 2549 vascula
3422 2492 3488 2547 ad
3515 2494 3656 2549 utris

2064 2589 2507 2655 similitudinem,
2562 2604 2686 2660 quae
2730 2588 2852 2660 ejus
2881 2585 3228 2644 continenda:
3254 2585 3427 2657 gratia
3458 2593 3655 2640 natura

2061 2683 2367 2748 constituit,
2422 2683 2492 2739 ab
2514 2681 2745 2738 testibus
2795 2681 2849 2736 in
2885 2696 3080 2752 penem
3118 2679 3433 2735 immittitur
3467 2696 3483 2735 :
3530 2677 3658 2733 inde

2059 2788 2192 2831 vero
2213 2773 2383 2829 veluti
2410 2788 2442 2829 e
2467 2772 2638 2829 funda
2678 2773 2821 2845 lapis
2851 2789 2976 2828 cum
3010 2772 3239 2843 spiritus
3268 2772 3472 2842 impetu
3500 2780 3655 2826 extra

2062 2868 2302 2940 prosilit.
2333 2866 2447 2923 Hoc
2472 2879 2679 2934 autem,
2703 2868 2775 2922 ob
2803 2882 2922 2922 eam
2947 2882 3113 2938 quam
3143 2865 3298 2937 prius
3324 2864 3656 2920 adduximus

2065 2977 2313 3025 causam,
2354 2960 2607 3025 eliicitur,
2658 2967 2777 3015 tum
2813 2960 2963 3031 quod
3013 2968 3069 3015 et
3124 2959 3327 3014 arteria
3378 2957 3497 3029 ipsa
3524 2956 3657 3013 illud

2065 3054 2468 3111 circummittit.
2525 3052 2685 3120 Quod
2732 3066 2867 3108 vero
2923 3067 3112 3109 semen
3158 3051 3315 3123 prius
3367 3051 3436 3106 ad
3495 3060 3660 3118 caput

360 3140 589 3213 feratur,
616 3160 684 3201 ex
719 3146 824 3204 hoc
869 3146 1221 3220 perapicuum
1275 3147 1354 3215 iit,
1395 3130 1549 3220 quia,
1585 3147 1633 3204 si
1665 3147 1793 3220 quis
1832 3163 1956 3219 quae
1984 3163 2147 3207 secus
2170 3165 2334 3206 aures
2357 3149 2672 3206 consistunt
2727 3163 2899 3204 venas
2957 3161 3081 3218 quae
3097 3145 3370 3203 carotides
3387 3144 3661 3217 appellan-

360 3241 475 3299 tur,
504 3237 706 3309 quibus
733 3239 973 3307 oblaesis,
1008 3239 1331 3313 vertiginosi
1370 3256 1437 3298 ac
1460 3240 1669 3312 stupidi
1696 3240 1953 3298 homines
1988 3241 2319 3309 efﬁciuntur,
2369 3240 2699 3313 praescindat
2737 3249 3080 3311 resecetque,
3125 3238 3331 3295 animal
3362 3238 3654 3310 improlum

358 3332 828 3407 infecundumque
857 3336 1126 3393 redditur.

428 3430 615 3484 Χιτὼν
649 3431 706 3484 δέ
732 3432 850 3483 ἐστι
883 3431 1164 3502 νευρώδης
1206 3432 1350 3497 ὅλος,
1402 3433 1486 3497 εἰς
1530 3432 1590 3487 δν
1639 3433 1949 3506 διέρχονται

2124 3430 2339 3488 Etenim
2360 3430 2572 3497 tunica,
2591 3446 2714 3503 quae
2732 3429 3020 3486 auxiliaris
3038 3437 3410 3501 nuncupatur,
3424 3446 3658 3502 quasque

355 3526 426 3582 τὰ
466 3524 569 3594 τῆς
614 3522 785 3593 γονῆς
836 3523 1074 3593 ἀγγεῖα·
1114 3523 1411 3594 λεγόμενος
1467 3525 1756 3594 ἐρυτρόςσ
1812 3525 1959 3580 κατὰ

359 3615 487 3679 τοὺς
518 3613 803 3686 βουϐῶνας
829 3616 925 3669 καὶ
962 3615 1128 3680 αὐτὸς
1162 3616 1446 3685 κείμενος,
1485 3615 1582 3670 καὶ
1613 3617 1743 3681 τοὺς
1770 3615 1959 3690 ὄρχεις

358 3707 715 3764 ἀναϐαστῶνο
747 3710 844 3762 καὶ
861 3708 979 3762 ἔστι
1001 3710 1144 3765 κατά
1173 3709 1274 3782 μὲν
1298 3709 1368 3765 τὰ
1394 3710 1574 3783 κυρτὰ
1594 3708 1704 3766 τῶν
1718 3710 1957 3783 διδύμων

361 3801 458 3854 καὶ
487 3801 821 3874 ἔμπροσθεν,
844 3802 1120 3867 ἀπόλυτος
1136 3818 1153 3835 ·
1184 3802 1329 3857 κατά
1348 3802 1407 3856 δὲ
1435 3803 1506 3857 τά
1522 3803 1683 3858 κοῖλα
1704 3804 1953 3873 ὄπισθεν,

359 3894 776 3967 προσπεφυκὼς
801 3898 914 3960 τοῖς
940 3895 1207 3967 διδύμοις.
1262 3896 1568 3969 Ἀπύφυσις
1596 3897 1658 3952 δέ
1684 3900 1838 3952 ἐστιν
1863 3889 1957 3953 οὗ-

358 4004 454 4053 τος
470 3991 498 4043 ὁ
521 3988 751 4060 ὲρυτρδς
780 3988 876 4043 τοῦ
895 3987 1246 4062 περιτοναίου
1275 4005 1289 4020 ·
1312 3990 1531 4062 εἴρηται
1556 3990 1614 4045 δὲ
1631 3990 1762 4064 περὶ
1786 3989 1955 4046 αὑτοῦ

360 4076 698 4149 ἔμπροσθεν,
731 4079 816 4132 ὅτι
845 4081 912 4151 τῇ
946 4079 1151 4151 γαστρὶ
1179 4080 1276 4134 καὶ
1304 4082 1421 4145 τοῖς
1455 4080 1703 4153 ἐντέροις
1724 4083 1957 4153 περιτέ-

355 4189 524 4228 ταται
544 4171 608 4226 ⁸⁸.
658 4171 749 4225 Ἐν
778 4170 835 4225 δὲ
876 4173 990 4235 τοίς
1021 4170 1176 4226 κάτω
1209 4171 1435 4243 μέρεσιν
1456 4172 1624 4227 αὐτοῦ
1657 4191 1806 4240 τινες
1821 4174 1959 4229 ἀπο-

352 4264 554 4337 φύσεις
582 4266 743 4333 εἰσὶν,
774 4259 887 4318 οἷον
925 4264 1121 4319 κόλποι
1157 4264 1558 4336 βαλαντοειδεϊς
1587 4282 1602 4297 ο
1628 4266 1659 4320 δ
1693 4266 1794 4338 μὲν
1822 4268 1956 4340 περί⁵

356 4361 429 4415 ea:
457 4358 612 4426 δεξιά
632 4359 704 4424 ³⁷,
749 4360 778 4413 ὁ
814 4358 874 4412 δὲ
908 4359 1039 4433 περὶ
1080 4357 1152 4413 τὰ
1178 4359 1470 4431 ἀριστερὰ,
1503 4359 1562 4413 ὲν
1613 4353 1696 4426 οἷς
1723 4360 1777 4415 oi
1810 4360 1957 4416 δίδυ-

361 4469 455 4522 μοι
476 4452 560 4486 "-
611 4451 819 4507 ἔσωθεν
871 4446 1039 4506 οὗν⁹⁹
1093 4453 1175 4516 εἰς
1242 4451 1473 4517 τούτους
1527 4451 1659 4517 τοὺς
1715 4451 1956 4518 κόλπους

357 4540 698 4614 ἐμϐάλλουσι
738 4540 807 4595 τά
863 4540 1132 4614 εἰρημένα
1189 4542 1550 4614 σπερματικά
1593 4544 1816 4613 ἀγγεῖα,
1853 4545 1954 4599 καὶ

358 4632 656 4705 κομίζουσι
707 4635 823 4698 τοῖς
873 4633 1064 4706 ὄρχεσι
1107 4632 1210 4706 τὴν
1264 4634 1455 4705 γονήν.
1488 4633 1696 4688 Τούτου
1741 4634 1801 4688 δὲ
1854 4634 1952 4689 τοῦ

356 4724 615 4800 ὲρυτροῦ,
665 4725 836 4797 ἦγουν
867 4725 963 4782 τοῦ
1001 4725 1417 4796 βαλαντοειδοῦς
1455 4726 1707 4798 χιτῶνος,
1737 4728 1803 4782 ὲκ
1830 4726 1953 4798 βίας

2064 3523 2133 3580 ad
2174 3523 2395 3595 inguem
2433 3522 2690 3579 consistit
2714 3537 2781 3578 ac
2810 3529 2978 3577 testes
3011 3523 3159 3593 ipsos
3191 3531 3389 3593 gestat,
3410 3523 3464 3578 in
3490 3541 3653 3595 quam

2062 3614 2316 3687 genitalis
2374 3614 2602 3672 seminis
2644 3614 2870 3672 vascula
2901 3613 3248 3679 deferuntur,
3306 3624 3420 3671 tota
3471 3618 3656 3674 nervis

2060 3708 2241 3765 obsita
2271 3716 2376 3772 est,
2392 3717 2447 3763 et
2466 3708 2584 3778 ipsa
2609 3723 2718 3762 non
2751 3707 2917 3763 modo
2939 3722 3199 3764 convexa;
3221 3707 3441 3765 testium
3466 3725 3659 3780 super-

2060 3802 2223 3871 ﬁciei,
2242 3801 2339 3859 sed
2361 3811 2415 3858 et
2445 3801 2712 3858 anteriori
2732 3799 3051 3856 eorumdem
3083 3801 3222 3871 parti
3245 3800 3504 3856 adhaeret.
3527 3799 3657 3858 llaec

2059 3895 2208 3952 enim
2231 3892 2520 3950 auxiliaris
2548 3891 2759 3956 tunica,
2780 3890 3149 3964 περιτοναίου,
3165 3891 3273 3947 hoc
3293 3900 3380 3948 est
3399 3890 3654 3946 abdomi-

2060 3985 2149 4043 nis
2168 3999 2458 4057 processns
2478 3992 2563 4040 est
2584 4001 2599 4050 ;
2632 3983 2735 4038 huc
2753 3982 2900 4038 enim
2919 3990 3022 4047 est,
3051 3982 3198 4054 quod
3228 3982 3411 4038 alvum
3439 3982 3657 4038 intesti-

2060 4091 2244 4148 naque
2298 4074 2704 4146 complectitur,
2728 4072 2942 4143 eisque,
2977 4073 3058 4128 uti
3090 4074 3244 4143 prius
3292 4074 3654 4140 asseruimus,

2060 4168 2376 4224 obducitur.
2422 4165 2482 4221 In
2526 4166 2650 4238 ejus
2678 4173 2861 4221 autem
2887 4179 3012 4236 qua:
3038 4164 3181 4220 intra
3223 4173 3352 4221 sunt
3381 4166 3654 4236 partibus,

2060 4260 2283 4332 quidam
2315 4275 2630 4332 processus,
2666 4258 2826 4330 quasi
2858 4259 3038 4325 sinus,
3083 4259 3152 4314 ad
3189 4273 3467 4315 crumena:
3496 4260 3657 4315 simi-

2061 4353 2352 4411 litudinem
2390 4352 2687 4421 visuntur,
2747 4366 3014 4422 quorum,
3070 4351 3307 4407 alterum
3357 4351 3580 4422 quidem
3623 4368 3657 4408 a

2059 4450 2254 4523 dextra
2280 4455 2456 4518 parte,
2490 4446 2727 4503 alterum
2756 4460 2889 4501 vero
2917 4460 2950 4500 a
2989 4445 3122 4500 Iaera
3155 4444 3210 4499 in
3249 4444 3450 4516 quibus
3490 4453 3656 4502 testes

2058 4540 2414 4600 continentur
2440 4537 2714 4595 consistit.
2753 4535 2812 4593 ln
2849 4536 3019 4608 ipsos,
3055 4538 3302 4608 inquam,
3347 4537 3526 4601 sinus,
3562 4552 3659 4607 ge-

2058 4633 2244 4697 nitalis
2273 4630 2502 4689 seminis
2522 4631 2591 4686 de
2607 4630 2812 4700 quibus
2843 4633 2957 4702 jam
2987 4629 3234 4687 diximus
3264 4645 3394 4686 vasa
3437 4630 3655 4687 extrin-

2058 4742 2218 4784 secus
2266 4723 2585 4794 concidunt,
2618 4732 2675 4781 et
2723 4724 3033 4796 genituram
3065 4723 3134 4779 ad
3171 4732 3341 4779 testes
3378 4722 3653 4779 delerunt.

354 4820 526 4887 τινὸς,
574 4820 608 4892 ἦ
637 4818 864 4893 βάρους,
894 4820 929 4892 ἢ
973 4821 1321 4893 πηδήματος,
1352 4820 1386 4892 ἦ
1417 4821 1649 4893 δρόμου,
1677 4819 1711 4892 ἢ
1739 4820 1949 4892 φωνῆς,

2063 4816 2196 4875 Cum
2226 4825 2409 4874 autem
2433 4817 2579 4873 hanc
2608 4817 2961 4882 auxiliarem,
2991 4817 3368 4874 crumenalem
3402 4816 3659 4872 videlicet

356 4916 392 4987 ἦ
412 4912 765 4987 συκώματος,
786 4912 1143 4984 ἀνοιγόμενον
1166 4916 1181 4946 ¹
1210 4914 1273 4968 τὸ
1293 4915 1515 4986 ἔντερον
1531 4917 1612 4980 εἰς
1634 4915 1732 4970 τὸν
1760 4914 1951 4987 ὀσχεὺν

357 5009 760 5081 καταφέρεται,
795 5006 886 5061 διὰ
936 5005 999 5060 τὸ
1055 5006 1371 5061 ἐπικεῖσθαι
1410 5006 1489 5079 τῷ
1539 5006 1756 5080 ὲρυτρῷ
1784 5024 1800 5040 ·
1850 5007 1949 5063 καὶ

354 5100 573 5170 γίνεται
628 5102 662 5172 ἡ
712 5098 982 5171 λεγομένη
1044 5098 1437 5169 ἐντεροκοίλη
1461 5102 1504 5155 ³.
1580 5100 1864 5171 Ἔρυτρὸς
1891 5100 1951 5155 δὲ

354 5193 696 5265 ὠνόμασται,
753 5191 908 5265 παρὰ
954 5191 1017 5247 τὸ
1062 5191 1251 5266 ἐρύκω
1281 5191 1343 5246 τὸ
1374 5191 1593 5263 βοηθῶ⁶
1655 5194 1722 5247 ὲκ
1755 5193 1951 5248 τούτου

357 5287 557 5359 ἔρυκος
593 5286 803 5357 ὄνομα·
835 5285 933 5341 καὶ
964 5285 1325 5357 παράγωγον.
1361 5286 1595 5357 ὲρυκτὺς
1643 5288 1672 5341 ὁ
1709 5284 1944 5357 βοηθός·

358 5381 456 5435 καὶ
479 5379 729 5451 ἀποϐολῇ
757 5379 854 5434 τοῦ
881 5397 940 5446 κ,
977 5382 1073 5435 καὶ
1100 5379 1395 5455 προσθήκῃ
1415 5381 1435 5412 ³
1466 5379 1561 5433 τού
1575 5397 1639 5448 ρ,
1677 5380 1913 5452 ὲρυτρός
1934 5394 1949 5410 ³

361 5471 558 5543 βοηθὸς
580 5473 690 5543 γὰρ
721 5474 817 5531 καὶ
852 5466 1010 5537 οὗτος
1036 5474 1152 5536 τοῖς
1179 5470 1424 5545 ὄρχεσιν,
1470 5470 1634 5542 εἴπερ
1664 5471 1687 5504 ⁸
1717 5473 1776 5524 ὲν
1801 5469 1951 5543 αὐτῷ

359 5561 703 5634 κρέμανται·
737 5562 771 5636 ἦ
813 5560 1020 5627 οὕτως·
1048 5562 1236 5635 εὐρὺς,
1273 5560 1524 5633 εὐρυτδς,
1554 5561 1651 5616 καὶ
1689 5561 1749 5630 ἐξ
1780 5560 1951 5616 αὐτοῦ

2060 4911 2329 4978 tunicam,
2388 4910 2551 4966 nobis
2580 4909 2789 4981 aliquid
2850 4924 3053 4980 magno
3080 4907 3295 4965 efﬁcere
3344 4907 3655 4974 molimine,

2059 5014 2156 5061 aut
2182 5004 2395 5076 pondus
2422 5004 2672 5060 attollere
2698 5004 3053 5069 immensum,
3081 5001 3197 5056 sive
3221 5000 3385 5065 saltu,
3408 5008 3504 5056 aut
3528 5014 3658 5054 cur-

2061 5110 2151 5161 su,
2178 5095 2267 5150 vel
2316 5109 2453 5151 voce
2482 5094 2717 5151 alterum
2755 5108 3017 5163 superare
3042 5091 3398 5157 conantibus,
3435 5090 3519 5146 rei
3547 5089 3658 5146 alio

2060 5188 2325 5261 quopiam
2351 5203 2509 5255 casu,
2541 5204 2571 5243 a
2604 5202 2708 5245 suo
2742 5186 2956 5244 moveri
2996 5185 3190 5241 ordine
3221 5181 3536 5254 contigerit,
3573 5181 3658 5236 in-

2058 5280 2403 5347 testinum,in
2417 5283 2593 5337 rivum
2606 5296 2671 5337 eo
2683 5280 2829 5351 quod
2845 5277 3096 5336 auxiliari
3117 5277 3317 5334 tunica:
3330 5275 3655 5338 aceliuatur,

2060 5372 2206 5431 inira
2265 5383 2454 5441 meat,
2518 5374 2663 5429 unde
2716 5373 2930 5430 scilicet
2975 5372 3256 5427 hominem
3317 5366 3656 5425 intestinalis

2062 5469 2222 5540 113
2251 5468 2442 5524 bernia
2478 5466 2707 5522 invadit.
2737 5464 3054 5537 Siquidem,
3095 5463 3283 5519 tunica
3322 5463 3440 5518 haec
3465 5460 3657 5518 Graece

2058 5559 2288 5635 ὲρυτρός
2326 5559 2658 5631 appellatur,
2692 5572 2724 5614 a
2754 5557 2925 5614 verbo
2959 5555 3165 5628 ἐρύκω,
3192 5555 3254 5610 τὸ
3279 5554 3481 5627 βοηθῶ,
3515 5568 3546 5607 a
3578 5552 3657 5609 fe-

454 5702 502 5734 ⁸⁸
536 5700 718 5788 ,ἔσκεν
772 5690 1017 5788 tie-'1};
1059 5705 1105 5788 ,ή
1149 5703 1848 5788 γενοῖὴνάἒκοσὲῗδτσέὲκο
1926 5700 2135 5788 ’ζγοδχ
2191 5702 2253 5755 Β·
2332 5696 2745 5788 ’ἵκαὶοηιβο
2821 5695 3182 5788 "md-"55.3.:
3227 5690 3648 5788 ,Υπεῶἱξξηίέ

360 5773 409 5808 ’⁸
446 5773 764 5845 σπέρματος
818 5773 882 5828 Β.

957 5774 1004 5808 ³⁵
1056 5774 1229 5847 ἐμπρ.
1276 5774 1387 5831 ait}
1445 5774 1522 5831 Β.
1583 5776 1629 5807 ³⁸

1671 5761 1890 5847 πρῶῖον
1947 5761 2020 5828 Β.’
2088 5773 2136 5847 ’ξ
2210 5771 2732 5847 περιτέτταᾳται-Α,
2768 5761 3286 5847 περιτεταμένουρ.
3369 5764 3413 5796 ’⁷
3445 5761 3517 5847 τείι
3538 5761 3648 5847 ὗες.

818 5813 898 5951 "9.:
930 5813 1387 5951 Zapégéﬁ'aiéi'
1421 5813 1520 5902 δῗδ.
1546 5847 1599 5918 ,Β
1669 5813 2072 5904 δῖψδῖσὲσΐδὲ
2116 5841 2175 5899 Β.
2215 5813 2563 5914 "infimiin;
2616 5813 2978 5911 ἁύοξγομὲνης
3149 5840 3168 5870 ²
3207 5832 3539 5908 ἐντεροκήλη
3580 5813 3645 5886 [ἶ.

413 5912 703 5989 προσθέσει
735 5916 797 5974 Β.
876 5917 898 5951 ι
932 5912 1238 5993 ἐπειδῆπερ
1273 5917 1332 5973 Β.
