4138 6522
461 429 601 486 Hi3

1747 424 2032 481 MELETII
2071 424 2386 483 MONACHI

3600 420 3745 478 1244

454 549 631 605 τνιιιιο
663 547 915 604 videlicet
942 547 1218 611 subsidio,
1250 564 1376 603 nam
1410 547 1642 602 testibus
1676 562 1801 600 cum
1831 546 1902 600 ab
1926 546 2042 616 ipsa

2158 544 2399 616 ὲρυτρδς,
2426 546 2456 597 ὀ
2486 542 2694 607 πλατύς
2720 544 2763 598 ⁵.
2803 542 2929 598 Εἰσὶ
2978 541 3038 597 δέ
3072 558 3220 604 τινες
3246 539 3450 611 ὑμένες
3475 541 3744 612 προσκολ-

458 639 737 711 ιιαῖιιάθεηι
775 639 1057 710 suppetias
1106 638 1261 695 adest
1320 656 1335 693 :
1389 639 1506 693 sive
1568 654 1598 693 a
1651 638 1942 693 latitudine
1973 637 2044 691 ita

458 730 790 801 appellatam
830 731 1057 794 dixeris,
1108 732 1252 799 quod
1298 730 1376 785 illi
1443 730 1608 799 εὐρὺς
1653 730 1900 801 εὐρυτὸς,
1952 730 2048 784 καὶ

458 822 519 889 ἐξ
535 821 699 876 αὑτοῦ
717 824 946 894 sparge;
969 824 996 875 ὁ
1017 821 1245 886 πλατύς,
1267 821 1408 892 quod
1432 830 1515 876 cst
1535 822 1677 877 latus
1706 831 2044 892 nuncupant.

458 908 600 967 Hinc
639 913 908 981 siquidem
949 912 1201 966 auxiliari
1258 912 1477 977 tunicar,
1518 913 1853 968 membranae
1896 929 2047 983 quae-

458 1002 586 1057 dam
616 1004 999 1073 conglutinatae
1053 1004 1352 1067 adhaerent,
1412 1015 1467 1059 et
1506 1005 1607 1060 bac
1644 1007 1712 1059 de
1756 1022 1925 1061 causa
1961 1007 2045 1061 hae

2149 636 2390 707 λώμενοι
2412 635 2491 707 τῷ
2521 636 2735 707 ἐρυτρῷ
2759 652 2773 666 ·
2800 636 2896 689 καὶ
2915 635 2986 689 δι’
3011 634 3181 689 αὑτοῦ
3202 632 3282 703 τῷ
3309 632 3514 701 ἔξωθεν
3529 632 3743 704 δέρμα-

2150 746 2227 795 τι,
2250 728 2441 801 δαρτοὶ
2490 728 3075 799 προσαγορευόμενοι·
3109 727 3173 781 οὐ
3216 725 3326 797 γὰρ
3354 725 3578 796 ἁμέσως
3617 726 3744 778 ἑπε-

2150 837 2361 875 κεινται
2389 821 2440 874 οἱ
2467 821 2654 891 δρχεις
2703 819 2782 889 τῷ
2812 817 2990 889 ὀσχεῷ
3015 834 3029 848 ο
3060 818 3147 872 ἴνα
3181 818 3257 888 μὴ
3296 816 3495 889 ῥᾳδίως
3522 815 3745 886 ψύχωυ-

2148 933 2238 969 ται
2270 915 2378 969 ὑπὸ
2431 913 2528 968 τοῦ
2592 912 2795 982 κρύους
2832 929 2847 945 ο
2903 911 3041 983 μηδὲ
3091 912 3199 965 ὑπὸ
3250 914 3354 982 τῆς
3400 910 3743 981 θερμότητος

2151 1007 2491 1079 ὑποχαλὼσι.

458 1093 649 1168 δαρτοὶ
700 1096 831 1150 διότι
854 1095 1120 1168 δέρματος
1183 1095 1383 1164 ἔξωθέν
1442 1100 1571 1161 εἱσι,
1624 1097 1772 1168 quod
1828 1099 2052 1154 videlice

2158 1111 2295 1156 extra
2348 1100 2663 1170 pelliculam
2723 1100 2856 1164 sint,
2907 1108 3330 1168 nuncupantur;
3374 1114 3554 1169 neque
3591 1112 3639 1151 οι
3666 1095 3741 1151 im

460 1187 665 1256 absque
694 1188 871 1242 medio
912 1188 1095 1259 aliquo
1130 1200 1295 1245 testes
1320 1200 1504 1247 scroto
1542 1191 1908 1261 applicantur,
1962 1192 2044 1247 sic
2082 1194 2228 1249 enim
2262 1194 2433 1266 rigori
2469 1196 2644 1268 pervii
2692 1193 3073 1259 redderentur,
3104 1210 3169 1250 ac
3217 1194 3287 1248 ab
3335 1201 3471 1248 aestu
3502 1191 3742 1245 laxiores

460 1279 633 1348 magis
680 1280 1138 1352 remissioresque
1184 1285 1395 1338 tierent.

529 1371 772 1429 Feminis
791 1383 974 1429 autem
1001 1388 1196 1432 natura
1221 1377 1338 1448 ipsa
1362 1390 1559 1434 cuncta
1579 1379 1729 1436 intus
1745 1396 1869 1451 ιιι-ιε
1893 1380 2055 1434 mari-

460 1465 564 1521 hus
581 1474 731 1520 extra
751 1466 945 1537 largita
966 1476 1071 1533 est,
1087 1477 1143 1522 et
1161 1485 1327 1524 unam
1347 1471 1583 1541 amplius
1605 1482 1813 1542 partem
1832 1487 2055 1527 servan-

460 1558 513 1613 di
533 1557 804 1627 puerperii
820 1558 1015 1628 gratia,
1029 1575 1151 1629 (pne
1166 1561 1327 1615 vulva
1350 1571 1721 1632 nuncupatur,
1736 1562 1980 1617 tradidit.
1997 1562 2050 1616 In

463 1649 580 1718 ipsa
606 1664 848 1719 namque
882 1650 1066 1717 vulva,
1091 1651 1340 1721 geminos
1371 1655 1728 1721 ventriculos,
1761 1670 1792 1708 a
1830 1654 2051 1709 dextera

463 1743 718 1806 alterum,
739 1742 969 1796 alterum
999 1760 1027 1796 a
1056 1744 1185 1798 laeva
1207 1754 1380 1814 parte,
1406 1746 1458 1800 in
1483 1746 1685 1817 quibus
1711 1756 1898 1816 partus
1935 1748 2051 1803 suis

2232 1378 2343 1432 Καὶ
2366 1379 2426 1434 al
2447 1380 2710 1448 γυναῖκες
2742 1377 2838 1432 καὶ
2875 1376 3060 1431 πάντα
3088 1375 3159 1429 τὰ
3193 1376 3336 1430 αὐτὰ
3367 1379 3484 1440 τοῖς
3540 1376 3745 1447 ἀνδρά-

2160 1485 2247 1523 σιν
2295 1470 2480 1540 ξχουσι
2514 1471 2681 1542 μόρια
2713 1486 2729 1503 ·
2755 1468 2872 1524 ἀλλ’
2900 1468 3070 1533 ἔνδον,
3105 1469 3201 1521 καὶ
3228 1468 3331 1521 οὐκ
3361 1466 3468 1534 ἔξω
3498 1485 3513 1499 ⁸
3547 1486 3744 1541 περισ-

2160 1564 2380 1635 σότερον
2405 1564 2464 1617 δὲ
2486 1564 2679 1629 αὐταῖς
2709 1563 2899 1635 μόριον
2924 1562 3033 1617 τῶν
3063 1561 3297 1633 ἀνδρῶν,
3317 1564 3376 1615 ὲν
3402 1554 3446 1629 ᾧ
3470 1561 3744 1633 βρεφουρ-

2158 1660 2338 1726 γεῖται
2370 1656 2441 1712 τὰ
2470 1657 2587 1723 ζῶα
2613 1674 2629 1689 ο
2665 1657 2837 1729 ἤγουν
2868 1658 2903 1727 ἡ
2937 1655 3158 1725 μήτρα.
3197 1654 3353 1725 Ἔχει
3378 1652 3437 1708 δὲ
3481 1653 3578 1707 δύο
3636 1670 3746 1707 xor-

2157 1749 2298 1814 λίας.
2327 1749 2618 1815 δεξιὰνκαὶ
2639 1748 2960 1822 ἀριστερὰν,
2993 1750 3050 1801 ὲν
3092 1742 3180 1810 αἷς
3231 1745 3468 1811 ζωοῦται
3517 1745 3587 1799 τὰ
3638 1746 3744 1815 ἔμ-

466 1833 714 1888 nnmeris
743 1835 1031 1891 absolutus
1059 1836 1324 1902 redditur,
1356 1836 1574 1894 feminae
1603 1839 1875 1902 obtinent,
1906 1850 1958 1895 et
1991 1841 2044 1894 in

2158 1840 2296 1911 69w:
2321 1857 2334 1870 '
2363 1841 2500 1913 φησὶ
2534 1840 2645 1911 γὰρ
2690 1839 3063 1910 Ἱπποκράτης
3090 1856 3105 1871 ·
3162 1857 3180 1890 ι
3221 1836 3483 1909 Ἔμσρυα
3511 1838 3582 1892 τὰ
3638 1837 3743 1909 μὲν

461 1925 688 1980 dextera
712 1933 867 1995 parte
890 1941 1092 1991 mares,
1119 1927 1173 1981 in
1200 1926 1331 1982 laeva
1363 1943 1492 1983 vero
1517 1928 1731 1984 femina:
1750 1926 1830 2002 (ut
1855 1928 2055 2001 Hippo-

463 2017 603 2070 crati
643 2016 844 2086 placet)
875 2017 1193 2089 gignuntur.
1230 2020 1371 2075 Sunt
1407 2030 1611 2086 autem,
1651 2021 1744 2091 qui
1794 2021 2052 2077 feminam

466 2108 657 2177 plures
703 2108 920 2164 duobus
963 2125 1072 2164 uno
1115 2121 1274 2180 partu
1324 2112 1484 2167 edere
1528 2128 1691 2182 posse
1744 2121 2051 2169 autumant.

464 2201 546 2254 Ad
595 2202 730 2267 haec,
782 2199 1001 2257 feminze
1066 2202 1197 2272 ipsze
1244 2219 1424 2258 mares
1467 2204 1792 2274 papillarum
1848 2207 2055 2276 magni-

466 2292 652 2347 tudine
690 2302 1050 2364 exsuperaut,
1104 2295 1160 2349 in
1194 2296 1400 2365 quibus
1429 2296 1541 2361 lac,
1593 2314 1705 2367 quo
1740 2297 1841 2369 ipsi
1866 2310 2055 2355 carent

464 2382 852 2452 constituitur;
879 2383 931 2438 in
968 2383 1196 2455 reliquis
1221 2400 1351 2440 vero
1380 2386 1658 2447 omnibus,
1689 2384 1906 2442 tendum
1937 2404 2055 2443 ma-

465 2477 619 2533 ribus
656 2493 813 2547 aeque
866 2479 1237 2549 respondent;
1296 2488 1656 2552 praterquam
1693 2484 1836 2553 quod
1866 2482 1919 2537 in
1965 2499 2055 2555 ge-

466 2567 729 2623 nitalibus
788 2570 1075 2636 membris,
1114 2570 1438 2627 discrimina
1480 2575 1730 2642 quaedam
1764 2575 2052 2631 manifesta

465 2658 738 2713 visuntur.
773 2658 889 2715 Mas
916 2669 1124 2727 autem,
1148 2679 1256 2717 non
1297 2663 1461 2719 modo
1490 2665 1677 2731 nescio
1715 2665 1843 2736 quid
1902 2666 2055 2722 virile

464 2750 519 2803 iu
567 2751 700 2821 ipsis
739 2752 1070 2823 genitalibus
1120 2756 1382 2812 membris
1429 2772 1541 2827 prae
1581 2773 1641 2812 se
1680 2756 1806 2825 fert,
1861 2775 2053 2814 verum

464 2842 635 2897 etiam
706 2843 761 2898 in
838 2846 1089 2911 viribus,
1150 2857 1414 2914 aspectu,
1493 2848 1776 2914 moribus,
1845 2865 2053 2905 necnon

468 2932 670 2987 robore
723 2933 934 3005 majore
985 2953 1150 3007 quam
1206 2938 1407 2993 femina
1458 2939 1717 3008 praeditus
1772 2949 1894 3007 est;
1934 2956 2056 3010 qtue

467 3025 692 3095 quidem
744 3026 999 3082 universa
1063 3027 1282 3084 feminis
1339 3045 1370 3083 a
1432 3030 1607 3099 prima
1666 3031 2057 3087 constitutione

469 3123 667 3169 natu-ra
719 3116 1017 3173 abstulisse
1052 3118 1244 3184 voluit,
1278 3134 1403 3174 cum
1449 3120 1859 3183 intbrcilliJres,
1902 3122 2052 3177 omni

2156 1932 2383 2003 ἄρρενα,
2414 1933 2472 1985 ὲν
2514 1933 2652 1985 τοῖσι
2671 1927 2919 1997 δεξιοῐσι,
2968 1928 3040 1984 τὰ
3091 1928 3150 1982 δὲ
3210 1927 3404 1999 θήλεα,
3441 1926 3502 1981 ὲν
3559 1929 3742 1980 τοῖσιν

2154 2023 2514 2094 ἀριστεροῖσι.
2550 2042 2569 2076 ι
2604 2023 2838 2092 Λέγουσι
2858 2022 2916 2077 δέ
2945 2038 3094 2084 τινες
3128 2021 3225 2075 καὶ
3244 2019 3469 2074 πλείονα
3511 2018 3621 2073 τῶν
3644 2020 3744 2073 δύο

2153 2115 2361 2168 τίκτειν
2390 2115 2583 2185 αὐτὴν.
2640 2115 2765 2168 Εἰσὶ
2790 2114 2848 2168 δὲ
2878 2113 3134 2184 περισσοὶ
3185 2113 3284 2166 καὶ
3334 2114 3385 2165 οί
3421 2112 3625 2183 μαστοὶ
3681 2112 3746 2165 ἐν

2158 2204 2382 2273 μεγέθει
2408 2221 2423 2236 ο
2457 2205 2554 2257 καὶ
2580 2204 2644 2258 τδ
2672 2205 2730 2258 ἐν
2761 2204 2954 2267 αὑταῖς
2988 2203 3412 2273 λευκαινόμενον
3446 2202 3592 2271 γάλα
3615 2217 3632 2234 ο
3670 2201 3746 2256 τὰ

2154 2295 2199 2349 δ’
2238 2295 2374 2350 ἄλλα
2409 2296 2590 2350 πάντα
2638 2295 3002 2367 παραπλήσια
3027 2296 3069 2356 ⁸.
3126 2294 3268 2366 πλὴν
3320 2295 3420 2363 τῆς
3458 2294 3744 2364 διαφορᾶς

2152 2383 2250 2438 τοῦ
2285 2385 2514 2456 ἄῤῥενος
2549 2385 2688 2456 πρὸς
2734 2384 2796 2438 τὸ
2827 2385 2983 2456 θῆλυ.
3017 2382 3093 2438 Τὸ
3123 2384 3222 2454 μὲν
3262 2383 3371 2454 γὰρ
3422 2383 3540 2454 ἔχει
3578 2384 3750 2455 ἀρρε-

2154 2477 2354 2547 νότητά
2383 2495 2528 2543 τινα,
2558 2477 2620 2530 οὐ
2655 2476 2820 2548 μόνον
2841 2478 2900 2530 ἐν
2933 2478 3048 2541 τοῖς
3097 2476 3418 2547 εἰρημένοις
3477 2475 3747 2544 παιδουρ-

2154 2573 2271 2639 γοῖς
2298 2572 2531 2642 μορίοις,
2562 2571 2700 2626 ἀλλὰ
2726 2571 2824 2625 καὶ
2854 2573 2914 2625 ὲν
2954 2571 3185 2641 δυνάμει
3231 2571 3326 2624 καὶ
3356 2569 3584 2643 θεωρίᾳ,
3642 2571 3746 2624 καὶ

2155 2663 2276 2733 non
2319 2662 2416 2716 καὶ
2455 2665 2879 2734 καταστήματι·
2919 2661 2983 2717 τδ
3025 2662 3082 2716 δὲ
3107 2662 3387 2735 θηλύτητα
3413 2663 3529 2734 ἔχει
3567 2665 3625 2716 ὲν
3670 2664 3742 2734 τῇ

2154 2752 2251 2805 τοῦ
2290 2750 2549 2822 σώματος
2576 2753 2934 2817 καταστάσει,
2968 2752 3063 2806 καὶ
3094 2754 3161 2824 τῇ
3198 2755 3405 2824 φυσικῇ
3443 2750 3741 2822 ἀσθενείᾳ,

2157 2840 2360 2911 καὶτῷ
2385 2840 2492 2911 ὅλῳ
2522 2840 2880 2912 συγκρίματι.
2914 2843 3038 2895 Ὀτι
3087 2840 3146 2893 δέ
3188 2842 3306 2893 ἐστι
3355 2839 3596 2911 διαφορὰ
3650 2855 3746 2903 τις

2156 2933 2252 2987 τοῦ
2313 2934 2544 3004 ἇρῤενος
2576 2933 2714 3003 πρὸς
2744 2934 2805 2986 τὸ
2837 2931 2997 3004 θῆλυ,
3042 2932 3139 2987 καὶ⁵
3177 2932 3411 3004 φυσικὴ,
3467 2930 3679 3003 μάρτυς
3714 2933 3745 2986 ὁ

2158 3024 2337 3095 φοίνιξ
2359 3026 2401 3079 ⁷.
2429 3026 2665 3094 Λέγουσι
2693 3025 2751 3078 δέ
2792 3042 2940 3090 τινες
2964 3024 3065 3096 τὴν
3099 3025 3442 3097 ἁρρενότητα
3473 3025 3588 3086 τοῖς
3640 3023 3746 3078 ἀν-

2156 3117 2350 3189 δράσιν
2384 3117 2443 3171 ὲν
2470 3120 2584 3180 τοῖς
2631 3116 2853 3189 ὄρχεσιν
2875 3117 2898 3150 ⁸
2947 3116 3095 3188 ἔχειν
3121 3135 3134 3148 ·
3173 3119 3258 3171 ὅτι
3300 3116 3749 3187 ἁποτμηθέντων

470 3221 699 3273 prorsus
748 3214 936 3262 amoto
999 3209 1354 3275 discrimine,
1403 3211 1649 3267 maribus
1702 3212 2052 3267 habeantur:

2165 3212 2347 3267 αὐτῶν
2406 3212 2752 3283 θηλύνονται,
2805 3219 2903 3268 καὶ
2970 3213 3195 3283 γυναιξὶ
3242 3212 3625 3286 παραπλήσιοι
3658 3212 3750 3282 γί-

466 3297 613 3365 quod
661 3306 843 3353 autent
905 3300 1155 3356 naturale
1225 3302 1494 3371 quoddam
1567 3303 1706 3358 inter
1750 3319 1955 3358 marem
2002 3311 2056 3357 et

469 3389 728 3444 feminam
788 3390 1086 3447 discrimen
1144 3391 1237 3455 sit,
1286 3394 1508 3463 phmnix
1554 3408 1676 3450 esse
1730 3408 2054 3466 argumento

468 3489 664 3549 potest.
698 3482 839 3536 Sunt
888 3484 980 3552 qui
1010 3483 1227 3538 \irilem
1263 3485 1370 3538 vim
1409 3485 1463 3538 in
1511 3485 1740 3540 testibus
1786 3502 1908 3541 esse
1942 3488 2057 3557 opi-

473 3581 696 3637 nantur,
731 3573 858 3629 inde
886 3574 1141 3631 videlicet
1165 3588 1546 3646 argumentum
1580 3588 1880 3644 sumentes,
1907 3579 2053 3649 quod

467 3663 523 3717 in
568 3679 757 3718 eorum
791 3665 1166 3722 abstractione
1208 3683 1389 3723 mares
1428 3667 1730 3726 eﬂ‘eminari
1762 3671 2051 3742 contingit,

2160 3322 2343 3359 νονται
2372 3322 2386 3335 ·
2424 3306 2564 3376 μήτε
2592 3306 2802 3376 γένειον
2841 3306 3124 3377 φέροντες,
3177 3308 3317 3378 μήτε
3352 3307 3452 3377 τὴν
3502 3306 3751 3376 φυσικὴν

2161 3399 2394 3469 δύναμιν
2429 3396 2648 3470 ἔχοντες
2678 3398 2780 3468 τῆς
2819 3399 3170 3463 παιδοποιίας
3192 3415 3206 3429 ·
3237 3398 3320 3452 διὸ
3353 3398 3449 3452 καὶ
3503 3392 3747 3469 ἀμφιϐό-

2160 3489 2287 3555 λους
2315 3489 2393 3561 τῷ
2421 3491 2570 3559 γένει
2604 3490 2804 3555 αὐτοὺς
2833 3493 2860 3545 ὁ
2899 3489 3163 3559 Θεο>.όγος
3214 3489 3392 3544 καλεῖ.
3427 3489 3739 3561 ’Δμείϐεται

2160 3582 2216 3635 δὲ
2245 3584 2430 3647 αὐτοῖς
2460 3583 2557 3636 καὶ
2583 3582 2644 3636 τδ
2681 3584 2779 3654 τῆς
2834 3584 3020 3654 φωνῆς
3068 3582 3341 3655 ἀνδρεῖον,
3390 3583 3486 3636 καὶ
3538 3581 3745 3652 ὑπουρ-

2164 3673 2323 3742 γοῦσι
2348 3675 2416 3727 τὰ
2444 3673 2616 3727 πολλὰ
2648 3672 3053 3747 παραπλησίως
3083 3674 3343 3737 ἐκείναις.

467 3769 535 3808 ae
581 3769 680 3809 ceu
710 3755 761 3809 iu
804 3753 1136 3811 feminarum
1172 3766 1428 3813 naturam
1467 3759 1734 3825 converti,
1765 3775 1891 3815 cum
1921 3761 2056 3816 tales
2090 3773 2143 3817 et
2184 3765 2350 3820 barba
2415 3774 2657 3831 careant,
2702 3774 2757 3821 et
2821 3773 3029 3820 natura:
3062 3766 3139 3832 vi,
3199 3765 3554 3837 procreanda:
3582 3763 3750 3819 sobo—

468 3845 536 3899 lis
603 3843 864 3900 facullatc
928 3847 1241 3916 priveutur;

1328 3847 1688 3917 quamobrem
1755 3847 2053 3919 Gregorius
2127 3851 2287 3923 114
2340 3851 2650 3925 Tbeologus
2702 3853 2852 3924 ipsos
2908 3854 3151 3925 ambigui
3234 3854 3454 3925 generis
3495 3851 3750 3908 homines

469 3944 770 4007 nuncupat.
808 3937 1097 4000 Praeterea,
1131 3948 1186 3993 et
1240 3939 1415 3994 virilis
1465 3940 1617 3996 vocis
1658 3956 1790 3997 usus
1848 3940 1984 4012 ipsis
2039 3941 2311 4011 aufertur,
2375 3961 2439 4001 ac
2496 3946 2746 4017 pluribus
2804 3945 2859 4000 in
2930 3945 3163 4018 negotiis
3211 3945 3558 4017 peragendis,
3610 3942 3750 3998 nihil

469 4044 698 4098 prorsus
758 4044 789 4084 a
846 4026 1083 4085 femineo
1122 4046 1257 4086 sexu
1315 4031 1648 4103 discrepant.

827 4145 962 4216 Cap.
996 4145 1191 4203 XXVI.
1226 4147 1393 4203 -οε
1436 4148 1703 4204 manibus.

540 4260 646 4315 Sed
674 4260 788 4331 jam
822 4260 889 4316 de
917 4260 1185 4316 femorum
1220 4263 1531 4335 pedumque
1567 4265 1817 4336 partibus
1850 4265 2055 4321 oratio-

467 4369 593 4407 nem
642 4353 868 4407 missam
906 4351 1189 4419 facientes,
1223 4354 1292 4409 ad
1339 4369 1601 4412 manuum
1636 4357 2054 4428 explicationem

465 4443 790 4513 dirigantur.
836 4443 1046 4499 Etenim
1087 4445 1139 4499 in
1177 4444 1331 4500 omni
1365 4446 1598 4501 aliorum
1620 4447 1939 4502 animalium
1962 4463 2054 4517 ge-

2538 4146 2684 4215 Κεφ.
2712 4145 2860 4211 KG’.
2881 4174 2953 4185 —-
2968 4144 3111 4214 Περὶ
3130 4144 3365 4215 χειρῶν.

2236 4254 2318 4309 Τὰ
2369 4255 2511 4326 μέν’
2574 4251 2669 4309 οὖν
2746 4255 2857 4309 τῶν
2913 4257 3107 4328 μηρῶν
3129 4256 3173 4289 ⁸⁸
3222 4258 3315 4311 καὶ
3367 4257 3548 4313 ποδῶν
3603 4275 3663 4312 τε
3702 4261 3745 4292 ⁸⁸

2161 4348 2395 4417 ἀφέντες
2437 4348 2625 4420 μόρια,
2655 4348 2750 4402 ἐπὶ
2776 4347 2845 4402 τὰ
2873 4346 2984 4401 τῶν
3030 4348 3232 4420 χειρῶν
3264 4347 3612 4421 τρεψώμεθα,
3637 4350 3753 4404 ἀπὸ

2162 4441 2371 4495 τούτων
2397 4458 2455 4494 τε
2488 4440 2649 4495 πάλιν
2678 4441 2910 4495 κάκεῖνα
2938 4441 3295 4512 σκεψώμεθα.
3330 4442 3459 4507 Τοῖς
3492 4442 3591 4515 μὲν
3637 4443 3750 4515 γὰρ

469 4551 622 4600 nere,
641 4536 918 4592 anteriora
945 4538 1191 4607 corporis
1215 4540 1457 4594 membra
1479 4541 1641 4609 pedes
1660 4549 1809 4606 sunt,
1826 4554 1894 4593 eo
1914 4538 2052 4608 quod

2166 4537 2348 4601 ἄλλοις
2371 4539 2507 4591 πᾶσι
2532 4536 2696 4602 ζώοις
2724 4536 2791 4591 τὰ
2813 4536 3130 4609 ἔμπροσθεν
3162 4536 3315 4592 κῶλα
3360 4536 3459 4591 τοῦ
3493 4538 3753 4609 σώματος

468 4627 759 4683 incurvum
790 4630 937 4700 quod
990 4630 1047 4684 in
1091 4630 1222 4701 ipsis
1259 4640 1364 4697 est,
1403 4632 1778 4687 sustentaculo
1800 4630 2052 4701 indiguit.

468 4718 527 4772 In
561 4720 788 4775 humani
811 4736 939 4776 vero
961 4722 1209 4791 corporis
1237 4729 1534 4784 structura,
1560 4735 1661 4791 pro
1686 4721 2055 4776 anterioribus

466 4812 786 4868 animalium
822 4815 1100 4878 cruribus,
1132 4830 1330 4869 manus
1369 4814 1659 4870 habentur.
1694 4812 1831 4869 Cum
1868 4823 2050 4870 autem

470 4906 637 4959 homo
693 4915 879 4961 erecto
936 4905 1146 4962 feratur
1202 4921 1468 4977 corpore,
1530 4906 1662 4961 satis
1708 4906 1929 4976 quidem
1982 4906 2050 4963 ad

468 5013 693 5069 gressus
722 4999 969 5063 tutelam,
996 4999 1339 5070 geminorum
1393 4997 1590 5067 pedum
1629 5013 1765 5053 usus
1823 4998 2051 5056 faciunt.

470 5088 927 5155 Adbaec,rationis
957 5090 1147 5144 usibus
1168 5103 1433 5141 manuum
1456 5087 1627 5143 olIicia
1655 5088 2049 5156 obsecundant;

468 5196 595 5235 nam
634 5197 830 5236 manus
859 5182 1008 5250 ipsas
1031 5180 1316 5234 rationalis
1348 5188 1556 5233 natura:
1608 5181 2054 5259 instrumentales

469 5280 653 5340 partes
678 5280 823 5326 recta
841 5272 1053 5326 ratione
1072 5269 1394 5339 appellares,
1415 5284 1522 5324 non
1544 5270 1707 5325 modo
1729 5273 1876 5341 quod
1896 5286 2054 5328 com-

472 5362 730 5418 munibus
779 5379 900 5434 qua:
946 5372 1206 5432 apparent
1261 5364 1424 5419 rebus
1476 5364 1664 5419 munia
1699 5364 2054 5421 solertissime

470 5455 654 5508 ornuia
710 5464 992 5525 peragant,
1027 5470 1216 5509 verum
1266 5455 1430 5510 etiam
1464 5466 1591 5524 apto
1622 5455 1863 5525 ipsarum
1895 5456 2056 5510 mini-

470 5545 657 5609 sterio,
689 5546 1039 5618 c0gitatiouis
1072 5553 1291 5614 nostra},
1314 5549 1756 5617 quandocunque
1772 5547 2055 5616 acciderit,

2166 4629 2329 4694 πόδες
2347 4628 2456 4682 είσί
2482 4646 2498 4660 ·
2519 4629 2660 4682 διότι
2678 4628 2743 4682 τὸ
2767 4628 3006 4699 κεκυφδς
3037 4628 3210 4683 ἐδεῖτο
3230 4630 3325 4683 τοῦ
3344 4629 3746 4700 ὑπερείδοντος.

2176 4723 2302 4777 Ἐπὶ
2330 4721 2388 4776 δὲ
2421 4722 2523 4794 τῆς
2571 4720 2668 4775 τοῦ
2701 4720 2994 4793 ἀνθρώπου
3039 4725 3391 4795 κατασκευῆς
3441 4725 3626 4796 χεῖρες
3675 4723 3750 4778 τὰ

2162 4814 2318 4869 κῶλα
2349 4813 2603 4881 ἐγένοντο
2623 4829 2639 4845 ·
2686 4811 2765 4884 τῷ
2795 4813 2905 4884 γὰρ
2943 4814 3117 4886 ὀρθίῳ
3160 4814 3258 4869 τοῦ
3289 4815 3578 4887 σχήματος
3623 4814 3751 4870 αὕτ-

2161 4907 2400 4977 αρκεςη
2451 4901 2521 4978 ἦν
2559 4906 2698 4979 πρὸς
2752 4906 2853 4978 τήν
2901 4906 3117 4980 χρείαν.
3170 4908 3270 4977 μία
3328 4906 3486 4979 βάσις
3537 4908 3751 4971 διπλοῖς

2164 4999 2325 5052 ποσὶν
2347 4998 2407 5051 ὲν
2430 4998 2706 5070 ἀσφαλείᾳ
2727 4999 2828 5071 τὴν
2876 4997 3036 5071 βάσιν
3078 5000 3386 5070 ὲρείδουσα.
3448 5000 3613 5055 Ἀλλὰ
3651 5002 3751 5055 καὶ

2161 5093 2229 5161 τῇ
2274 5088 2368 5144 τοῦ
2400 5090 2562 5160 λόγου
2598 5090 2760 5164 χρείᾳ
2808 5091 3073 5162 συνεργός
3120 5094 3335 5163 ὲστινή
3384 5092 3495 5146 τῶν
3547 5091 3750 5165 χειρῶν

2164 5183 2440 5253 ὑπουργία
2470 5198 2485 5213 ⁸
2515 5182 2610 5237 καί
2654 5198 2740 5246 τις
2795 5181 2928 5237 ῐδιον
2960 5181 3062 5250 τῆς
3122 5182 3353 5253 λογικῆς
3402 5182 3618 5252 φύσεως
3645 5182 3752 5253 τὴν

2162 5273 2273 5326 τῶν
2326 5273 2530 5345 χειρῶν
2572 5274 2884 5346 ὑπηρεσίαν
2917 5271 3235 5341 εἰπὼν,ὀὺ
3286 5274 3385 5329 τοῦ
3439 5256 3748 5346 πρέποντος

2160 5365 2476 5436 ἁμαρτήσει
2503 5366 2571 5418 ’³.
2614 5385 2633 5417 ι
2672 5366 2747 5418 Οὐ
2779 5367 2944 5437 μόνον
2967 5365 3106 5437 πρὸς
3134 5366 3196 5419 τὸ
3221 5367 3401 5420 κοινὸν
3444 5364 3609 5419 τόὖτο
3650 5366 3749 5418 καὶ

2161 5459 2455 5531 πρόχειρον
2502 5460 2827 5532 ἀποτρέχων
2877 5464 2944 5532 τῇ
2992 5461 3207 5534 διανοίᾳ
3237 5477 3253 5495 ο
3305 5464 3389 5516 ὅτι
3451 5463 3747 5534 γράμμασι

2161 5551 2254 5604 τὸν
2287 5550 2445 5620 λόγον
2481 5551 2569 5607 διὰ
2611 5554 2710 5623 τῆς
2754 5554 2864 5608 τῶν
2898 5554 3098 5625 χειρῶν
3131 5555 3366 5625 εὐφυΐας
3417 5554 3746 5627 ἐνσημαινό-

537 5741 561 5780 ⁹
595 5746 727 5802 ha'c.
764 5764 870 5832 an}.
896 5749 957 5804 Β.
1027 5755 1324 5832 εαπαρατίλ,
1361 5755 1535 5832 πᾲντα
1568 5755 1625 5808 Β.
1697 5754 1822 5832 ’ζδιδ
1848 5757 1943 5832 τεαὶ
1981 5755 2052 5825 δίε,

2158 5757 2361 5832 τοι-και
2390 5757 2566 5810 ταῦτα
2594 5758 2693 5832 μέν
2725 5758 2899 5824 οὕτως
2928 5759 2986 5813 P.
3016 5770 3197 5826 textu;
3232 5770 3354 5816 etet.
3388 5761 3440 5816 in
3463 5777 3637 5832 marg.
3661 5760 3744 5832 lg.

475 5827 746 5916 ﬁniatur.”
770 5818 792 5849 ⁸
819 5819 1039 5916 ἕρκεσιν
1066 5824 1124 5876 Β.
1160 5818 1329 5916 ἾῃῚὶᾲ
1362 5826 1466 5916 es";
1491 5857 1556 5910 .—
1594 5824 1925 5916 σκεψξξμεθα
1955 5818 2052 5883 our

2172 5829 2261 5897 qui
2294 5828 2404 5900 γάρ
2434 5839 2560 5886 ante
2594 5818 2792 5896 ἄλλους
2817 5818 2979 5887 etiam
3013 5846 3124 5888 om.
3187 5818 3248 5864 ’¹⁹
3271 5833 3402 5904 περὶ⁹
3446 5831 3558 5887 τῶν
3584 5818 3652 5905 ξι.
3677 5830 3762 5907 Β..

543 5886 678 5949 τέως
709 5889 767 5942 Β.
844 5886 1187 5964 ίίαῠτάρκης
1209 5895 1248 5946 Β
1281 5886 1373 5950 (ἐξ
1425 5898 1466 5928 ¹³
1488 5886 1797 5951 Enniam-Bt
