4138 6514
462 401 624 458 ’1247
654 410 657 413 ’
1761 403 2044 464 MELETII

2180 405 2399 464 ιΝΑΟΙΙΙ
3622 421 3772 475 ιειε

480 531 627 585 uictu
661 528 761 599 (ὁ).
785 525 904 583 Non
936 528 1082 583 enim
1124 531 1405 600 prophetae
1440 528 1508 583 tle
1540 528 1645 595 his,
1671 530 1766 596 qui
1797 530 2075 599 qumreudi

2182 528 2478 600 ἐνεργειῶν
2508 528 2565 583 αἱ
2595 531 2776 601 χεῖρες
2814 530 3240 587 ἁποτελεστικαί
3260 551 3275 568 ·
3302 533 3378 600 ὡς
3405 535 3473 591 ἂν
3504 533 3600 593 ciu
3642 544 3771 617 κινῇ

476 620 728 677 alimenti
770 620 971 691 gratia,
1001 620 1086 674 vel
1118 618 1488 690 consequendi
1528 619 1583 674 in
1639 619 1890 689 pluribus
1915 634 2073 675 emo-

2180 621 2241 675 τδ
2275 622 2572 694 κατάρχον,
2605 621 2749 677 οὕτω
2771 626 3009 679 κινεῖται
3030 627 3128 680 καὶ
3156 627 3220 681 τὸ
3248 629 3531 700 ἐνεργοῦν.
3568 651 3588 686 ι

481 716 734 783 lumenti,
766 732 966 772 manus
1004 725 1283 781 exercent,
1312 715 1406 771 sed
1438 714 1506 769 de
1541 714 1729 786 inique
1761 715 2073 785 agentibus,
2111 730 2174 769 ca
2221 734 2345 787 quzu
2393 718 2686 774 retulimus
2735 720 3010 789 iunuuut;
3056 733 3392 795 quapropter
3449 727 3653 782 mentis
3682 742 3772 783 ac-

482 811 664 866 tiones
709 823 807 878 per
866 824 1060 863 manus
1099 809 1245 878 ipsa:
1289 806 1688 877 exprimuntur.
1739 806 1950 877 Itaque,
2002 807 2069 862 ad
2104 809 2355 881 principii
2413 825 2621 866 metunt
2670 819 2724 866 et
2781 813 3139 869 instrumenta
3195 817 3460 890 subsequi
3519 835 3775 877 necessa-

481 902 630 957 rium
669 907 774 954 est.

554 999 746 1053 Manus
799 1004 980 1050 autem
1046 993 1115 1048 ab
1182 993 1317 1063 ipsis
1377 994 1558 1063 χεῖρες
1617 991 1725 1045 ἀπὸ
1773 992 1872 1062 τῆς
1934 990 2071 1062 χρή-

483 1109 645 1156 σεως,
701 1089 769 1145 ab
827 1088 949 1143 utili
1008 1087 1261 1141 videlicet
1300 1101 1402 1141 usu
1460 1086 1909 1148 denominantur,
1960 1084 2071 1135 ώσ-

483 1185 603 1238 avsi.
655 1183 835 1252 χρεῖαι
891 1175 1069 1245 οὖσαι,
1121 1179 1283 1250 quasi
1325 1178 1519 1233 usibus
1562 1176 1887 1232 necessaria
1939 1176 2071 1241 sint,

482 1274 631 1328 nulla
663 1273 809 1326 enim
859 1287 952 1327 ars
990 1271 1176 1342 perﬁci
1224 1272 1435 1341 absque
1472 1270 1732 1325 manibus
1770 1276 1972 1340 potest,
2015 1277 2074 1322 ut

487 1373 573 1419 est
600 1364 741 1433 apud
776 1360 1071 1417 Homerum
1101 1362 1292 1432 116:

554 1473 792 1529 Desectis
844 1472 1090 1525 omnibus
1117 1481 1337 1541 pereunt
1376 1486 1579 1542 quoque
1608 1467 1855 1523 Palladis
1888 1476 2031 1522 artes
2059 1484 2078 1532 ;

482 1591 597 1648 sive
614 1594 803 1664 χεῖρας
827 1588 953 1642 inde
983 1588 1158 1641 dictas
1182 1586 1392 1652 volunt,
1423 1585 1575 1657 παρὰ
1598 1583 1656 1637 τὸ
1682 1584 1811 1655 ῥᾷον
1835 1581 2075 1653 χεῖσθαι,

478 1683 629 1753 quod
659 1697 739 1735 res
763 1678 922 1749 facile
946 1686 1129 1748 agunt,
1153 1676 1236 1730 vel
1258 1676 1327 1729 ab
1351 1676 1485 1745 ἴσχω
1500 1673 1562 1727 τὸ
1576 1672 1782 1744 κρατῶ,
1814 1670 1959 1741 quod
1981 1686 2075 1723 ca-

480 1776 570 1847 pio
594 1773 857 1828 ucretineo
876 1769 1163 1839 facit,quia
1182 1770 1248 1822 ad
1267 1784 1353 1822 res
1370 1764 1733 1823 continendas
1750 1777 1936 1817 earum
1963 1761 2078 1816 olli-

2251 986 2458 1055 Xst'pec
2504 981 2601 1041 οῦν
2646 988 2755 1042 ἀπὸ
2793 990 2893 1061 τῆς
2948 994 3204 1065 χρήσεως
3249 996 3523 1066 λέγονται,
3567 1003 3772 1063 ὡσανεὶ

2180 1083 2363 1175 χρεῖαι
2389 1078 2549 1135 οὖσαι
2573 1100 2594 1175 ί·
2627 1083 2856 1155 οὐδεμία
2894 1088 3068 1159 γὰρ”
3099 1090 3263 1162 τέχνη
3296 1097 3601 1164 προκόπτει
3647 1101 3775 1175 δίχα

2178 1172 2381 1245 χειρῶν
2402 1187 2419 1203 ⁸
2452 1174 2636 1240 καθὼς
2668 1178 2763 1229 καὶ
2778 1177 2823 1209 ³³
2841 1179 2870 1231 6
2899 1181 3129 1252 ποιητής
3160 1200 3325 1253 φησιν
3345 1186 3393 1217 ³⁵
3416 1201 3433 1220 ο

2248 1454 2471 1525 Χειρῶν
2490 1457 2848 1529 ὀλλυμένων
2877 1460 3034 1532 ἕρρει
3063 1466 3405 1538 πολὺεργος
3436 1471 3657 1544 Ἀθήνη
3679 1494 3697 1510 ο

2178 1569 2357 1641 ἢχεὶρ
2404 1571 2558 1644 παρά
2597 1574 2661 1627 τὸ
2710 1576 2847 1647 ῥᾷον
2878 1577 3095 1648 χεῖσθαι
3122 1596 3137 1610 ·
3173 1581 3206 1653 ἢ
3249 1584 3402 1656 παρὰ
3429 1588 3491 1640 τὸ
3530 1588 3665 1660 ἴσχω
3710 1593 3775 1646 τὸ

2181 1662 2375 1736 κρατῶ
2405 1663 2450 1696 ³⁵
2477 1679 2491 1694 ο
2533 1667 2563 1737 ἡ
2615 1667 2923 1740 ἱπιτήδειος
2964 1670 3102 1742 πρὸς
3148 1672 3211 1727 τὸ
3270 1680 3499 1748 κρατεῖν
3525 1693 3539 1708 ⁸
3592 1680 3626 1752 ἢ
3659 1682 3774 1736 ἀπὸ

2181 1753 2278 1808 τοῦ
2328 1754 2542 1828 διιστᾷν
2596 1758 2724 1820 τοὺς
2752 1758 3054 1826 δακτύλους
3103 1764 3199 1817 καὶ
3239 1764 3447 1837 διαχεῖν
3474 1787 3486 1802 -
3520 1771 3776 1839 λέγονται

484 1850 573 1920 ciu
599 1885 628 1918 u
667 1864 928 1918 idoneum
979 1861 1210 1915 habetur
1254 1878 1268 1915 :
1298 1859 1413 1914 sive
1440 1858 1548 1911 ἀπὸ
1577 1857 1672 1912 τοῦ
1707 1858 1913 1928 διαχεῖν
1946 1857 2074 1921 τοὺς

2180 1850 2272 1902 καὶ
2301 1847 2543 1915 ὼλέναι,
2609 1851 2833 1904 ἀπὸτοῦ
2866 1852 2934 1905 δι’
2984 1855 3163 1909 αὐτῶν
3206 1858 3487 1914 εἰλοῦσοαι
3540 1863 3643 1927 τὰς
3668 1865 3775 1919 τά-

483 1956 805 2021 δακτύλους,
838 1954 985 2025 quod
1022 1953 1277 2009 videlicet
1325 1950 1617 2021 digitorum
1677 1956 1806 2003 ordo
1843 1949 2072 2030 diffusus

483 2052 705 2105 invicem
730 2048 907 2103 distet.
946 2045 1115 2101 Ulnas
1160 2055 1340 2099 autem
1370 2060 1505 2114 quas
1529 2043 1605 2098 illi
1635 2042 1836 2106 ὠλένας
1860 2041 2070 2107 dicunt,

482 2145 610 2198 inde
665 2141 917 2196 videlicet
965 2140 1142 2195 dictas
1194 2137 1405 2197 volunt,
1460 2135 1569 2188 ἀπὸ
1616 2133 1711 2189 τοῦ
1776 2134 1842 2187 δι’
1889 2132 2073 2186 αὐτῶν

480 2234 756 2289 είλοῦσθαι
809 2232 909 2295 τὰς
960 2230 1174 2294 τάξεις,
1229 2229 1263 2299 ἦ
1330 2227 1703 2300 πληροῦσθαι,
1768 2225 1913 2296 quod
1974 2226 2072 2279 vi-

481 2329 680 2383 delicet
774 2325 902 2395 ipsis
971 2339 1129 2394 opera
1206 2334 1533 2392 peraguntur
1608 2319 2073 2389 perﬁciunturque.

482 2420 742 2490 Quadam
783 2427 962 2473 autem
1023 2430 1218 2469 manus
1270 2429 1397 2484 pars
1446 2411 1772 2477 brachium,
1824 2413 2072 2481 quaedam

481 2512 718 2575 cubitus,
772 2507 875 2562 alia
928 2520 1058 2560 vero
1095 2504 1240 2571 vola,
1282 2503 1385 2557 alia
1425 2502 1652 2557 dorsum
1705 2515 1926 2566 manus,
1966 2500 2073 2553 alia

481 2602 662 2673 palma
692 2606 1065 2670 nuncupatur,
1097 2612 1127 2651 a
1153 2611 1261 2666 qua
1292 2595 1595 2666 digitorum
1638 2607 1935 2663 processus
1968 2602 2072 2646 est.

482 2693 551 2748 Et
624 2689 910 2746 brachium
984 2687 1205 2757 quidem
1267 2685 1413 2755 quod
1466 2684 1541 2739 illi
1594 2682 1857 2755 βραχίων,
1913 2683 2073 2752 quasi

483 2781 820 2855 βραχυκίων,
845 2779 992 2851 quod
1027 2779 1228 2832 brerrm
1260 2777 1720 2847 interpretarcris,
1741 2775 1945 2829 dictum
1980 2790 2081 2828 vo-

481 2880 636 2943 lunt;
671 2892 796 2930 nam
835 2872 1045 2928 brachii
1069 2887 1133 2926 os
1167 2870 1394 2925 femoris
1429 2885 1554 2925 osse
1582 2868 1804 2923 brevius
1827 2866 2075 2921 habetur.

2184 1940 2291 2005 ξει;
2316 1940 2362 1973 ³⁸
2394 1956 2409 1971 °
2444 1940 2705 1997 Τουτέστι
2754 1944 3114 2018 πληροῦσθαι.
3168 1949 3280 2021 Τῆς
3321 1948 3417 2006 οὖν
3464 1954 3652 2026 χειρὸς
3707 1958 3774 2011 τὸ

2184 2033 2283 2101 μὲν
2299 2034 2577 2104 βραχίων
2600 2036 2875 2106 καλεῖται,
2904 2039 2966 2092 τὸ
2990 2040 3049 2093 δὲ
3075 2040 3282 2112 πῆχυς
3307 2062 3322 2076 ο
3352 2046 3415 2099 τὸ
3432 2047 3489 2100 δὲ
3517 2050 3773 2117 καρπὸς.

2179 2125 2238 2177 τὸ
2271 2124 2372 2197 [δὲ]
2420 2128 2856 2198 μετακάρπιον,
2890 2131 2952 2185 τὸ
3002 2133 3060 2188 δὲ
3099 2139 3396 2208 παλάμῃ·
3447 2141 3543 2210 ἀφ’
3592 2137 3664 2215 ἦς
3717 2145 3772 2196 oi

2177 2215 2491 2275 δάκτυλοι.
2539 2223 2649 2277 Καὶ
2697 2223 2972 2293 βραχίων
3024 2228 3144 2299 μὲν,
3207 2224 3321 2284 οἷον
3370 2234 3773 2304 ,ϐραχυκίωνο

2184 2310 2527 2383 βραχύτερον
2559 2315 2670 2387 γάρ
2721 2318 2840 2371 ἐστι
2879 2318 2974 2373 τοῦ
3030 2323 3234 2393 μηροῦ,
3300 2324 3362 2378 τὸ
3416 2327 3612 2383 ὀστοῦν
3675 2329 3776 2384 τοῦ

2182 2400 2470 2473 βραχίονος
2508 2420 2521 2435 ⁸
2550 2405 2907 2481 διαρθροῦται
2930 2411 3040 2483 γάρ
3071 2413 3193 2468 κατ’
3220 2414 3390 2485 άμςω
3418 2418 3487 2472 τὰ
3518 2419 3774 2493 πέραταο

2184 2497 2278 2550 καὶ
2309 2496 2453 2551 κατὰ
2485 2499 2583 2570 μὲν
2608 2500 2700 2555 τὸν
2720 2495 2894 2573 ὦμον,
2927 2505 3186 2573 ἐπίφυσιν
3213 2506 3328 2578 ἔχει
3375 2511 3475 2580 τῆς
3522 2514 3777 2585 κεφαλῆς

2181 2591 2540 2663 εὐμεγέθους.
2571 2597 2644 2649 Τὸ
2669 2596 2726 2649 δὲ
2757 2597 2908 2653 κάτω
2931 2600 3104 2672 πέρας
3141 2602 3332 2669 αὐτοῦ,
3365 2608 3443 2669 εἰς
3474 2607 3778 2675 κονδύλους

2176 2685 2398 2751 ἀνίσους
2422 2688 2658 2761 τελευτᾷ
2678 2706 2693 2722 ο
2719 2693 2817 2746 καὶ
2851 2692 2987 2764 πρὸς
3022 2695 3124 2765 μὲν
3148 2695 3243 2750 τὸν
3286 2696 3391 2763 ἔξω
3420 2699 3697 2767 κόνδυλον,
3733 2704 3769 2773 ὴ

2178 2779 2279 2847 τῆς
2328 2780 2583 2850 κερκίδος
2644 2784 2860 2857 κεφαλὴ
2915 2786 3325 2858 ἁρθροῦταιη·
3377 2791 3515 2863 πρὸς
3564 2792 3623 2846 δὲ
3676 2794 3775 2847 τὸν

2181 2869 2351 2934 ἔνδον,
2384 2873 2560 2929 οὐδέν.

480 2975 662 3043 Ipsum
699 2985 938 3039 namque
967 2966 1176 3022 brachii
1212 2981 1274 3022 os
1330 2966 1588 3036 utrinque
1615 2963 2071 3019 dearticulatione
2134 2964 2510 3039 coniungitur,
2578 2972 2672 3027 sed
2746 2988 2854 3043 qua
2930 2975 2999 3031 ad
3071 2976 3332 3035 humeros
3417 2979 3643 3048 accedit,
3713 2981 3772 3035 in

482 3074 647 3135 caput
708 3063 908 3117 adnata
949 3060 1270 3131 appendice,
1351 3059 1645 3114 moderatae
1702 3057 2099 3127 magnitudinis
2171 3063 2460 3119 excrescit.
2539 3063 2691 3121 Finis
2742 3078 2923 3123 autem
3022 3071 3145 3141 ejus
3226 3073 3453 3129 inferior
3525 3075 3577 3129 in
3660 3075 3777 3128 im-

483 3176 642 3234 pares
707 3158 882 3213 ﬂexus
942 3157 1161 3225 desinit,
1199 3165 1253 3212 et
1314 3172 1418 3226 qua
1476 3155 1716 3211 exterior
1768 3153 1941 3210 ﬂexus
1995 3163 2079 3208 est
2120 3158 2264 3214 ossis
2329 3159 2553 3217 radialis
2605 3172 2768 3233 caput
2840 3166 3171 3236 conseritur,
3214 3183 3323 3240 qua
3366 3184 3497 3224 vero
3542 3169 3776 3223 interior

483 3254 709 3309 omnino
745 3251 900 3306 nihil.

555 3342 653 3397 Est
686 3354 868 3397 autem
926 3341 978 3396 in
1027 3339 1275 3395 interiori
1322 3333 1690 3395 brachii’line
1738 3338 2074 3413 concavitas,

2250 3339 2518 3413 Κοιλότης
2538 3340 2595 3394 δέ
2628 3342 2778 3396 ἐστιν
2816 3343 2873 3396 ὲν
2900 3342 2979 3415 τῷ
3004 3344 3157 3400 κάτω
3182 3345 3226 3379 ³⁸
3260 3345 3459 3418 πέρατι
3502 3348 3598 3403 τοῦ
3634 3351 3773 3425 βρα-

483 3452 607 3507 quae
654 3436 873 3490 trocleze
941 3432 1301 3487 similitudine
1359 3431 1684 3502 respondet,
1722 3431 1867 3486 circa
1909 3446 2073 3501 quam

484 3529 704 3585 cubitus
746 3534 1017 3593 moretur,
1062 3535 1117 3580 et
1170 3526 1318 3580 intus
1370 3524 1425 3578 in
1482 3525 1637 3595 ipsa,
1692 3524 1824 3578 illud
1879 3539 2075 3578 cavum

484 3622 701 3676 visitur.
760 3618 884 3673 Haec
938 3618 1205 3689 siquidem
1270 3632 1401 3671 cava
1461 3615 1631 3672 cubili
1694 3628 1887 3671 acutos
1948 3631 2078 3686 pro-

486 3712 701 3776 cessus,
758 3728 897 3783 quos
958 3726 1190 3766 corones
1248 3723 1587 3781 nuncupant,
1642 3710 1969 3780 suscipiunt.
2013 3708 2079 3763 Et

485 3823 610 3862 cum
635 3806 854 3862 cubitus
883 3803 949 3857 ad
982 3804 1245 3858 interiora
1279 3803 1539 3870 ﬂectitur,
1578 3804 1825 3859 anterius
1856 3819 2075 3872 cavum,

484 3899 815 3953 anteriorem
843 3909 1144 3962 coronem;
1190 3909 1299 3965 pra:
1350 3895 1519 3949 cubiti
1563 3911 1694 3949 vero
1733 3895 2075 3961 extensione,

487 3989 621 4044 illud
678 3980 823 4058 quod
884 3988 1126 4042 exterius
1165 3995 1271 4048 est,
1330 3987 1659 4041 exteriorem
1711 3986 1979 4042 desumit.
2010 3988 2080 4042 At

485 4081 694 4137 brachii
732 4090 893 4151 caput
931 4073 1069 4136 cum-
1100 4078 1396 4133 humeralis
1438 4079 1583 4135 ossis
1629 4095 1763 4135 cavo
1815 4080 2081 4136 deat-ticu-

485 4172 644 4227 latur.
683 4170 992 4227 llumeralis
1028 4172 1172 4226 ossis
1204 4185 1514 4240 processus,
1548 4171 1641 4241 qui
1669 4171 1922 4227 anchorae
1968 4170 2079 4225 for-

487 4278 634 4318 mam
681 4262 914 4326 obtinet,
971 4261 1200 4316 humero
1249 4259 1351 4329 ipsi
1416 4261 1679 4332 assurgit,
1746 4261 1875 4317 huic
1946 4276 2076 4316 vero

486 4356 793 4421 musculus,
824 4356 916 4425 qui
961 4355 1147 4425 biceps
1172 4365 1523 4425 nunrupatur
1570 4355 1863 4419 accumbit,
1899 4370 1928 4408 a
1968 4369 2077 4424 quo

487 4449 641 4505 nervi
682 4449 747 4503 ad
780 4445 994 4501 humeri
1036 4447 1340 4513 cacumina,
1372 4456 1425 4502 et
1457 4463 1565 4518 qua
1591 4447 1857 4503 clavicula
1879 4447 2079 4500 dearli-

488 4544 731 4606 culatur,
820 4538 1188 4610 praetendunt.
1267 4539 1344 4594 Ex
1420 4541 1697 4594 anteriore
1788 4538 2078 4606 utriusque

490 4632 705 4687 humeri
759 4632 1049 4687 cacumine
1104 4630 1257 4686 nervi
1311 4640 1461 4693 sunt,
1511 4629 1604 4700 qui
1663 4629 1931 4683 tentiones
1982 4644 2077 4697 ap-

2178 3431 2356 3501 χίονος
2387 3432 2646 3504 τροχιλίῳ
2659 3435 2702 3467 ³³
2728 3434 2942 3490 ἐοικυῖα
2961 3450 2976 3465 °
3002 3437 3130 3508 περὶ
3157 3436 3225 3509 ἢν
3251 3440 3280 3492 6
3309 3439 3487 3509 πῆχυς
3511 3445 3755 3508 κινεῖται,

2179 3522 2274 3577 καὶ
2297 3523 2449 3577 ἔνδον
2476 3524 2642 3578 αὐτοῦ
2693 3525 2827 3595 άλλη
2848 3526 2915 3580 ⁸ο.
2976 3526 3368 3599 Ὑποδέχονται
3419 3531 3477 3585 δὲ
3517 3527 3682 3589 αῦται
3709 3537 3760 3589 αἱ

2178 3616 2493 3688 κοιλότητες
2523 3619 2624 3681 τὰς
2669 3620 2918 3689 κορώνας
2961 3620 3058 3674 τοῦ
3104 3623 3350 3693 πήχεως,
3393 3625 3452 3677 ἐν
3500 3626 3603 3696 μὲν
3645 3631 3769 3692 ταῖς

2179 3707 2289 3763 ἔσω
2316 3708 2617 3779 κάμψεσιν,
2658 3712 2691 3781 ἠ
2750 3712 2942 3780 πρόσω
2981 3713 3235 3784 κοιλότης
3280 3716 3381 3786 τὴν
3436 3719 3631 3789 πρόσω
3678 3738 3771 3774 zo-

2183 3800 2363 3872 ρώνην
2385 3819 2396 3831 ·
2426 3801 2571 3855 κατὰ
2601 3801 2658 3855 δὲ
2689 3801 2789 3866 τὰς
2828 3804 3105 3868 ἐκτάσεις,
3137 3806 3369 3877 ὴόπίσω
3392 3808 3495 3880 τὴν
3518 3809 3770 3865 ὄπισθεν.

2193 3894 2256 3947 Ἢ
2292 3894 2510 3965 κεφαλή
2538 3911 2598 3947 τε
2621 3894 2717 3948 τοῦ
2757 3894 3045 3967 βραχίονος
3067 3899 3207 3971 πρὸς
3239 3881 3340 3971 rip)
3367 3903 3469 3971 τῆς
3504 3901 3775 3972 ὠμοπλά-

2180 4002 2275 4038 του
2304 3984 2975 4062 διαρθροῦταικοιλότητα
3010 4006 3025 4022 ⁸
3063 3993 3476 4067 ὑπερανέστηκε
3506 3996 3565 4050 δὲ
3613 3998 3774 4070 αὐτῷ

2179 4075 2258 4147 τῷ
2288 4075 2427 4148 ὤμῳ
2463 4079 2497 4149 ἡ
2531 4079 2897 4152 ἀγκυροειδὴς
2924 4083 3026 4152 τῆς
3062 4084 3401 4155 ὠμοπλάτου
3455 4087 3771 4160 ἀπόφυσις’

2182 4162 2522 4242 ᾖὲπίκειται
2573 4170 2680 4242 μῦς
2731 4173 2761 4225 6
2821 4172 3121 4245 λεγόμενος
3167 4175 3501 4247 δικέφαλος
3529 4195 3544 4211 ⁸
3606 4181 3771 4235 xui.“

2181 4259 2327 4314 κατά
2346 4276 2404 4313 τε
2425 4260 2488 4313 τὸ
2507 4261 2797 4333 άκρὼμιον
2831 4264 2928 4318 καὶ
2957 4265 3058 4337 τὴν
3115 4266 3454 4340 διάρθρωσιν
3478 4270 3575 4326 τοῦ
3615 4272 3777 4325 κλει-

2178 4352 2288 4419 δὸς,
2307 4352 2475 4423 νεῦρα
2492 4355 2794 4409 ἀποτείνων
2834 4359 2957 4412 κατ’
2990 4359 3303 4432 ἔμπροσθεν
3324 4362 3438 4417 τῶν
3465 4363 3557 4418 δύο
3590 4365 3780 4437 ἀκρω-

2184 4447 2347 4517 μίων,
2400 4447 2692 4527 τένοντας
2747 4451 3222 4522 ὀνομαζομένους,
3291 4456 3781 4524 ἀναϐαστάζοντας

2184 4539 2279 4593 καὶ
2308 4540 2472 4594 αὑτὸν
2499 4541 2592 4594 τὸν
2627 4541 2909 4613 βραχίονα.
2946 4545 3072 4598 Εἰσὶ
3097 4546 3152 4598 δὲ
3184 4547 3283 4601 καὶ
3329 4547 3485 4603 ἄλλοι
3522 4550 3780 4615 τένοντες

2182 4630 2247 4681 ἐκ
2283 4629 2435 4699 μυῶν
2457 4632 2720 4687 ὑποκάτω
2749 4633 2843 4686 τοῦ
2877 4632 3031 4707 ὤμου
3055 4651 3070 4666 ο
3120 4638 3178 4689 ὲν
3203 4631 3247 4706 ᾧ
3271 4641 3424 4711 τόπῳ
3451 4642 3484 4711 ἡ
3514 4641 3775 4713 μασχάλῃ

489 4724 788 4794 pellantur,
823 4740 853 4777 a
880 4724 1083 4794 quibus
1115 4731 1226 4776 tota
1259 4721 1469 4775 humeri
1510 4720 1682 4774 moles
1713 4728 2071 4774 sustentatur.

2180 4724 2328 4777 ἐστίν
2349 4740 2362 4753 ·
2397 4726 2425 4777 ὁ
2456 4725 2556 4794 μὲν
2587 4721 2669 4789 εἷς
2697 4730 2763 4781 ὲκ
2790 4727 2887 4781 τοῦ
2922 4730 3171 4800 στέρνου,
3196 4732 3225 4783 6
3247 4731 3303 4785 δὲ
3333 4732 3524 4805 ἕτερος
3569 4736 3635 4788 ὲκ
3658 4712 3776 4789 τῶν

492 4814 633 4869 Sunt
661 4822 715 4869 et
752 4816 841 4868 alii
879 4816 988 4869 duo
1020 4812 1164 4868 tendi
1193 4813 1295 4867 sth
1338 4811 1495 4881 117
1537 4811 1765 4865 humero
1823 4811 1932 4865 illic
1976 4827 2078 4881 po-

489 4908 602 4974 siti,
635 4908 727 4963 ubi
759 4907 843 4962 ala
875 4907 1042 4962 silum
1076 4904 1305 4970 obtinet,
1335 4919 1399 4957 ex
1435 4903 1704 4958 musculis
1737 4905 2082 4959 constitutin-

491 5013 614 5052 nem
647 4998 942 5064 habentes;
969 5010 1204 5065 quorum
1241 4996 1471 5047 alterum
1510 5008 1539 5047 a
1571 5005 1810 5064 pectore,
1846 4996 2077 5049 alterum

492 5106 624 5146 vero
676 5106 707 5144 a
739 5099 892 5160 parte
941 5087 1253 5159 posteriori,
1299 5098 1329 5140 a
1361 5088 1600 5143 brachiis
1632 5089 1787 5159 ipsis,
1824 5090 1892 5145 ad
1925 5092 2081 5147 ulnas

492 5199 670 5253 usque
733 5192 931 5236 natura
980 5180 1277 5251 explicuit,
1323 5181 1415 5251 qui
1475 5180 1766 5248 manibus,
1823 5194 1881 5237 ut
1911 5200 2083 5253 quor-

492 5273 753 5329 sumlibct
796 5269 1043 5327 converti
1095 5276 1328 5340 queant,
1372 5271 1456 5325 sui
1512 5269 1749 5325 otlicium
1799 5273 2081 5327 exhibent.

491 5372 646 5424 Alam
694 5383 846 5434 vero,
893 5382 1058 5439 quam
1100 5366 1176 5421 illi
1237 5366 1522 5439 μασχάλην
1571 5376 1907 5438 nuncupant,
1965 5368 2088 5424 inde

564 5509 639 5580 (b)
667 5509 779 5564 Jer.
813 5526 940 5575 xxv,
972 5510 1057 5564 14.

2179 4815 2405 4869 ὄπισθεν
2463 4818 2599 4890 πρὸς
2648 4818 2740 4872 τὸν
2791 4820 3075 4891 βραχίονα,
3132 4824 3539 4897 ὲφαπλούμενοι
3604 4826 3776 4899 μέχρι

2179 4907 2464 4977 άγκῶνος’
2505 4906 2689 4975 πάσας
2713 4911 2812 4977 τὰς
2855 4913 2956 4984 τῆς
2986 4915 3171 4987 χειρὸς
3205 4917 3537 4989 εὐστροφίας
3590 4920 3776 4991 άπερ-

2177 5002 2497 5073 γαζόμενοι.
2550 5004 2617 5058 'H
2674 5004 2770 5059 οὖν
2807 5008 3104 5091 μασχάλῃ
3159 5011 3574 5081 ὲτυμολογεῖται
3617 5013 3777 5084 παρὰ

2177 5093 2239 5146 τὸ
2272 5093 2393 5147 λίαν
2420 5095 2675 5167 κατέχειν
2691 5097 2736 5129 δ’
2764 5098 2921 5151 ἅτινα
2957 5100 3025 5152 ἂν
3052 5102 3154 5171 σχῇ
3183 5117 3198 5131 ο
3236 5102 3270 5171 ἢ
3309 5103 3419 5156 άπὸ
3452 5102 3547 5156 τοῦ
3600 5119 3776 5173 κεχαο

2177 5186 2473 5253 λᾶσοαιείς
2506 5190 2712 5258 μαστόν
2738 5207 2757 5225 ο
2784 5191 2817 5262 ἦ
2843 5193 2924 5254 εἰς
2958 5192 3025 5262 ἢν
3045 5192 3279 5263 χαλᾶται
3305 5195 3335 5247 6
3370 5194 3475 5265 μῦς
3501 5211 3517 5226 ο
3551 5194 3585 5263 ἢ
3617 5196 3778 5266 παρὰ

2179 5281 2240 5334 τδ
2270 5281 2630 5353 μαστεύεινυ
2674 5301 2731 5337 τι
2789 5286 2885 5338 ὑπ’
2932 5287 3105 5356 αὐτήν
3130 5286 3215 5324 ⁸⁸·
3262 5288 3471 5360 ἐπειδὴ,
3502 5287 3777 5359 ἀφαιρού-

2187 5373 2340 5442 μενοι
2369 5390 2424 5427 τι
2479 5372 2540 5438 ἐξ
2571 5374 2750 5429 ἄλλων
2772 5376 2818 5408 ⁸⁵
2873 5376 3215 5447 κρύπτομεν.
3253 5374 3331 5432 Τὸ
3360 5379 3461 5450 μὲν
3499 5377 3593 5433 οὖν
3630 5376 3773 5449 βρα-

567 5667 613 5699 "
642 5666 784 5751 ὀὐδὲ
817 5668 925 5751 γάρ
945 5669 1061 5751 μία
1231 5667 1277 5751 ⁸ξ
1310 5668 1552 5751 καὶεριιι.
1584 5668 1664 5751 Β..
1724 5669 1771 5701 ³⁸
1802 5671 1969 5738 φησὶν
1997 5686 2076 5725 om

2180 5713 2209 5726 ..
2264 5675 2530 5751 animum
2595 5683 2766 5751 portu:
2834 5676 3049 5751 Homeri
3081 5678 3194 5751 lucc
3223 5688 3308 5751 est
3325 5677 3549 5751 citatio;
3576 5676 3636 5751 in
3661 5693 3771 5751 qua

495 5732 614 5820 kal.
631 5736 795 5820 ‘Vers.
817 5732 1370 5820 péxmvdcg.
1412 5739 1456 5771 "
1481 5738 1674 5820 κρατέρ’)
1690 5732 1894 5820 (νιοβε.
1939 5742 1983 5774 ³⁶
2015 5743 2246 5820 πράξεις
2264 5742 2305 5796 Β
2332 5732 2478 5820 P._""
2497 5732 2858 5820 5_t_otplipov3mt
2876 5746 2953 5820 Β.
2993 5747 3042 5820 δέ
3063 5732 3295 5820 meai}.
3334 5744 3380 5820 ν
3400 5732 3771 5820 τροχῖηλίῳᾞ.

496 5807 1093 5894 ζζκαιαρῖλρἱληηένδέ
1118 5807 1183 5894 [Ιξἒ
1198 5810 1253 5894 ξι
1285 5811 1380 5861 καὶ
1403 5807 1680 5894 (ξιιιζΒΡἒ
1716 5811 1771 5894 δ’.
1796 5828 1922 5894 κιατ.
1955 5807 2355 5894 κάλ’κρύπτειν
2390 5816 2451 5869 Β.
2493 5817 2567 5894 ’⁸³
2594 5807 2765 5894 pas}.
2802 5818 2921 5894 καὶ
2942 5818 3179 5890 κρύπειν
3214 5818 3273 5874 Ρ.
3328 5819 3375 5851 ⁸⁸
3403 5807 3535 5875 hinc.
3554 5807 3666 5875 om:
3703 5818 3773 5873 Β.

526 5870 545 5901 ⁸
574 5875 700 5947 παρ’
730 5875 906 5929 ἄλλων
935 5870 1004 5940 Β,
1035 5876 1096 5939 ἐξ
1128 5876 1306 5930 ἄλλων
1339 5878 1548 5948 κρύπτ.
1587 5880 1680 5934 ὑπ’
1713 5881 1885 5953 αὐτὴν
1914 5870 2179 5955 τιθέαμέν
2201 5886 2270 5941 τὰ
2298 5870 2653 5958 κλεπτόμενα
2674 5887 2738 5941 τὸ
2762 5886 2863 5958 μὲν
2887 5886 2948 5941 Ρ.
