4138 6458
379 396 522 454 ιειο
1638 391 1726 447 DE
1769 388 2058 447 NATURA
2096 390 2411 446 HOMINIS.
3552 386 3697 449 1250

381 536 558 592 χιονος
599 517 795 572 ὀστοῦν
831 516 981 572 ἔστιν
1013 516 1120 582 ἓως
1174 515 1449 587 ἀγκῶνος*
1506 516 1692 569 ἐκεῖσε
1740 514 1798 567 δὲ
1848 530 1986 584 συμ-

2109 512 2297 567 lietam
2325 512 2540 577 volunt,
2576 512 2724 583 quod
2754 528 2817 568 ea
2850 526 2975 584 qua:
3031 511 3295 577 continet,
3327 513 3462 571 satis
3499 516 3692 570 admo-

383 614 585 687 φύεται
616 614 716 669 καὶ
753 614 1168 686 συναρμόζεται
1210 613 1290 687 τῷ
1352 613 1557 686 πήχει·
1599 611 1680 684 τῷ
1721 610 1779 665 δὲ
1822 611 1989 681 πήχει

2109 602 2224 658 lum
2252 603 2531 660 recondita
2564 604 2633 657 ab
2661 619 2724 659 ea
2763 604 3037 660 forentur.
3068 604 3165 660 Vel
3193 605 3339 676 quod
3380 606 3435 661 in
3468 605 3699 677 papdlas

382 707 670 775 σύγκειται
712 709 747 780 ὴ
790 709 987 782 κερκὶς
1025 708 1239 764 ἄνωθεν
1294 708 1403 772 ἕως
1464 706 1620 761 κάτω
1670 704 1814 778 πρὸς
1860 699 1992 768 τοὺς

2109 703 2334 762 laxatur,
2384 696 2529 767 quod
2571 696 2647 752 illi
2729 698 2809 761 είς
2836 697 3079 768 μασθοὺς
3112 697 3449 769 κεχαλᾶσθαι
3484 700 3698 760 dicunt.

381 796 663 871 καρπούς.

2109 789 2192 846 ubi
2244 791 2532 846 musculus
2585 789 2676 846 ille
2723 790 3062 856 demittitur;
3115 791 3232 846 sive
3290 791 3400 846 ἀπὸ
3455 792 3552 845 τοῦ
3597 809 3701 863 μα-

383 888 598 944 στεύειν
630 908 684 944 τι
714 889 807 944 ὑπ’
840 890 1198 961 αὑτῆς,‹ιιιο(1
1223 903 1461 960 quaerere
1494 885 1701 958 aliquid
1744 884 1841 940 sub
1876 884 1997 954 ipsa

2109 884 2264 939 fceres
2303 900 2321 939 :
2353 885 2653 956 siquidem,
2688 900 2814 939 cum
2891 885 3287 941 abstulerimus
3315 886 3598 957 quidpiam
3633 887 3705 941 ab

383 984 594 1057 aliquo,
621 984 877 1040 occulere
912 985 1016 1039 sub
1067 985 1184 1056 ipsa
1228 983 1495 1040 solemus.
1529 980 1826 1037 Enimvero
1893 978 2105 1034 brachii
2160 995 2223 1035 os
2272 980 2337 1035 ad
2409 980 2594 1034 ulnam
2671 994 2848 1050 usque
2932 995 3104 1032 unum
3155 980 3425 1044 habetur,
3502 979 3703 1035 dehinc

381 1092 512 1134 cum
570 1077 761 1133 cubito
818 1077 1133 1148 copulatur,
1183 1092 1250 1133 ac
1302 1076 1472 1133 simul
1524 1074 1655 1131 coit.
1710 1072 1787 1129 0s
1830 1087 1984 1138 vero,
2047 1071 2197 1142 quod
2263 1072 2404 1127 radii
2450 1072 2682 1129 textoris
2731 1071 3149 1127 similitudinem
3205 1071 3488 1143 exprimit,
3534 1087 3564 1127 a
3599 1088 3698 1127 su-

390 1167 600 1237 periori
633 1176 811 1239 parte,
846 1169 913 1223 ad
946 1168 1121 1223 imum
1152 1183 1331 1237 usque
1373 1184 1483 1238 qua
1517 1165 2003 1237 palmaejungilur,
2043 1163 2234 1220 cubito
2265 1164 2527 1219 coluerat.
2836 1212 2841 1215 .

457 1259 678 1328 Πῆχυς
727 1258 784 1312 δὲ
820 1259 1037 1332 εἴρηται
1079 1258 1190 1313 ἀπὸ
1224 1257 1318 1313 τοῦ
1367 1258 1686 1332 πεπηγέναι
1737 1254 1899 1329 ἄκρῳ
1922 1254 2003 1327 τῷ

2175 1255 2408 1312 Cubitus
2470 1271 2619 1321 vero,
2662 1255 2756 1326 qui
2816 1255 2885 1310 ab
2927 1254 3008 1310 eis
3068 1255 3252 1326 πῆχυς
3316 1254 3542 1323 dicitur,
3595 1255 3706 1311 ἀπὸ

382 1353 670 1427 βραχίονι’
703 1353 799 1407 καὶ
836 1353 1043 1425 μείζων
1083 1353 1184 1425 μέν
1210 1354 1411 1408 ἐστινό
1445 1355 1627 1426 πῆχυς
1652 1352 1754 1423 τῆς
1802 1350 2000 1422 κερκί-
2101 1348 2199 1402 τοῦ
2262 1349 2571 1421 πεπηγέναι
2631 1349 2786 1421 ἄκρῳ
2838 1346 2916 1419 τῷ
2983 1346 3271 1420 βραχίονι,
3336 1346 3463 1403 inde
3521 1350 3709 1420 appel-

379 1446 496 1510 δος.
560 1444 882 1500 ’Υπόκειται
931 1446 991 1501 δὲ
1046 1449 1076 1501 ὁ
1108 1450 1294 1518 πῆχυς
1338 1446 1499 1519 αὐτῇ,
1557 1447 1653 1500 καὶ
1690 1445 1811 1517 ὀχεῖ
1863 1443 2003 1515 πρὸς

2109 1441 2281 1497 latum
2334 1443 2575 1509 diceres,
2624 1441 2773 1512 quod
2826 1450 3076 1497 extremo
3126 1441 3336 1496 brachii
3387 1452 3708 1513 compactns

382 1538 676 1612 ἐνέργειαν
699 1557 712 1570 ⁸
748 1539 825 1605 ὼς
861 1538 1005 1596 εἷναι
1034 1541 1134 1613 τὴν
1171 1542 1269 1612 μὲν
1296 1540 1340 1573 ⁸⁸
1380 1539 1612 1610 κερκίδα
1644 1539 1783 1610 πρὸς
1815 1539 1875 1593 τὸ
1905 1538 2000 1593 τοῦ

2111 1535 2203 1589 sit.
2255 1533 2321 1589 Et
2374 1533 2595 1590 cubitus
2639 1533 2894 1605 quidem,
2940 1531 3134 1588 radiali
3192 1546 3316 1588 Osse
3376 1533 3554 1603 major
3609 1533 3704 1589 ha-

381 1632 704 1707 ἀντίχειρος
739 1636 930 1708 μέρος,
968 1636 1060 1689 τὸν
1110 1635 1167 1690 δὲ
1194 1637 1374 1706 πῆχυν
1398 1634 1538 1706 πρὸς
1571 1632 1634 1687 τὸ
1666 1632 1762 1687 τοῦ
1795 1631 1996 1704 μικροῦ

2109 1627 2287 1694 betur,
2345 1626 2449 1682 sub
2499 1625 2618 1697 ipso
2693 1624 2837 1680 enim
2882 1623 3079 1679 radiaii
3121 1638 3268 1690 osse,
3327 1623 3548 1680 cubitus
3601 1633 3706 1690 εει,

381 1727 684 1783 δακτύλου.
716 1729 876 1798 Παρὰ
899 1729 957 1784 δὲ
990 1729 1051 1782 τὸ
1074 1729 1299 1802 κρέκειν
1322 1729 1388 1796 ⁸⁷,
1418 1729 1448 1783 ὃ
1471 1730 1622 1781 ἐστιν
1653 1728 1829 1798 ἠχεῖν,
1861 1742 1998 1796 κερ-

2109 1719 2190 1774 sic
2240 1729 2301 1774 ut
2333 1719 2443 1774 tale
2470 1732 2557 1785 os,
2622 1717 2855 1789 pnlicem
2902 1731 3100 1772 versus
3143 1716 3435 1786 dirigatur,
3487 1715 3708 1772 cubitus

384 1821 488 1887 κίς
514 1820 746 1893 ἐκλήθη.
778 1822 1060 1878 Συνδεῖται
1083 1821 1140 1875 δὲ
1170 1821 1292 1876 καθ’
1320 1822 1586 1893 ἑκάτερον
1608 1820 1718 1874 τῶν
1740 1820 1999 1893 περάτων

2109 1825 2237 1867 vero
2287 1809 2358 1866 ad
2418 1810 2787 1866 auricularem
2826 1808 3058 1881 digitum
3092 1809 3295 1863 tendat.
3325 1805 3441 1864 Hoc
3470 1824 3710 1879 namque

396 1917 427 1969 ὁ
460 1916 645 1987 πῆχυς
676 1918 743 1987 τῇ
777 1916 990 1988 κερκίδι
1041 1915 1364 1986 συνδέσμοις
1406 1916 1684 1987 ἰσχυροῖς·
1728 1914 1791 1968 τὸ
1839 1912 2003 1985 μέσον

2110 1906 2317 1963 radialc
2335 1922 2420 1972 os,
2441 1906 2657 1979 κερκίς,
2689 1906 2759 1961 ab
2784 1905 2998 1962 edendo
3020 1904 3276 1960 videlicet
3301 1904 3535 1976 crepitu,
3562 1921 3707 1959 nun-

384 2008 445 2064 δὲ
477 2010 627 2065 ἅπαν
669 2000 920 2083 ἀλλήλων
969 2009 1321 2081 διεστήκασι.
1352 2008 1560 2080 Κύκλῳ
1587 2008 1644 2062 δὲ
1672 2007 1883 2062 τούτων
1908 2006 1999 2061 τέ-

2111 2007 2344 2071 cupatur
2376 2014 2392 2050 :
2426 1997 2701 2071 siquidem
2759 1998 2931 2054 cubiti
2981 2011 3068 2064 os,
3136 2013 3263 2052 cum
3307 1997 3502 2052 radiali
3557 2011 3706 2061 osse,

386 2117 578 2166 νοντες
630 2102 902 2174 εὐμήκεις
963 2102 1104 2174 μετὰ
1166 2101 1396 2173 μυῶνω
1455 2101 1844 2173 ὲνειλημμένοι
1900 2099 2001 2173 τὴν

2111 2095 2363 2164 utrisque
2410 2092 2615 2149 ﬁnibus
2644 2093 3027 2164 terminisque,
3064 2091 3374 2163 ligamentis
3412 2091 3710 2146 admodum

389 2197 580 2268 χεῖρα,
616 2196 715 2265 τὴν
755 2196 1051 2269 κινητικὴν
1096 2194 1333 2268 δύναμιν
1363 2196 1463 2250 καλ⁵
1501 2196 1790 2269 ἐνέργειαν
1845 2196 2002 2248 ἐκτε-

2109 2187 2327 2255 validis,
2355 2187 2673 2259 colligatur,
2711 2185 3124 2256 intercapedine
3164 2200 3315 2251 vero,
3349 2199 3473 2255 quae
3498 2183 3566 2239 de
3596 2199 3714 2238 me-

387 2286 600 2354 λοῦσιν,
641 2288 706 2342 ὲκ
732 2288 916 2363 ψυχῆς
938 2289 1224 2361 δεχόμενοι
1252 2287 1354 2362 τὴν
1382 2290 1588 2362 ὁρμήν.
1620 2290 1856 2362 Εἴρηται
1889 2288 2002 2361 γὰρ

2109 2280 2202 2336 dio
2246 2288 2352 2347 εει,
2402 2279 2472 2334 ab
2524 2278 2759 2335 invicem
2792 2279 3013 2348 penitus
3052 2277 3281 2331 distant.
3315 2272 3485 2331 Temli
3527 2282 3715 2330 autem

391 2381 490 2435 xui.
514 2380 559 2414 δ’
595 2382 854 2446 κατόπιν,
881 2384 968 2438 ὅτι
1000 2383 1103 2436 ὅσα
1136 2382 1227 2436 διὰ
1259 2381 1472 2455 νεύρων
1505 2381 1605 2437 καὶ
1635 2381 1791 2453 μυῶν
1830 2383 2003 2435 κινεῖν

2109 2372 2395 2444 praelongi,
2433 2387 2560 2427 cum
2617 2370 2886 2426 musculis
2925 2370 3076 2425 circa
3108 2384 3235 2424 ossa
3284 2369 3399 2440 ipsa
3439 2366 3716 2422 orbicula-

388 2490 513 2539 ται,
569 2475 753 2530 πάντα
790 2475 1006 2547 ψυχικά
1038 2475 1099 2530 τέ
1133 2475 1277 2543 ὲστι,
1339 2475 1437 2529 καὶ
1471 2473 1615 2530 κατὰ
1670 2474 2001 2547 προαίρεσιν

2109 2467 2203 2523 tim
2239 2466 2529 2537 implicati,
2570 2465 2640 2521 ab
2683 2464 2909 2520 animali
2947 2476 3097 2520 motu
3135 2466 3337 2536 impetu
3371 2473 3555 2535 capto,
3591 2479 3715 2519 mo-

390 2566 770 2621 ἀποτελεῖται.

2109 2562 2278 2616 tivam
2334 2561 2445 2615 vim
2488 2559 2876 2630 actionemque
2907 2559 3164 2615 manibus
3213 2568 3405 2614 exacte
3436 2557 3707 2630 praebent.

389 2656 530 2713 Nam
572 2672 693 2727 quae
745 2673 776 2712 a
825 2655 1008 2711 nervis
1047 2654 1447 2727 musculisque,
1507 2661 1570 2711 ut
1614 2656 1878 2722 diximus,
1940 2664 2254 2721 moventur,
2325 2663 2522 2710 cuncta
2568 2653 2890 2709 animalium
2957 2652 3286 2710 facultatum
3330 2661 3480 2718 sunt,
3548 2663 3716 2724 atque

389 2750 461 2805 ad
492 2751 792 2806 voluntatis
823 2757 1028 2805 nostra:
1052 2749 1345 2804 arbitrium
1379 2749 1759 2819 perﬁciuntur.
1981 2790 1985 2799 .

465 2843 613 2915 Πρὸς
679 2844 737 2897 δὲ
781 2841 884 2912 τὴν
940 2839 1035 2894 τοῦ
1088 2840 1380 2914 βραχίονος
1438 2842 1533 2896 καὶ
1580 2841 1677 2896 τοῦ
1730 2843 2000 2915 πήχεοςδθ

2185 2835 2264 2890 Ex
2293 2835 2557 2891 anteriori
2583 2852 2714 2892 vero
2738 2852 2935 2893 manus
2960 2845 3135 2908 parte,
3168 2836 3234 2892 ad
3260 2853 3381 2893 eam
3406 2854 3527 2907 qua:
3544 2839 3716 2897 cubiti

388 2935 600 3003 ζεῦξιν,
655 2932 1089 3006 κατέμπροσθεν
1119 2935 1221 3004 τῆς
1248 2935 1457 3006 χειρὸς,
1485 2937 1639 3004 τρεῖς
1682 2935 2002 3007 διέρχονται

2109 2939 2161 2983 et
2203 2929 2415 2987 brachii
2443 2929 2897 2986 constitutionem
2921 2940 3026 2996 est,
3059 2940 3169 2986 tres
3192 2946 3367 2996 vente,
3387 2947 3452 2987 ac
3478 2935 3716 2997 arterias.

386 3028 598 3099 φλέϐες
632 3027 729 3082 καὶ
770 3026 1056 3100 ἀρτηρίαι,
1090 3026 1230 3099 πρὸς
1257 3027 1391 3091 τοὺς
1439 3025 1865 3099 ριζοδακτύλους
1904 3028 2003 3099 τῆς

2109 3039 2215 3093 qua
2269 3023 2555 3079 brachium
2643 3032 2699 3079 et
2742 3024 2966 3081 cubitus
3025 3025 3377 3095 eupulantur,
3444 3025 3718 3084 multiﬁdo

388 3121 582 3195 χειρὸς
632 3120 978 3193 πολυσχιδῶς
1023 3119 1537 3193 περαιούμεναι⁸¹·
1588 3121 1622 3194 ἡ
1670 3120 1910 3192 diluuia,
1938 3123 2003 3194 ἥν

2109 3122 2287 3170 tractu
2337 3114 2643 3182 tendentes,
2695 3116 2762 3171 ad
2805 3116 3107 3188 digitorum
3165 3116 3381 3173 radices
3433 3118 3715 3181 desinunt,

387 3216 489 3269 καὶ
520 3215 864 3285 κρανιακήν
913 3214 1151 3286 λέγομεν
1174 3215 1251 3247 ⁸²·
1282 3215 1315 3287 ἡ
1351 3215 1492 3287 μέση
1523 3232 1582 3269 τε
1604 3256 1620 3282 ,
1669 3217 1766 3271 καὶ
1808 3217 1837 3288 ἡ
1868 3214 1999 3272 ἔσω.

2109 3220 2346 3275 quarum
2391 3206 2553 3276 118
2584 3207 2757 3262 altera
2808 3207 3113 3263 humeralis
3147 3216 3252 3272 est,
3297 3222 3461 3276 quam
3519 3216 3574 3264 et
3597 3211 3716 3264 eal-

387 3310 510 3380 Τὴν
534 3310 634 3380 μὲν
690 3304 786 3363 οὖν
822 3306 1028 3378 μέσην
1060 3307 1297 3361 καθόλου
1331 3306 1631 3378 καλοῦμεν,
1673 3306 1866 3379 ὥσπερ
1901 3307 2002 3380 τὴν

2109 3295 2284 3351 valem
2344 3295 2605 3362 dicimus,
2651 3297 2831 3352 media
2890 3298 3080 3361 altera,
3125 3298 3286 3352 tertia
3342 3298 3573 3354 interior
3609 3311 3715 3357 est.

387 3403 507 3458 ἔσω
536 3401 901 3470 ominarth
921 3401 967 3432 ⁵³
989 3417 1006 3435 θ
1037 3399 1177 3472 πρδς
1209 3400 1276 3470 ἦν
1307 3400 1462 3470 καὶὴ
1493 3399 1734 3471 ἀρτηρία
1769 3401 1999 3469 ἐγγίζει.

386 3496 474 3566 Τῇ
503 3490 600 3549 οὖν
657 3494 892 3548 καθόλου
919 3491 1100 3560 ’φλεϐὶ
1141 3490 1335 3562 νεῦρον
1376 3491 1670 3545 ὑπόκειται
1717 3491 1909 3564 ὥσπερ
1931 3495 1999 3565 τῇ

388 3586 675 3657 σπληνικῇ
719 3584 994 3657 ἀρτηρίᾳ·
1033 3583 1128 3637 καὶ
1175 3581 1285 3656 χρὴ
1319 3583 1767 3655 παρατηρεῖσθαι
1795 3585 2004 3650 ταύτας

387 3681 452 3733 ἐν
497 3677 577 3748 τῷ
620 3677 1022 3748 φλεϐοτομεῖνο
1065 3675 1176 3748 χρὴ
1207 3675 1264 3729 ὁὶ
1310 3674 1609 3744 γινώσκειν
1637 3676 1718 3730 ὅτι
1762 3676 1863 3746 τῆς
1901 3678 2003 3749 μὲν

388 3770 698 3843 ἀριστερᾶς
744 3769 928 3841 χειρὸς
981 3768 1016 3839 ἠ
1071 3766 1183 3821 ἔσω
1234 3765 1378 3837 φλὲψ
1433 3766 1544 3821 ἀπὸ
1589 3767 1687 3822 τοῦ
1763 3769 2002 3841 σπληνὸς

389 3865 712 3936 ἐφορμᾶται
734 3862 815 3896 ⁸⁸⁵²
848 3865 949 3935 τῆς
987 3860 1171 3926 δεξιᾶς
1215 3859 1274 3914 δὲ
1307 3859 1421 3914 ἀπὸ
1460 3860 1555 3914 τοῦ
1587 3862 1831 3934 ἥπατος·
1865 3865 1898 3935 ἡ
1947 3864 2005 3920 δὲ

395 3957 542 4027 μέση
595 3956 691 4011 καὶ
730 3955 970 4027 μεγίστη
1013 3953 1074 4022 ἐξ
1120 3953 1441 4025 ἁμφοτέρου
1465 3954 1512 3987 ⁵⁸
1564 3953 1661 4008 τοῦ
1722 3953 1999 4027 σώματος.

392 4048 685 4122 Σχίζονται
715 4049 775 4103 δὲ
807 4041 971 4103 αὗται
1002 4047 1060 4102 αἱ
1084 4046 1237 4117 τρεῖς
1266 4044 1459 4116 ὥσπερ
1494 4044 1644 4099 ἔνδον
1668 4047 1763 4099 τοῦ
1797 4047 2004 4120 πήχεος

394 4145 496 4199 καὶ
535 4145 593 4197 ἐν
623 4144 735 4206 τοῖς
771 4139 1225 4211 καρποχειρίοις,
1253 4139 1335 4201 εἰς
1370 4137 1570 4201 πολλὰς
1589 4139 1636 4171 ⁸⁸
1676 4139 1771 4193 καὶ
1796 4140 2004 4211 μικρὰς

392 4232 909 4308 ὲπιμιγνυμένας⁸⁷
970 4229 1268 4300 ἀλλήλαις,
1322 4226 1468 4281 οὕτω
1520 4227 1614 4281 καὶ
1664 4228 1861 4290 ἐκτός’
1923 4231 2005 4293 είς

390 4330 601 4386 ταυτὸν
626 4331 737 4401 γὰρ
769 4326 1026 4397 ἔρχονται
1064 4321 1358 4393 ἐνούμεναι
1383 4319 1521 4392 πρὸς
1550 4319 1787 4390 ἀλλήλας
1814 4335 1873 4374 τε
1909 4322 2004 4374 καὶ

393 4421 499 4486 τὰς
522 4421 696 4475 ἔνδον.
737 4416 1108 4471 Ἐκτείνονται
1132 4413 1189 4467 δὲ
1209 4412 1317 4466 ὑπὸ
1344 4412 1457 4466 πᾶν
1483 4410 1543 4465 τὸ
1571 4410 1750 4482 δέρμα
1775 4411 1835 4465 τὸ
1858 4413 2004 4468 κατὰ

390 4517 492 4587 τὸν
522 4512 735 4584 καρπὸν
772 4511 867 4567 καὶ
913 4508 1317 4579 μετακάρπιον,
1366 4505 1619 4570 καὶτοὺς
1660 4505 2001 4570 δακτύλους-ο

2104 3382 2241 3441 Nam
2277 3401 2401 3457 quae
2450 3389 2629 3443 media
2648 3397 2764 3451 εει,
2791 3389 3120 3446 universalis
3172 3389 3708 3460 appell.ztur,quem-

2106 3477 2405 3533 admodum
2451 3487 2506 3535 et
2531 3480 2622 3535 illa
2654 3496 2780 3551 quae
2843 3481 3076 3536 interior
3103 3490 3206 3547 εει,
3242 3482 3457 3538 lienalis
3485 3484 3715 3551 dicitur,

2107 3568 2197 3622 cui
2232 3569 2436 3625 arteria
2455 3569 2620 3625 etiam
2650 3570 2900 3642 proxima
2927 3579 3033 3625 est.
3070 3568 3374 3626 Universali
3396 3571 3540 3626 enim
3562 3587 3717 3626 venae

2106 3675 2340 3724 nervus,
2409 3662 2874 3732 quemadmodum
2940 3662 3161 3725 lieuali,
3210 3662 3413 3716 arteria
3479 3646 3729 3729 subest,

2107 3764 2462 3825 quapropter,
2528 3757 2583 3810 in
2639 3771 2791 3810 venae
2851 3755 3098 3811 sectione
3154 3755 3707 3810 animadvertendum

2106 3854 2220 3911 cst,
2276 3862 2345 3903 ne
2404 3862 2609 3903 nervus
2670 3846 2789 3918 ipse
2857 3848 3154 3902 incidatur.
3236 3844 3534 3901 Sciendum
3590 3849 3717 3917 qui-

2106 3954 2228 4006 dem
2285 3959 2401 4016 est,
2467 3928 2790 4006 interiorem
2862 3951 3047 4017 irem,
3126 3966 3157 4004 a
3216 3950 3446 4005 cerebro
3506 3965 3714 4021 proce-

2107 4042 2327 4098 dentem
2381 4042 2508 4098 lieni
2558 4041 2848 4112 applicari,
2906 4043 3145 4097 dextera:
3197 4056 3326 4097 vero
3371 4034 3408 4096 ’ἐι
3444 4026 3447 4031 ⁴
3464 4039 3714 4112 jecinore

2108 4136 2415 4205 praetendi;
2479 4142 2538 4190 at
2585 4135 2786 4199 media,
2855 4148 2979 4205 quae
3039 4134 3277 4189 maxima
3344 4133 3576 4189 habetur
3635 4134 3709 4189 ab

2108 4240 2344 4300 utroque
2399 4246 2632 4301 corpore
2685 4231 2964 4303 dirigitur.
3025 4228 3121 4286 liae
3164 4240 3348 4286 autem
3396 4240 3508 4287 tres
3533 4246 3712 4295 venaz,

2107 4323 2177 4378 ab
2232 4321 2494 4379 interiore
2543 4321 2755 4378 brachii
2815 4331 2994 4394 parte,
3036 4321 3106 4375 ad
3157 4320 3456 4376 brachialis
3494 4320 3611 4376 ioca
3658 4322 3713 4375 in

2107 4415 2375 4487 plurimas
2412 4431 2539 4487 quae
2583 4416 2751 4471 simul
2797 4414 3105 4471 commistae
3163 4422 3290 4469 sunt
3342 4413 3572 4468 venulas
3611 4411 3717 4468 ﬁn-

2108 4510 2334 4576 duntur,
2373 4508 2448 4563 ita
2492 4516 2547 4563 et
2585 4509 2852 4574 exterius,
2909 4517 3025 4560 tum
3053 4505 3241 4572 simul,
3292 4515 3407 4560 tum
3475 4521 3600 4562 cum
3632 4507 3720 4561 his

392 4609 462 4664 τὸ
485 4607 623 4661 αὐτὸ
668 4607 725 4660 δὲ
766 4607 956 4677 σχῆμα
998 4603 1096 4658 καὶ
1134 4600 1229 4655 ὲπὶ
1284 4600 1397 4654 τῶν
1425 4598 1607 4653 ποδῶν
1643 4598 1863 4671 εὕροις,
1899 4618 2003 4654 πο-

2109 4618 2233 4673 qua:
2265 4604 2333 4656 ab
2360 4601 2608 4656 interiori
2644 4609 2798 4672 parte
2827 4610 2958 4657 sunt
2990 4600 3042 4654 in
3082 4615 3254 4656 unum
3287 4609 3511 4667 coeunt,
3551 4608 3606 4654 et
3632 4599 3721 4654 di-

393 4699 638 4764 λυειδῶς
700 4699 798 4753 καὶ
856 4695 1202 4768 πολυσχιδῶς
1266 4693 1380 4748 τῶν
1446 4691 1557 4747 ἀπὸ
1612 4693 1724 4747 τῶν
1785 4693 2004 4764 νεφρῶν

393 4796 586 4863 ἐκεῖσε
614 4790 939 4863 φερομένων
962 4789 1178 4860 φλεϐῶν
1205 4790 1251 4823 ⁸⁸
1283 4787 1728 4861 περαιουμένων.

2114 4697 2395 4752 viduntur.
2429 4695 2645 4751 Eaedem
2678 4694 2826 4750 enim
2862 4693 2968 4749 sub
3008 4702 3120 4748 tota
3153 4704 3301 4760 cute,
3340 4710 3464 4765 qua:
3486 4693 3553 4749 ad
3590 4692 3719 4748 bra-

2113 4786 2313 4850 chiale,
2340 4795 2396 4842 et
2422 4784 2832 4857 postbrachiale
2887 4799 2953 4840 ac
2984 4785 3185 4856 digitos
3213 4796 3317 4852 est,
3365 4783 3717 4856 praetendun-

397 4896 516 4941 tur.
573 4881 835 4936 Eamdem
898 4890 952 4935 et
985 4880 1040 4933 in
1089 4878 1319 4949 pedibus
1369 4880 1600 4949 ﬁguram
1635 4890 1863 4933 cernere
1907 4885 2012 4945 est,
2046 4893 2175 4933 nam
2208 4880 2347 4934 etin
2416 4879 2504 4934 his
2552 4892 2705 4934 venae
2733 4892 2855 4948 qua:
2905 4892 2937 4932 a
2967 4877 3198 4932 renibus
3264 4874 3715 4948 proﬁciscuntur,

396 4978 681 5034 multiﬁdo
726 4974 993 5044 varioque
1028 4972 1224 5029 ordine
1260 4972 1542 5028 desinunt.

492 5072 582 5124 ’Ev
619 5063 664 5139 ᾧ
705 5068 801 5123 οὖν
850 5067 1084 5139 τελευτᾷ
1119 5067 1276 5138 μέρει
1311 5066 1345 5137 ἡ
1379 5065 1577 5137 κερκὶς
1608 5065 1704 5118 καὶ
1749 5065 1777 5118 ὁ
1803 5061 2007 5135 πῆχυς,

395 5166 467 5220 τὸ
504 5161 752 5216 τοιοῦτον
795 5161 1027 5229 καρπὸς
1064 5160 1318 5214 καλεῖται
1341 5173 1355 5187 ·
1394 5155 1713 5227 συντίθησιν
1744 5155 1789 5189 ⁵⁰
1816 5155 1874 5209 δὲ
1915 5154 2009 5219 τὸν

396 5257 625 5329 καρπὸν
665 5257 803 5310 ὀστᾶ
850 5253 944 5307 τὸν
1001 5252 1239 5325 ἀριθμὸν
1300 5248 1484 5313 ὀκτὼ,
1516 5250 1612 5303 ἐπὶ
1643 5248 1741 5303 δύο
1789 5248 2014 5320 στίχους

2193 5055 2250 5112 In
2280 5056 2402 5112 loco
2438 5056 2607 5128 igitur
2639 5057 2694 5112 in
2725 5072 2838 5128 quo
2875 5070 2940 5111 os
2976 5053 3184 5110 radiale
3209 5060 3264 5108 et
3287 5052 3574 5110 brachium
3608 5064 3721 5112 ter-

2117 5149 2423 5214 minantur,
2452 5149 2733 5205 brachiale
2761 5157 2869 5214 est,
2891 5146 3039 5218 quod
3061 5144 3235 5201 Graeci
3266 5144 3481 5217 καρπόν
3505 5145 3715 5203 dicunt.

2115 5241 2296 5315 Ipsam
2337 5251 2524 5298 autem
2566 5252 2775 5313 partem
2813 5252 2942 5297 octo
2977 5240 3229 5310 quaedam
3267 5237 3490 5309 gemino
3523 5237 3721 5311 ordine

400 5351 793 5421 συγκείμενα,
842 5346 1059 5418 σκληρὰ
1119 5345 1216 5400 καὶ
1273 5343 1468 5417 μικρὰ,
1522 5343 1617 5397 καὶ
1663 5340 1882 5412 ἀμύελα
1918 5343 2003 5396 καὶ

2114 5344 2430 5393 constructa
2467 5352 2595 5393 ossa
2630 5335 3000 5399 constituunt,
3044 5339 3100 5386 et
3132 5330 3251 5385 haec
3281 5329 3505 5398 quidem
3551 5330 3717 5389 dura.

405 5444 670 5514 πολυειδῆ
691 5483 705 5506 ,
744 5440 890 5496 κατὰ
919 5441 981 5494 τὸ
1008 5441 1199 5511 σχῆμα
1224 5455 1238 5469 ·
1278 5439 1356 5510 πῆ
1394 5436 1495 5511 μὲν
1533 5436 1646 5508 γάρ
1677 5436 1786 5489 είσι
1809 5435 2013 5508 κυρτὰ,

402 5539 485 5610 πῆ
529 5538 587 5593 δὲ
619 5536 798 5609 σιμά·
853 5534 951 5590 καὶ
998 5533 1079 5605 πῆ
1107 5533 1209 5606 μὲν
1261 5531 1449 5598 εὐθέα,
1495 5529 1573 5603 πῆ
1616 5526 1674 5583 δὲ
1715 5529 2011 5601 περιφερῆ.

482 5669 530 5702 ⁸⁸
562 5668 664 5739 μὲν
723 5681 849 5739 om,
893 5662 956 5720 Β.
980 5738 993 5739 7
1035 5667 1081 5739 δ’(
1113 5662 1437 5739 ξκέρκεινμΒ.
1491 5663 1569 5739 ﬂ”
1600 5661 1743 5739 μετὰ
1772 5660 1886 5739 τῷν
1938 5679 1999 5739 μ.

2118 5446 2393 5502 parvaque
2412 5438 2468 5487 et
2486 5430 2738 5486 medullae
2756 5425 3023 5500 expertia,
3037 5435 3092 5481 et
3112 5421 3494 5491 multiformia,
3514 5423 3724 5480 haben-

2119 5536 2211 5582 tur
2243 5544 2258 5581 :
2291 5542 2411 5580 nam
2435 5526 2636 5596 partim
2664 5523 2858 5595 gibba,
2891 5521 3091 5593 partim
3121 5521 3288 5586 sima,
3315 5520 3517 5590 partim
3547 5531 3720 5580 recta.

2110 5701 2123 5714 .
2203 5659 2248 5692 "
2296 5660 2393 5714 καὶ
2442 5675 2554 5713 om.
2584 5657 2640 5712 Β.
2724 5657 2772 5690 ⁵⁰
2831 5658 3054 5726 πήχεως
3115 5652 3178 5726 li.
3222 5652 3306 5726 ff
3364 5651 3723 5726 «abolescit;

401 5723 781 5817 βρεὸἑμενει
830 5738 873 5790 Β
975 5738 1024 5817 ".
1064 5723 1324 5817 λέγοὶίσιν
1351 5736 1411 5817 ζει
1489 5735 1537 5768 ’³
1597 5723 1874 5817 ἒξληνεῖιὴν
1919 5723 1991 5817 ,λο
2069 5732 2502 5817 ⁸ζ-ὲξορ.μάτ.αι.
2529 5730 2591 5784 Β·
2670 5729 2716 5762 ⁵⁸
2747 5723 3094 5817 ἀίμφάῖέέρξον,
3124 5724 3241 5817 ἕο
3271 5723 3456 5817 ῖίιρ⁸⁶
3485 5723 3724 5817 ίὲξῐῖοζτ

398 5794 537 5869 11f
576 5794 669 5883 υἶή
715 5810 778 5883 "_
831 5809 1036 5883 μικραὶ
1109 5794 1549 5881 ε’ττιμιγνύμεναι
1602 5805 1666 5862 Β.
1693 5794 1706 5808 ’
1742 5804 1789 5839 ⁸⁸
1827 5794 2353 5875 ’πολυσχεδῶςήτᾶς
2405 5801 2514 5856 ἀπὸ
2560 5818 2610 5856 τ.
2664 5818 2713 5854 ν.
2773 5794 2855 5854 ἐξ
2884 5794 3199 5870 φερομένας
3249 5794 3459 5868 φλέϐας
3518 5796 3556 5849 Β
3590 5797 3630 5849 tl
3661 5796 3719 5848 Ρ.

411 5883 462 5916 ³⁸
494 5881 718 5954 συντίθη
744 5879 806 5935 Β.
