  <div class='ocr_page' id='page_1' title='image "/cluster/home/n/w/nwhite01/storage/ocr_20150623/64:no.13/coo.31924054869643/670.png"; bbox 0 0 4138 6468; ppageno 0'>
   <div class='ocr_carea' id='block_1_1' title="bbox 325 436 465 498">
    <p class='ocr_par' dir='ltr' id='par_1_1' title="bbox 325 436 465 498">
     <span class='ocr_line' id='line_1_1' title="bbox 325 436 465 498; baseline -0.057 0"><span class='ocrx_word' id='word_1_1' title='bbox 325 436 465 498; x_wconf 65' lang='lat'><strong>19.57</strong></span> 
     </span>
    </p>
   </div>
   <div class='ocr_carea' id='block_1_2' title="bbox 1580 390 2336 484">
    <p class='ocr_par' dir='ltr' id='par_1_2' title="bbox 1580 390 2336 484">
     <span class='ocr_line' id='line_1_2' title="bbox 1580 390 2336 484; baseline -0.013 -2"><span class='ocrx_word' id='word_1_2' title='bbox 1580 428 1669 484; x_wconf 73' lang='lat' dir='ltr'><strong>ne</strong></span> <span class='ocrx_word' id='word_1_3' title='bbox 1702 390 1993 483; x_wconf 64' lang='lat' dir='ltr'><strong>unum</strong></span> <span class='ocrx_word' id='word_1_4' title='bbox 2031 416 2336 478; x_wconf 76' lang='lat' dir='ltr'><strong>IIOMINIS.</strong></span> 
     </span>
    </p>
   </div>
   <div class='ocr_carea' id='block_1_3' title="bbox 3493 405 3631 460">
    <p class='ocr_par' dir='ltr' id='par_1_3' title="bbox 3493 405 3631 460">
     <span class='ocr_line' id='line_1_3' title="bbox 3493 405 3631 460; baseline -0.014 0"><span class='ocrx_word' id='word_1_5' title='bbox 3493 405 3631 460; x_wconf 63' lang='lat'><strong>42?.8</strong></span> 
     </span>
    </p>
   </div>
   <div class='ocr_carea' id='block_1_4' title="bbox 328 529 3631 628">
    <p class='ocr_par' dir='ltr' id='par_1_4' title="bbox 328 529 3631 628">
     <span class='ocr_line' id='line_1_4' title="bbox 328 529 3631 628; baseline -0.01 -16"><span class='ocrx_word' id='word_1_6' title='bbox 328 558 433 613; x_wconf 83' lang='lat' dir='ltr'><strong>bus</strong></span> <span class='ocrx_word' id='word_1_7' title='bbox 464 553 814 628; x_wconf 82' lang='lat' dir='ltr'><strong>perficiendis</strong></span> <span class='ocrx_word' id='word_1_8' title='bbox 845 562 1073 610; x_wconf 91' lang='lat' dir='ltr'><strong>strenue</strong></span> <span class='ocrx_word' id='word_1_9' title='bbox 1134 559 1406 617; x_wconf 87' lang='lat' dir='ltr'><strong>utuntur;</strong></span> <span class='ocrx_word' id='word_1_10' title='bbox 1465 550 1612 605; x_wconf 89' lang='lat' dir='ltr'><strong>unde</strong></span> <span class='ocrx_word' id='word_1_11' title='bbox 1662 545 2139 605; x_wconf 72' lang='lat' dir='ltr'><strong>evidentissimum</strong></span> <span class='ocrx_word' id='word_1_12' title='bbox 2191 546 2581 611; x_wconf 85' lang='lat' dir='ltr'><strong>argumentum</strong></span> <span class='ocrx_word' id='word_1_13' title='bbox 2634 534 2888 597; x_wconf 86' lang='lat' dir='ltr'><strong>habetur,</strong></span> <span class='ocrx_word' id='word_1_14' title='bbox 2934 531 3216 586; x_wconf 70' lang='lat' dir='ltr'><strong>dexteram</strong></span> <span class='ocrx_word' id='word_1_15' title='bbox 3262 529 3397 583; x_wconf 76' lang='lat' dir='ltr'><strong>laeva</strong></span> <span class='ocrx_word' id='word_1_16' title='bbox 3448 530 3631 599; x_wconf 64' lang='lat' dir='ltr'><strong>potio-</strong></span> 
     </span>
    </p>
   </div>
   <div class='ocr_carea' id='block_1_5' title="bbox 357 624 3606 724">
    <p class='ocr_par' dir='ltr' id='par_1_5' title="bbox 357 624 3606 724">
     <span class='ocr_line' id='line_1_5' title="bbox 357 624 3606 724; baseline -0.011 -14"><span class='ocrx_word' id='word_1_17' title='bbox 357 624 804 724; x_wconf 45' lang='lat' dir='ltr'><strong>ean-neutiquam</strong></span> <span class='ocrx_word' id='word_1_18' title='bbox 836 665 982 718; x_wconf 88' lang='lat' dir='ltr'><strong>esse,</strong></span> <span class='ocrx_word' id='word_1_19' title='bbox 1016 659 1076 706; x_wconf 90' lang='lat' dir='ltr'><strong>ut</strong></span> <span class='ocrx_word' id='word_1_20' title='bbox 1095 651 1432 705; x_wconf 86' lang='lat' dir='ltr'><strong>rusticorum</strong></span> <span class='ocrx_word' id='word_1_21' title='bbox 1458 647 1686 718; x_wconf 90' lang='lat' dir='ltr'><strong>quidam</strong></span> <span class='ocrx_word' id='word_1_22' title='bbox 1720 645 1932 717; x_wconf 85' lang='lat' dir='ltr'><strong>opinati</strong></span> <span class='ocrx_word' id='word_1_23' title='bbox 1969 650 2121 703; x_wconf 88' lang='lat' dir='ltr'><strong>sunt,</strong></span> <span class='ocrx_word' id='word_1_24' title='bbox 2156 638 2250 694; x_wconf 89' lang='lat' dir='ltr'><strong>sed</strong></span> <span class='ocrx_word' id='word_1_25' title='bbox 2287 637 2361 691; x_wconf 87' lang='lat' dir='ltr'><strong>ita</strong></span> <span class='ocrx_word' id='word_1_26' title='bbox 2397 634 2470 690; x_wconf 88' lang='lat' dir='ltr'><strong>ob</strong></span> <span class='ocrx_word' id='word_1_27' title='bbox 2529 630 2900 688; x_wconf 83' lang='lat' dir='ltr'><strong>eruditionem</strong></span> <span class='ocrx_word' id='word_1_28' title='bbox 2931 638 2985 683; x_wconf 91' lang='lat' dir='ltr'><strong>et</strong></span> <span class='ocrx_word' id='word_1_29' title='bbox 3035 626 3331 681; x_wconf 85' lang='lat' dir='ltr'><strong>ruditatcm</strong></span> <span class='ocrx_word' id='word_1_30' title='bbox 3364 624 3512 694; x_wconf 74' lang='lat' dir='ltr'><strong>ipsas</strong></span> <span class='ocrx_word' id='word_1_31' title='bbox 3540 624 3606 675; x_wconf 83' lang='lat' dir='ltr'><strong>Im</strong></span> 
     </span>
    </p>
   </div>
   <div class='ocr_carea' id='block_1_6' title="bbox 329 734 3537 818">
    <p class='ocr_par' dir='ltr' id='par_1_6' title="bbox 329 734 3537 818">
     <span class='ocr_line' id='line_1_6' title="bbox 329 734 3537 818; baseline -0.011 -14"><span class='ocrx_word' id='word_1_32' title='bbox 329 747 599 814; x_wconf 82' lang='lat' dir='ltr'><strong>bentium,</strong></span> <span class='ocrx_word' id='word_1_33' title='bbox 626 763 657 803; x_wconf 86' lang='lat' dir='ltr'><strong>a</strong></span> <span class='ocrx_word' id='word_1_34' title='bbox 681 747 863 818; x_wconf 88' lang='lat' dir='ltr'><strong>primo</strong></span> <span class='ocrx_word' id='word_1_35' title='bbox 884 761 1078 801; x_wconf 88' lang='lat' dir='ltr'><strong>earum</strong></span> <span class='ocrx_word' id='word_1_36' title='bbox 1116 743 1412 815; x_wconf 87' lang='lat' dir='ltr'><strong>principio,</strong></span> <span class='ocrx_word' id='word_1_37' title='bbox 1436 742 1540 799; x_wconf 84' lang='lat' dir='ltr'><strong>sub</strong></span> <span class='ocrx_word' id='word_1_38' title='bbox 1568 742 1673 797; x_wconf 85' lang='lat' dir='ltr'><strong>hac</strong></span> <span class='ocrx_word' id='word_1_39' title='bbox 1701 737 2070 813; x_wconf 85' lang='lat' dir='ltr'><strong>appellatione</strong></span> <span class='ocrx_word' id='word_1_40' title='bbox 2101 734 2496 790; x_wconf 62' lang='lat' dir='ltr'><strong>demonstratae</strong></span> <span class='ocrx_word' id='word_1_41' title='bbox 2525 736 2677 783; x_wconf 90' lang='lat' dir='ltr'><strong>sunt.</strong></span> <span class='ocrx_word' id='word_1_42' title='bbox 2978 813 3013 818; x_wconf 41' lang='grc' dir='ltr'><strong>η</strong></span> <span class='ocrx_word' id='word_1_43' title='bbox 3058 813 3069 818; x_wconf 52' lang='lat'><strong>_</strong></span> <span class='ocrx_word' id='word_1_44' title='bbox 3502 808 3537 818; x_wconf 19' lang='grc'><strong>4.</strong></span> 
     </span>
    </p>
   </div>
   <div class='ocr_carea' id='block_1_7' title="bbox 400 813 1960 911">
    <p class='ocr_par' dir='ltr' id='par_1_7' title="bbox 400 813 1960 911">
     <span class='ocr_line' id='line_1_7' title="bbox 400 813 1960 911; baseline -0.006 -17"><span class='ocrx_word' id='word_1_45' title='bbox 400 839 524 894; x_wconf 94' lang='grc' dir='ltr'><strong>Τῶν</strong></span> <span class='ocrx_word' id='word_1_46' title='bbox 577 838 637 893; x_wconf 77' lang='grc' dir='ltr'>δὲ</span> <span class='ocrx_word' id='word_1_47' title='bbox 677 813 883 911; x_wconf 44' lang='lat' dir='ltr'><strong>iugith</strong></span> <span class='ocrx_word' id='word_1_48' title='bbox 922 836 993 892; x_wconf 73' lang='grc' dir='ltr'>τὰ</span> <span class='ocrx_word' id='word_1_49' title='bbox 1036 813 1267 903; x_wconf 73' lang='grc' dir='ltr'>ἔσωθεν,</span> <span class='ocrx_word' id='word_1_50' title='bbox 1301 813 1409 891; x_wconf 58' lang='grc' dir='ltr'><strong>καὶ</strong></span> <span class='ocrx_word' id='word_1_51' title='bbox 1447 833 1651 907; x_wconf 79' lang='grc' dir='ltr'>μᾶλλον</span> <span class='ocrx_word' id='word_1_52' title='bbox 1695 835 1767 887; x_wconf 76' lang='grc' dir='ltr'>τὰ</span> <span class='ocrx_word' id='word_1_53' title='bbox 1815 831 1960 892; x_wconf 78' lang='grc' dir='ltr'>τῶν,</span> 
     </span>
    </p>
   </div>
   <div class='ocr_carea' id='block_1_8' title="bbox 2066 813 3600 911">
    <p class='ocr_par' dir='ltr' id='par_1_8' title="bbox 2103 813 3600 886">
     <span class='ocr_line' id='line_1_8' title="bbox 2103 813 3600 886; baseline -0.013 -6"><span class='ocrx_word' id='word_1_54' title='bbox 2103 823 2367 879; x_wconf 87' lang='lat' dir='ltr'><strong>Interiora</strong></span> <span class='ocrx_word' id='word_1_55' title='bbox 2423 830 2608 875; x_wconf 85' lang='lat' dir='ltr'><strong>autem</strong></span> <span class='ocrx_word' id='word_1_56' title='bbox 2642 830 2929 879; x_wconf 88' lang='lat' dir='ltr'><strong>manuum,</strong></span> <span class='ocrx_word' id='word_1_57' title='bbox 2961 813 3259 886; x_wconf 76' lang='lat' dir='ltr'><strong>digitorum</strong></span> <span class='ocrx_word' id='word_1_58' title='bbox 3293 813 3600 881; x_wconf 66' lang='lat' dir='ltr'><strong>praesertim</strong></span> 
     </span>
    </p>
   </div>
   <div class='ocr_carea' id='block_1_9' title="bbox 326 923 1930 1000">
    <p class='ocr_par' dir='ltr' id='par_1_9' title="bbox 326 923 1930 1000">
     <span class='ocr_line' id='line_1_9' title="bbox 326 923 1930 1000; baseline -0.009 -11"><span class='ocrx_word' id='word_1_59' title='bbox 326 931 615 989; x_wconf 81' lang='grc' dir='ltr'><strong>δακτύλων</strong></span> <span class='ocrx_word' id='word_1_60' title='bbox 663 932 734 986; x_wconf 73' lang='grc' dir='ltr'>τὰ</span> <span class='ocrx_word' id='word_1_61' title='bbox 760 931 804 964; x_wconf 81' lang='grc'>⁸⁸</span> <span class='ocrx_word' id='word_1_62' title='bbox 849 930 1020 1000; x_wconf 79' lang='grc' dir='ltr'>ἄκρα,</span> <span class='ocrx_word' id='word_1_63' title='bbox 1073 926 1267 999; x_wconf 84' lang='grc' dir='ltr'>ὥσπερ</span> <span class='ocrx_word' id='word_1_64' title='bbox 1309 925 1600 997; x_wconf 74' lang='grc' dir='ltr'>γνώμονας</span> <span class='ocrx_word' id='word_1_65' title='bbox 1648 941 1808 988; x_wconf 85' lang='grc' dir='ltr'>τινας</span> <span class='ocrx_word' id='word_1_66' title='bbox 1848 923 1930 987; x_wconf 79' lang='grc' dir='ltr'><strong>είς</strong></span> 
     </span>
    </p>
   </div>
   <div class='ocr_carea' id='block_1_10' title="bbox 240 1014 1930 1105">
    <p class='ocr_par' dir='ltr' id='par_1_10' title="bbox 240 1014 1930 1105">
     <span class='ocr_line' id='line_1_10' title="bbox 240 1014 1930 1105; baseline -0.008 -25"><span class='ocrx_word' id='word_1_67' title='bbox 240 1100 247 1105; x_wconf 83' lang='lat'>_</span> <span class='ocrx_word' id='word_1_68' title='bbox 326 1024 428 1096; x_wconf 79' lang='grc' dir='ltr'>τὴν</span> <span class='ocrx_word' id='word_1_69' title='bbox 462 1022 610 1096; x_wconf 81' lang='grc' dir='ltr'><strong>ἁφὴν</strong></span> <span class='ocrx_word' id='word_1_70' title='bbox 650 1022 885 1094; x_wconf 80' lang='grc' dir='ltr'>ἔχομεν’</span> <span class='ocrx_word' id='word_1_71' title='bbox 937 1020 1005 1076; x_wconf 84' lang='grc' dir='ltr'>δι’</span> <span class='ocrx_word' id='word_1_72' title='bbox 1055 1019 1240 1081; x_wconf 83' lang='grc' dir='ltr'>αὐτῶν</span> <span class='ocrx_word' id='word_1_73' title='bbox 1292 1016 1655 1091; x_wconf 77' lang='grc' dir='ltr'>ἀκριϐοῦντες</span> <span class='ocrx_word' id='word_1_74' title='bbox 1693 1016 1755 1070; x_wconf 82' lang='grc' dir='ltr'>τὸ</span> <span class='ocrx_word' id='word_1_75' title='bbox 1784 1014 1930 1068; x_wconf 85' lang='grc' dir='ltr'>λεῖον</span> 
     </span>
    </p>
   </div>
   <div class='ocr_carea' id='block_1_11' title="bbox 329 1109 1931 1190">
    <p class='ocr_par' dir='ltr' id='par_1_11' title="bbox 329 1109 1931 1190">
     <span class='ocr_line' id='line_1_11' title="bbox 329 1109 1931 1190; baseline -0.007 -16"><span class='ocrx_word' id='word_1_76' title='bbox 329 1118 426 1174; x_wconf 73' lang='grc' dir='ltr'><strong>καὶ</strong></span> <span class='ocrx_word' id='word_1_77' title='bbox 454 1118 656 1190; x_wconf 79' lang='grc' dir='ltr'>τραχὺ,</span> <span class='ocrx_word' id='word_1_78' title='bbox 699 1117 795 1171; x_wconf 77' lang='grc' dir='ltr'>καὶ</span> <span class='ocrx_word' id='word_1_79' title='bbox 841 1114 1048 1187; x_wconf 80' lang='grc' dir='ltr'>ὁμαλὸν</span> <span class='ocrx_word' id='word_1_80' title='bbox 1083 1115 1181 1169; x_wconf 79' lang='grc' dir='ltr'><strong>καὶ</strong></span> <span class='ocrx_word' id='word_1_81' title='bbox 1212 1112 1539 1184; x_wconf 82' lang='grc' dir='ltr'>ἀνώμαλον·</span> <span class='ocrx_word' id='word_1_82' title='bbox 1593 1109 1931 1182; x_wconf 76' lang='grc' dir='ltr'>ἁκριϐεστᾶ·</span> 
     </span>
    </p>
   </div>
   <div class='ocr_carea' id='block_1_12' title="bbox 330 1203 1933 1284">
    <p class='ocr_par' dir='ltr' id='par_1_12' title="bbox 330 1203 1933 1284">
     <span class='ocr_line' id='line_1_12' title="bbox 330 1203 1933 1284; baseline -0.006 -20"><span class='ocrx_word' id='word_1_83' title='bbox 330 1229 430 1284; x_wconf 88' lang='grc' dir='ltr'><strong>την</strong></span> <span class='ocrx_word' id='word_1_84' title='bbox 481 1211 591 1282; x_wconf 81' lang='grc' dir='ltr'>γὰρ</span> <span class='ocrx_word' id='word_1_85' title='bbox 637 1209 751 1280; x_wconf 75' lang='grc' dir='ltr'>ἔχει</span> <span class='ocrx_word' id='word_1_86' title='bbox 803 1207 1013 1280; x_wconf 77' lang='grc' dir='ltr'>ταύτην</span> <span class='ocrx_word' id='word_1_87' title='bbox 1077 1207 1179 1276; x_wconf 72' lang='grc' dir='ltr'>τὴν</span> <span class='ocrx_word' id='word_1_88' title='bbox 1263 1204 1522 1276; x_wconf 80' lang='grc' dir='ltr'>αἴσθησιν</span> <span class='ocrx_word' id='word_1_89' title='bbox 1581 1204 1692 1258; x_wconf 88' lang='grc' dir='ltr'><strong>τῶν</strong></span> <span class='ocrx_word' id='word_1_90' title='bbox 1752 1203 1933 1258; x_wconf 85' lang='grc' dir='ltr'>ἄλλων</span> 
     </span>
    </p>
   </div>
   <div class='ocr_carea' id='block_1_13' title="bbox 334 1295 1935 1373">
    <p class='ocr_par' dir='ltr' id='par_1_13' title="bbox 334 1295 1935 1373">
     <span class='ocr_line' id='line_1_13' title="bbox 334 1295 1935 1373; baseline -0.004 -16"><span class='ocrx_word' id='word_1_91' title='bbox 334 1303 493 1370; x_wconf 79' lang='grc' dir='ltr'>ζώων</span> <span class='ocrx_word' id='word_1_92' title='bbox 545 1306 573 1356; x_wconf 85' lang='grc' dir='ltr'>ὁ</span> <span class='ocrx_word' id='word_1_93' title='bbox 605 1302 897 1373; x_wconf 77' lang='grc' dir='ltr'>ἄνθρωπος</span> <span class='ocrx_word' id='word_1_94' title='bbox 941 1301 1006 1354; x_wconf 76' lang='grc'><strong>³⁷.</strong></span> <span class='ocrx_word' id='word_1_95' title='bbox 1054 1300 1132 1358; x_wconf 83' lang='grc' dir='ltr'><strong>Οὐ</strong></span> <span class='ocrx_word' id='word_1_96' title='bbox 1171 1299 1334 1371; x_wconf 80' lang='grc' dir='ltr'>μόνον</span> <span class='ocrx_word' id='word_1_97' title='bbox 1376 1299 1487 1369; x_wconf 84' lang='grc' dir='ltr'>γὰρ</span> <span class='ocrx_word' id='word_1_98' title='bbox 1541 1295 1935 1368; x_wconf 78' lang='grc' dir='ltr'>ἁντιληπτικδν</span> 
     </span>
    </p>
   </div>
   <div class='ocr_carea' id='block_1_14' title="bbox 333 1389 1935 1468">
    <p class='ocr_par' dir='ltr' id='par_1_14' title="bbox 333 1389 1935 1468">
     <span class='ocr_line' id='line_1_14' title="bbox 333 1389 1935 1468; baseline -0.006 -17"><span class='ocrx_word' id='word_1_99' title='bbox 333 1397 576 1468; x_wconf 77' lang='grc' dir='ltr'>ὄργανον</span> <span class='ocrx_word' id='word_1_100' title='bbox 621 1397 650 1453; x_wconf 86' lang='grc' dir='ltr'><strong>ὁ</strong></span> <span class='ocrx_word' id='word_1_101' title='bbox 706 1394 1055 1466; x_wconf 79' lang='grc' dir='ltr'>Δημιουργδς</span> <span class='ocrx_word' id='word_1_102' title='bbox 1106 1394 1207 1457; x_wconf 82' lang='grc' dir='ltr'><strong>τὰς</strong></span> <span class='ocrx_word' id='word_1_103' title='bbox 1253 1395 1452 1463; x_wconf 80' lang='grc' dir='ltr'>χεῖρας</span> <span class='ocrx_word' id='word_1_104' title='bbox 1501 1389 1935 1457; x_wconf 76' lang='grc' dir='ltr'><strong>κατεσκεύασεν,</strong></span> 
     </span>
    </p>
   </div>
   <div class='ocr_carea' id='block_1_15' title="bbox 334 1481 1937 1555">
    <p class='ocr_par' dir='ltr' id='par_1_15' title="bbox 334 1481 1937 1555">
     <span class='ocr_line' id='line_1_15' title="bbox 334 1481 1937 1555; baseline -0.004 -15"><span class='ocrx_word' id='word_1_105' title='bbox 334 1485 475 1541; x_wconf 78' lang='grc' dir='ltr'>ἀλλὰ</span> <span class='ocrx_word' id='word_1_106' title='bbox 528 1484 624 1544; x_wconf 78' lang='grc' dir='ltr'>καὶ</span> <span class='ocrx_word' id='word_1_107' title='bbox 679 1485 952 1540; x_wconf 85' lang='grc' dir='ltr'>ἁπτικόν⁶</span> <span class='ocrx_word' id='word_1_108' title='bbox 1018 1484 1108 1542; x_wconf 86' lang='grc' dir='ltr'>διὰ</span> <span class='ocrx_word' id='word_1_109' title='bbox 1155 1484 1320 1537; x_wconf 86' lang='grc' dir='ltr'>τοῦτο</span> <span class='ocrx_word' id='word_1_110' title='bbox 1358 1483 1456 1538; x_wconf 77' lang='grc' dir='ltr'><strong>καὶ</strong></span> <span class='ocrx_word' id='word_1_111' title='bbox 1510 1482 1689 1555; x_wconf 77' lang='grc' dir='ltr'>δέρμα</span> <span class='ocrx_word' id='word_1_112' title='bbox 1736 1481 1937 1535; x_wconf 66' lang='grc' dir='ltr'>λεπτός</span> 
     </span>
    </p>
   </div>
   <div class='ocr_carea' id='block_1_16' title="bbox 333 1575 1933 1652">
    <p class='ocr_par' dir='ltr' id='par_1_16' title="bbox 333 1575 1933 1652">
     <span class='ocr_line' id='line_1_16' title="bbox 333 1575 1933 1652; baseline -0.003 -18"><span class='ocrx_word' id='word_1_113' title='bbox 333 1597 498 1652; x_wconf 80' lang='grc' dir='ltr'>τερον</span> <span class='ocrx_word' id='word_1_114' title='bbox 541 1578 751 1650; x_wconf 77' lang='grc' dir='ltr'>ἔχουσι,</span> <span class='ocrx_word' id='word_1_115' title='bbox 794 1578 891 1632; x_wconf 69' lang='grc' dir='ltr'><strong>καὶ</strong></span> <span class='ocrx_word' id='word_1_116' title='bbox 934 1577 1043 1649; x_wconf 84' lang='grc' dir='ltr'><strong>μῦς</strong></span> <span class='ocrx_word' id='word_1_117' title='bbox 1069 1579 1267 1643; x_wconf 82' lang='grc' dir='ltr'>αὐταῖς</span> <span class='ocrx_word' id='word_1_118' title='bbox 1302 1576 1657 1646; x_wconf 78' lang='grc' dir='ltr'>ὑπέστρωται</span> <span class='ocrx_word' id='word_1_119' title='bbox 1691 1575 1895 1630; x_wconf 75' lang='grc' dir='ltr'>ἔσωθεν</span> <span class='ocrx_word' id='word_1_120' title='bbox 1918 1591 1933 1605; x_wconf 91' lang='grc'><strong>·</strong></span> 
     </span>
    </p>
   </div>
   <div class='ocr_carea' id='block_1_17' title="bbox 338 1668 1942 1742">
    <p class='ocr_par' dir='ltr' id='par_1_17' title="bbox 338 1668 1942 1742">
     <span class='ocr_line' id='line_1_17' title="bbox 338 1668 1942 1742; baseline -0.002 -16"><span class='ocrx_word' id='word_1_121' title='bbox 338 1675 434 1726; x_wconf 75' lang='grc' dir='ltr'>καὶ</span> <span class='ocrx_word' id='word_1_122' title='bbox 461 1671 664 1742; x_wconf 77' lang='grc' dir='ltr'><strong>τριχῶν</strong></span> <span class='ocrx_word' id='word_1_123' title='bbox 695 1669 1013 1742; x_wconf 76' lang='grc' dir='ltr'><strong>ἀμοιροῦσι,</strong></span> <span class='ocrx_word' id='word_1_124' title='bbox 1046 1670 1138 1725; x_wconf 79' lang='grc' dir='ltr'><strong>ἵνα</strong></span> <span class='ocrx_word' id='word_1_125' title='bbox 1187 1670 1391 1741; x_wconf 77' lang='grc' dir='ltr'>μᾶλλον</span> <span class='ocrx_word' id='word_1_126' title='bbox 1416 1669 1527 1724; x_wconf 89' lang='grc' dir='ltr'><strong>τῶν</strong></span> <span class='ocrx_word' id='word_1_127' title='bbox 1555 1668 1745 1723; x_wconf 83' lang='grc' dir='ltr'>ἁπτῶν</span> <span class='ocrx_word' id='word_1_128' title='bbox 1789 1671 1942 1724; x_wconf 79' lang='grc' dir='ltr'>ἀντι-</span> 
     </span>
    </p>
   </div>
   <div class='ocr_carea' id='block_1_18' title="bbox 339 1762 1943 1845">
    <p class='ocr_par' dir='ltr' id='par_1_18' title="bbox 339 1762 1943 1845">
     <span class='ocr_line' id='line_1_18' title="bbox 339 1762 1943 1845; baseline -0.004 -23"><span class='ocrx_word' id='word_1_129' title='bbox 339 1764 744 1845; x_wconf 55' lang='grc' dir='ltr'>λαμϐάνωνται</span> <span class='ocrx_word' id='word_1_130' title='bbox 773 1764 1032 1835; x_wconf 82' lang='grc' dir='ltr'>τάχιστα.</span> <span class='ocrx_word' id='word_1_131' title='bbox 1079 1764 1202 1818; x_wconf 88' lang='grc' dir='ltr'>Τῶν</span> <span class='ocrx_word' id='word_1_132' title='bbox 1230 1763 1288 1818; x_wconf 82' lang='grc' dir='ltr'>δὲ</span> <span class='ocrx_word' id='word_1_133' title='bbox 1317 1764 1521 1836; x_wconf 84' lang='grc' dir='ltr'>χειρῶν</span> <span class='ocrx_word' id='word_1_134' title='bbox 1549 1765 1606 1818; x_wconf 81' lang='grc' dir='ltr'>αἱ</span> <span class='ocrx_word' id='word_1_135' title='bbox 1639 1763 1741 1835; x_wconf 79' lang='grc' dir='ltr'>μὲν</span> <span class='ocrx_word' id='word_1_136' title='bbox 1774 1762 1943 1834; x_wconf 78' lang='grc' dir='ltr'>σκληο</span> 
     </span>
    </p>
   </div>
   <div class='ocr_carea' id='block_1_19' title="bbox 344 1853 1944 1930">
    <p class='ocr_par' dir='ltr' id='par_1_19' title="bbox 344 1853 1944 1930">
     <span class='ocr_line' id='line_1_19' title="bbox 344 1853 1944 1930; baseline -0.003 -18"><span class='ocrx_word' id='word_1_137' title='bbox 344 1857 593 1930; x_wconf 81' lang='grc' dir='ltr'>ρότεραι,</span> <span class='ocrx_word' id='word_1_138' title='bbox 640 1856 779 1929; x_wconf 81' lang='grc' dir='ltr'>πρὸς</span> <span class='ocrx_word' id='word_1_139' title='bbox 823 1855 1113 1929; x_wconf 68' lang='grc' dir='ltr'>ἀντίληψιν</span> <span class='ocrx_word' id='word_1_140' title='bbox 1146 1857 1286 1910; x_wconf 75' lang='grc' dir='ltr'>εἰσὶν</span> <span class='ocrx_word' id='word_1_141' title='bbox 1334 1855 1709 1927; x_wconf 74' lang='grc' dir='ltr'>ἰσχυρότεραι,</span> <span class='ocrx_word' id='word_1_142' title='bbox 1751 1853 1944 1927; x_wconf 84' lang='grc' dir='ltr'>ὥσπερ</span> 
     </span>
    </p>
   </div>
   <div class='ocr_carea' id='block_1_20' title="bbox 341 1948 1944 2024">
    <p class='ocr_par' dir='ltr' id='par_1_20' title="bbox 341 1948 1944 2024">
     <span class='ocr_line' id='line_1_20' title="bbox 341 1948 1944 2024; baseline -0.004 -17"><span class='ocrx_word' id='word_1_143' title='bbox 341 1951 450 2007; x_wconf 86' lang='grc' dir='ltr'><strong>τῶν</strong></span> <span class='ocrx_word' id='word_1_144' title='bbox 479 1950 746 2024; x_wconf 77' lang='grc' dir='ltr'>γεωργῶν</span> <span class='ocrx_word' id='word_1_145' title='bbox 782 1951 878 2007; x_wconf 75' lang='grc' dir='ltr'><strong>καὶ</strong></span> <span class='ocrx_word' id='word_1_146' title='bbox 922 1948 1301 2021; x_wconf 79' lang='grc' dir='ltr'>κωπηλατῶν’</span> <span class='ocrx_word' id='word_1_147' title='bbox 1352 1951 1409 2005; x_wconf 83' lang='grc' dir='ltr'>αἱ</span> <span class='ocrx_word' id='word_1_148' title='bbox 1439 1949 1497 2006; x_wconf 83' lang='grc' dir='ltr'>δὲ</span> <span class='ocrx_word' id='word_1_149' title='bbox 1549 1948 1944 2020; x_wconf 82' lang='grc' dir='ltr'><strong>μαλακώτεραι</strong></span> 
     </span>
    </p>
   </div>
   <div class='ocr_carea' id='block_1_21' title="bbox 345 2042 1947 2119">
    <p class='ocr_par' dir='ltr' id='par_1_21' title="bbox 345 2042 1947 2119">
     <span class='ocr_line' id='line_1_21' title="bbox 345 2042 1947 2119; baseline -0.002 -21"><span class='ocrx_word' id='word_1_150' title='bbox 345 2045 485 2119; x_wconf 77' lang='grc' dir='ltr'>πρὸς</span> <span class='ocrx_word' id='word_1_151' title='bbox 519 2044 621 2117; x_wconf 79' lang='grc' dir='ltr'>τὴν</span> <span class='ocrx_word' id='word_1_152' title='bbox 655 2043 800 2117; x_wconf 64' lang='grc' dir='ltr'>ἁφὴν</span> <span class='ocrx_word' id='word_1_153' title='bbox 842 2044 1276 2117; x_wconf 79' lang='grc' dir='ltr'>ἀκρώέστεραι,</span> <span class='ocrx_word' id='word_1_154' title='bbox 1331 2042 1522 2116; x_wconf 77' lang='grc' dir='ltr'>ὥσπερ</span> <span class='ocrx_word' id='word_1_155' title='bbox 1560 2043 1616 2096; x_wconf 82' lang='grc' dir='ltr'><strong>αἱ</strong></span> <span class='ocrx_word' id='word_1_156' title='bbox 1648 2043 1758 2097; x_wconf 86' lang='grc' dir='ltr'><strong>τῶν</strong></span> <span class='ocrx_word' id='word_1_157' title='bbox 1804 2058 1947 2113; x_wconf 69' lang='grc' dir='ltr'>γραη</span> 
     </span>
    </p>
   </div>
   <div class='ocr_carea' id='block_1_22' title="bbox 346 2134 1948 2210">
    <p class='ocr_par' dir='ltr' id='par_1_22' title="bbox 346 2134 1948 2210">
     <span class='ocr_line' id='line_1_22' title="bbox 346 2134 1948 2210; baseline -0.005 -16"><span class='ocrx_word' id='word_1_158' title='bbox 346 2138 495 2209; x_wconf 80' lang='grc' dir='ltr'>φέων</span> <span class='ocrx_word' id='word_1_159' title='bbox 538 2138 572 2210; x_wconf 85' lang='grc' dir='ltr'>ἢ</span> <span class='ocrx_word' id='word_1_160' title='bbox 620 2137 728 2190; x_wconf 85' lang='grc' dir='ltr'><strong>τῶν</strong></span> <span class='ocrx_word' id='word_1_161' title='bbox 762 2136 1018 2210; x_wconf 59' lang='grc' dir='ltr'>ῥαπτῶν</span> <span class='ocrx_word' id='word_1_162' title='bbox 1052 2138 1148 2194; x_wconf 74' lang='grc' dir='ltr'><strong>καὶ</strong></span> <span class='ocrx_word' id='word_1_163' title='bbox 1179 2138 1290 2208; x_wconf 71' lang='grc' dir='ltr'><strong>γὰρ</strong></span> <span class='ocrx_word' id='word_1_164' title='bbox 1321 2135 1433 2190; x_wconf 88' lang='grc' dir='ltr'><strong>τῶν</strong></span> <span class='ocrx_word' id='word_1_165' title='bbox 1465 2134 1699 2206; x_wconf 77' lang='grc' dir='ltr'>νεύρων,</span> <span class='ocrx_word' id='word_1_166' title='bbox 1742 2134 1811 2188; x_wconf 74' lang='grc' dir='ltr'>τὰ</span> <span class='ocrx_word' id='word_1_167' title='bbox 1848 2134 1948 2205; x_wconf 81' lang='grc' dir='ltr'>μὲν</span> 
     </span>
    </p>
   </div>
   <div class='ocr_carea' id='block_1_23' title="bbox 351 2210 2026 2303">
    <p class='ocr_par' dir='ltr' id='par_1_23' title="bbox 351 2210 2026 2303">
     <span class='ocr_line' id='line_1_23' title="bbox 351 2210 2026 2303; baseline -0.002 -21"><span class='ocrx_word' id='word_1_168' title='bbox 351 2230 565 2303; x_wconf 69' lang='grc' dir='ltr'>σκληρὲ</span> <span class='ocrx_word' id='word_1_169' title='bbox 598 2229 740 2302; x_wconf 85' lang='grc' dir='ltr'>πρὸς</span> <span class='ocrx_word' id='word_1_170' title='bbox 786 2229 1031 2300; x_wconf 83' lang='grc' dir='ltr'>κίνησιν,</span> <span class='ocrx_word' id='word_1_171' title='bbox 1058 2228 1130 2282; x_wconf 86' lang='grc' dir='ltr'>τὰ</span> <span class='ocrx_word' id='word_1_172' title='bbox 1156 2228 1213 2282; x_wconf 77' lang='grc' dir='ltr'>δὲ</span> <span class='ocrx_word' id='word_1_173' title='bbox 1265 2226 1493 2300; x_wconf 78' lang='grc' dir='ltr'>μαλακὰ</span> <span class='ocrx_word' id='word_1_174' title='bbox 1524 2227 1662 2299; x_wconf 82' lang='grc' dir='ltr'>πρὸς</span> <span class='ocrx_word' id='word_1_175' title='bbox 1697 2225 1952 2298; x_wconf 80' lang='grc' dir='ltr'>αἴσθησίν</span> <span class='ocrx_word' id='word_1_176' title='bbox 1983 2210 2026 2266; x_wconf 75' lang='grc' dir='ltr'>Β</span> 
     </span>
    </p>
   </div>
   <div class='ocr_carea' id='block_1_24' title="bbox 344 2321 1952 2397">
    <p class='ocr_par' dir='ltr' id='par_1_24' title="bbox 344 2321 1952 2397">
     <span class='ocr_line' id='line_1_24' title="bbox 344 2321 1952 2397; baseline -0.004 -18"><span class='ocrx_word' id='word_1_177' title='bbox 344 2328 487 2381; x_wconf 74' lang='grc' dir='ltr'>εἰσιν</span> <span class='ocrx_word' id='word_1_178' title='bbox 513 2326 557 2358; x_wconf 69' lang='grc'><strong>’⁸</strong></span> <span class='ocrx_word' id='word_1_179' title='bbox 591 2324 1033 2397; x_wconf 70' lang='grc' dir='ltr'>ἐπιτηδειότερα.</span> <span class='ocrx_word' id='word_1_180' title='bbox 1066 2322 1255 2380; x_wconf 86' lang='grc' dir='ltr'>Ταῦτα</span> <span class='ocrx_word' id='word_1_181' title='bbox 1285 2322 1343 2379; x_wconf 78' lang='grc' dir='ltr'>δὲ</span> <span class='ocrx_word' id='word_1_182' title='bbox 1379 2322 1594 2392; x_wconf 76' lang='grc' dir='ltr'>καὶτῆς</span> <span class='ocrx_word' id='word_1_183' title='bbox 1623 2321 1774 2393; x_wconf 77' lang='grc' dir='ltr'>ἁφῆς</span> <span class='ocrx_word' id='word_1_184' title='bbox 1802 2324 1952 2375; x_wconf 83' lang='grc' dir='ltr'>ἐστιν</span> 
     </span>
    </p>
   </div>
   <div class='ocr_carea' id='block_1_25' title="bbox 353 2412 1951 2491">
    <p class='ocr_par' dir='ltr' id='par_1_25' title="bbox 353 2412 1951 2491">
     <span class='ocr_line' id='line_1_25' title="bbox 353 2412 1951 2491; baseline -0.008 -13"><span class='ocrx_word' id='word_1_185' title='bbox 353 2425 580 2491; x_wconf 75' lang='grc' dir='ltr'>ὄργαναο</span> <span class='ocrx_word' id='word_1_186' title='bbox 605 2416 694 2473; x_wconf 81' lang='grc' dir='ltr'>διὰ</span> <span class='ocrx_word' id='word_1_187' title='bbox 717 2415 829 2489; x_wconf 85' lang='grc' dir='ltr'>γὰρ</span> <span class='ocrx_word' id='word_1_188' title='bbox 851 2417 1059 2470; x_wconf 82' lang='grc' dir='ltr'>τούτων</span> <span class='ocrx_word' id='word_1_189' title='bbox 1085 2417 1118 2486; x_wconf 75' lang='grc' dir='ltr'>ἡ</span> <span class='ocrx_word' id='word_1_190' title='bbox 1144 2414 1246 2486; x_wconf 79' lang='grc' dir='ltr'>τῆς</span> <span class='ocrx_word' id='word_1_191' title='bbox 1268 2414 1415 2485; x_wconf 51' lang='grc' dir='ltr'>ἀρῆς</span> <span class='ocrx_word' id='word_1_192' title='bbox 1438 2412 1696 2485; x_wconf 76' lang='grc' dir='ltr'>αἴσθησις</span> <span class='ocrx_word' id='word_1_193' title='bbox 1718 2412 1951 2483; x_wconf 72' lang='grc' dir='ltr'>γίνεται*</span> 
     </span>
    </p>
   </div>
   <div class='ocr_carea' id='block_1_26' title="bbox 351 2505 1957 2585">
    <p class='ocr_par' dir='ltr' id='par_1_26' title="bbox 351 2505 1957 2585">
     <span class='ocr_line' id='line_1_26' title="bbox 351 2505 1957 2585; baseline -0.004 -19"><span class='ocrx_word' id='word_1_194' title='bbox 351 2510 563 2585; x_wconf 85' lang='grc' dir='ltr'>θερμοῦ</span> <span class='ocrx_word' id='word_1_195' title='bbox 609 2510 707 2566; x_wconf 77' lang='grc' dir='ltr'>καὶ</span> <span class='ocrx_word' id='word_1_196' title='bbox 731 2509 971 2584; x_wconf 81' lang='grc' dir='ltr'>ψυχροῦ,</span> <span class='ocrx_word' id='word_1_197' title='bbox 999 2508 1174 2581; x_wconf 81' lang='grc' dir='ltr'>ὑγροῦ</span> <span class='ocrx_word' id='word_1_198' title='bbox 1205 2510 1303 2562; x_wconf 69' lang='grc' dir='ltr'><strong>καὶ</strong></span> <span class='ocrx_word' id='word_1_199' title='bbox 1334 2507 1529 2579; x_wconf 80' lang='grc' dir='ltr'>ξηροῦ,</span> <span class='ocrx_word' id='word_1_200' title='bbox 1568 2508 1665 2561; x_wconf 73' lang='grc' dir='ltr'><strong>καὶ</strong></span> <span class='ocrx_word' id='word_1_201' title='bbox 1694 2506 1804 2561; x_wconf 87' lang='grc' dir='ltr'><strong>τῶν</strong></span> <span class='ocrx_word' id='word_1_202' title='bbox 1829 2505 1957 2559; x_wconf 88' lang='grc' dir='ltr'>τού-</span> 
     </span>
    </p>
   </div>
   <div class='ocr_carea' id='block_1_27' title="bbox 350 2599 1953 2676">
    <p class='ocr_par' dir='ltr' id='par_1_27' title="bbox 350 2599 1953 2676">
     <span class='ocr_line' id='line_1_27' title="bbox 350 2599 1953 2676; baseline -0.002 -19"><span class='ocrx_word' id='word_1_203' title='bbox 350 2620 467 2667; x_wconf 79' lang='grc' dir='ltr'>τοις</span> <span class='ocrx_word' id='word_1_204' title='bbox 514 2603 825 2676; x_wconf 78' lang='grc' dir='ltr'>ἑπομένων.</span> <span class='ocrx_word' id='word_1_205' title='bbox 878 2603 989 2657; x_wconf 75' lang='grc' dir='ltr'>Καὶ</span> <span class='ocrx_word' id='word_1_206' title='bbox 1032 2600 1209 2658; x_wconf 87' lang='grc' dir='ltr'>ταῦτα</span> <span class='ocrx_word' id='word_1_207' title='bbox 1252 2601 1353 2672; x_wconf 77' lang='grc' dir='ltr'><strong>μὲν</strong></span> <span class='ocrx_word' id='word_1_208' title='bbox 1377 2600 1447 2655; x_wconf 69' lang='grc' dir='ltr'>τὰ</span> <span class='ocrx_word' id='word_1_209' title='bbox 1482 2603 1547 2654; x_wconf 70' lang='grc' dir='ltr'>ἐκ</span> <span class='ocrx_word' id='word_1_210' title='bbox 1577 2599 1953 2670; x_wconf 78' lang='grc' dir='ltr'>κατασκευῆς,</span> 
     </span>
    </p>
   </div>
   <div class='ocr_carea' id='block_1_28' title="bbox 352 2695 1954 2769">
    <p class='ocr_par' dir='ltr' id='par_1_28' title="bbox 352 2695 1954 2769">
     <span class='ocr_line' id='line_1_28' title="bbox 352 2695 1954 2769; baseline -0.002 -18"><span class='ocrx_word' id='word_1_211' title='bbox 352 2698 451 2752; x_wconf 74' lang='grc' dir='ltr'>καὶ</span> <span class='ocrx_word' id='word_1_212' title='bbox 498 2696 769 2769; x_wconf 80' lang='grc' dir='ltr'>φυσικῶς,</span> <span class='ocrx_word' id='word_1_213' title='bbox 804 2695 900 2756; x_wconf 72' lang='grc' dir='ltr'><strong>καὶ</strong></span> <span class='ocrx_word' id='word_1_214' title='bbox 929 2696 1018 2754; x_wconf 82' lang='grc' dir='ltr'>διὰ</span> <span class='ocrx_word' id='word_1_215' title='bbox 1051 2696 1349 2767; x_wconf 84' lang='grc' dir='ltr'>μαθήσεως</span> <span class='ocrx_word' id='word_1_216' title='bbox 1377 2695 1656 2766; x_wconf 86' lang='grc' dir='ltr'>προσόντα</span> <span class='ocrx_word' id='word_1_217' title='bbox 1683 2697 1752 2767; x_wconf 84' lang='grc' dir='ltr'>τῇ</span> <span class='ocrx_word' id='word_1_218' title='bbox 1773 2696 1954 2767; x_wconf 84' lang='grc' dir='ltr'>χειρί·</span> 
     </span>
    </p>
   </div>
   <div class='ocr_carea' id='block_1_29' title="bbox 353 2784 1959 2860">
    <p class='ocr_par' dir='ltr' id='par_1_29' title="bbox 353 2784 1959 2860">
     <span class='ocr_line' id='line_1_29' title="bbox 353 2784 1959 2860; baseline -0.002 -14"><span class='ocrx_word' id='word_1_219' title='bbox 353 2791 499 2860; x_wconf 76' lang='grc' dir='ltr'>ἅπερ</span> <span class='ocrx_word' id='word_1_220' title='bbox 533 2791 590 2848; x_wconf 78' lang='grc' dir='ltr'>δὲ</span> <span class='ocrx_word' id='word_1_221' title='bbox 638 2790 1047 2860; x_wconf 73' lang='grc' dir='ltr'>ὲκσχετικοῖςίν</span> <span class='ocrx_word' id='word_1_222' title='bbox 1102 2784 1214 2843; x_wconf 79' lang='grc' dir='ltr'>οἷον</span> <span class='ocrx_word' id='word_1_223' title='bbox 1240 2789 1472 2858; x_wconf 79' lang='grc' dir='ltr'><strong>ἀγάπης</strong></span> <span class='ocrx_word' id='word_1_224' title='bbox 1517 2789 1783 2860; x_wconf 83' lang='grc' dir='ltr'>κέκτηται</span> <span class='ocrx_word' id='word_1_225' title='bbox 1821 2790 1959 2860; x_wconf 82' lang='grc' dir='ltr'>πρὸς</span> 
     </span>
    </p>
   </div>
   <div class='ocr_carea' id='block_1_30' title="bbox 354 2882 1956 2955">
    <p class='ocr_par' dir='ltr' id='par_1_30' title="bbox 354 2882 1956 2955">
     <span class='ocr_line' id='line_1_30' title="bbox 354 2882 1956 2955; baseline -0.007 -16"><span class='ocrx_word' id='word_1_226' title='bbox 354 2883 476 2939; x_wconf 79' lang='grc' dir='ltr'>ὅλον</span> <span class='ocrx_word' id='word_1_227' title='bbox 522 2883 584 2938; x_wconf 81' lang='grc' dir='ltr'>τὸ</span> <span class='ocrx_word' id='word_1_228' title='bbox 639 2883 826 2955; x_wconf 88' lang='grc' dir='ltr'>σῶμα,</span> <span class='ocrx_word' id='word_1_229' title='bbox 869 2883 993 2937; x_wconf 79' lang='grc' dir='ltr'>οὐδὲ</span> <span class='ocrx_word' id='word_1_230' title='bbox 1023 2883 1275 2954; x_wconf 82' lang='grc' dir='ltr'>τυφλοῖς,</span> <span class='ocrx_word' id='word_1_231' title='bbox 1312 2884 1341 2937; x_wconf 84' lang='grc' dir='ltr'><strong>ὃ</strong></span> <span class='ocrx_word' id='word_1_232' title='bbox 1374 2899 1564 2953; x_wconf 74' lang='grc' dir='ltr'>φασιν,</span> <span class='ocrx_word' id='word_1_233' title='bbox 1594 2882 1869 2952; x_wconf 78' lang='grc' dir='ltr'>ἠγνόηται</span> <span class='ocrx_word' id='word_1_234' title='bbox 1890 2883 1956 2914; x_wconf 74' lang='grc' dir='ltr'><strong>ιο·</strong></span> 
     </span>
    </p>
   </div>
   <div class='ocr_carea' id='block_1_31' title="bbox 356 2974 1959 3049">
    <p class='ocr_par' dir='ltr' id='par_1_31' title="bbox 356 2974 1959 3049">
     <span class='ocr_line' id='line_1_31' title="bbox 356 2974 1959 3049; baseline -0.002 -18"><span class='ocrx_word' id='word_1_235' title='bbox 356 2976 741 3049; x_wconf 73' lang='grc' dir='ltr'>Προσέπταισε</span> <span class='ocrx_word' id='word_1_236' title='bbox 791 2975 902 3048; x_wconf 83' lang='grc' dir='ltr'>γὰρ</span> <span class='ocrx_word' id='word_1_237' title='bbox 936 2976 1017 3040; x_wconf 85' lang='grc' dir='ltr'>εἰς</span> <span class='ocrx_word' id='word_1_238' title='bbox 1058 2974 1209 3030; x_wconf 80' lang='grc' dir='ltr'>λίθον</span> <span class='ocrx_word' id='word_1_239' title='bbox 1242 2976 1270 3030; x_wconf 85' lang='grc' dir='ltr'>ὁ</span> <span class='ocrx_word' id='word_1_240' title='bbox 1311 2974 1577 3039; x_wconf 72' lang='grc' dir='ltr'>δάκτυλος</span> <span class='ocrx_word' id='word_1_241' title='bbox 1623 2974 1722 3029; x_wconf 87' lang='grc' dir='ltr'><strong>τοῦ</strong></span> <span class='ocrx_word' id='word_1_242' title='bbox 1763 2974 1959 3041; x_wconf 81' lang='grc' dir='ltr'>ποδός;</span> 
     </span>
    </p>
   </div>
   <div class='ocr_carea' id='block_1_32' title="bbox 356 3067 1963 3143">
    <p class='ocr_par' dir='ltr' id='par_1_32' title="bbox 356 3067 1963 3143">
     <span class='ocr_line' id='line_1_32' title="bbox 356 3067 1963 3143; baseline -0.002 -18"><span class='ocrx_word' id='word_1_243' title='bbox 356 3070 454 3126; x_wconf 78' lang='grc' dir='ltr'>καὶ</span> <span class='ocrx_word' id='word_1_244' title='bbox 478 3070 619 3143; x_wconf 82' lang='grc' dir='ltr'>αὑτὴ</span> <span class='ocrx_word' id='word_1_245' title='bbox 646 3069 810 3135; x_wconf 72' lang='grc' dir='ltr'>εὐθὺς</span> <span class='ocrx_word' id='word_1_246' title='bbox 835 3070 1097 3140; x_wconf 81' lang='grc' dir='ltr'>ὲρεθεῖσα</span> <span class='ocrx_word' id='word_1_247' title='bbox 1126 3070 1171 3106; x_wconf 79' lang='grc'>³⁸</span> <span class='ocrx_word' id='word_1_248' title='bbox 1196 3071 1317 3124; x_wconf 80' lang='grc' dir='ltr'>ἐκεῖ</span> <span class='ocrx_word' id='word_1_249' title='bbox 1346 3067 1769 3140; x_wconf 77' lang='grc' dir='ltr'>περιπλέκεται,</span> <span class='ocrx_word' id='word_1_250' title='bbox 1803 3085 1963 3140; x_wconf 85' lang='grc' dir='ltr'>περι-</span> 
     </span>
    </p>
   </div>
   <div class='ocr_carea' id='block_1_33' title="bbox 360 3157 1966 3236">
    <p class='ocr_par' dir='ltr' id='par_1_33' title="bbox 360 3157 1966 3236">
     <span class='ocr_line' id='line_1_33' title="bbox 360 3157 1966 3236; baseline -0.002 -17"><span class='ocrx_word' id='word_1_251' title='bbox 360 3163 627 3235; x_wconf 82' lang='grc' dir='ltr'>σφίγγει,</span> <span class='ocrx_word' id='word_1_252' title='bbox 678 3163 1043 3236; x_wconf 79' lang='grc' dir='ltr'>περισύρεται</span> <span class='ocrx_word' id='word_1_253' title='bbox 1110 3163 1182 3236; x_wconf 82' lang='grc' dir='ltr'>τῷ</span> <span class='ocrx_word' id='word_1_254' title='bbox 1227 3163 1558 3236; x_wconf 81' lang='grc' dir='ltr'>ὀδυνωμένῳ</span> <span class='ocrx_word' id='word_1_255' title='bbox 1577 3164 1646 3229; x_wconf 76' lang='grc'>⁸³,</span> <span class='ocrx_word' id='word_1_256' title='bbox 1702 3161 1805 3217; x_wconf 73' lang='grc' dir='ltr'>καῖ</span> <span class='ocrx_word' id='word_1_257' title='bbox 1851 3157 1966 3217; x_wconf 79' lang='grc' dir='ltr'>οἷον</span> 
     </span>
    </p>
   </div>
   <div class='ocr_carea' id='block_1_34' title="bbox 363 3254 1963 3332">
    <p class='ocr_par' dir='ltr' id='par_1_34' title="bbox 363 3254 1963 3332">
     <span class='ocr_line' id='line_1_34' title="bbox 363 3254 1963 3332; baseline -0.002 -20"><span class='ocrx_word' id='word_1_258' title='bbox 363 3258 727 3331; x_wconf 75' lang='grc' dir='ltr'>ἀσπαζομένη</span> <span class='ocrx_word' id='word_1_259' title='bbox 777 3257 1192 3332; x_wconf 83' lang='grc' dir='ltr'>παραμυθεῖται</span> <span class='ocrx_word' id='word_1_260' title='bbox 1240 3257 1341 3330; x_wconf 84' lang='grc' dir='ltr'><strong>τὴν</strong></span> <span class='ocrx_word' id='word_1_261' title='bbox 1371 3254 1712 3311; x_wconf 72' lang='grc' dir='ltr'>ἐπελθοῦσαν</span> <span class='ocrx_word' id='word_1_262' title='bbox 1745 3255 1963 3327; x_wconf 82' lang='grc' dir='ltr'><strong>ὀδύνην.</strong></span> 
     </span>
    </p>
   </div>
   <div class='ocr_carea' id='block_1_35' title="bbox 365 3349 1968 3423">
    <p class='ocr_par' dir='ltr' id='par_1_35' title="bbox 365 3349 1968 3423">
     <span class='ocr_line' id='line_1_35' title="bbox 365 3349 1968 3423; baseline -0.003 -16"><span class='ocrx_word' id='word_1_263' title='bbox 365 3352 613 3407; x_wconf 75' lang='grc' dir='ltr'>’Δκανθα</span> <span class='ocrx_word' id='word_1_264' title='bbox 660 3353 913 3423; x_wconf 78' lang='grc' dir='ltr'>ὲνεπάγη</span> <span class='ocrx_word' id='word_1_265' title='bbox 939 3351 1019 3422; x_wconf 84' lang='grc' dir='ltr'>τῷ</span> <span class='ocrx_word' id='word_1_266' title='bbox 1062 3350 1220 3415; x_wconf 86' lang='grc' dir='ltr'>ποδί;</span> <span class='ocrx_word' id='word_1_267' title='bbox 1257 3352 1353 3405; x_wconf 77' lang='grc' dir='ltr'>καὶ</span> <span class='ocrx_word' id='word_1_268' title='bbox 1375 3350 1574 3405; x_wconf 87' lang='grc' dir='ltr'>σκόπει</span> <span class='ocrx_word' id='word_1_269' title='bbox 1608 3349 1784 3423; x_wconf 83' lang='grc' dir='ltr'>αὐτὴν</span> <span class='ocrx_word' id='word_1_270' title='bbox 1809 3366 1968 3421; x_wconf 82' lang='grc' dir='ltr'>περι-</span> 
     </span>
    </p>
   </div>
   <div class='ocr_carea' id='block_1_36' title="bbox 361 3441 1970 3519">
    <p class='ocr_par' dir='ltr' id='par_1_36' title="bbox 361 3441 1970 3519">
     <span class='ocr_line' id='line_1_36' title="bbox 361 3441 1970 3519; baseline -0.004 -18"><span class='ocrx_word' id='word_1_271' title='bbox 361 3447 673 3519; x_wconf 77' lang='grc' dir='ltr'>τρέχουσαν</span> <span class='ocrx_word' id='word_1_272' title='bbox 718 3445 875 3500; x_wconf 74' lang='grc' dir='ltr'>ἔνθεν</span> <span class='ocrx_word' id='word_1_273' title='bbox 920 3443 1182 3497; x_wconf 84' lang='grc' dir='ltr'>κάκεῖθεν</span> <span class='ocrx_word' id='word_1_274' title='bbox 1204 3444 1275 3509; x_wconf 80' lang='grc'><strong>³³,</strong></span> <span class='ocrx_word' id='word_1_275' title='bbox 1329 3442 1733 3507; x_wconf 78' lang='grc' dir='ltr'>ἑξελκύσασθαι</span> <span class='ocrx_word' id='word_1_276' title='bbox 1757 3441 1970 3514; x_wconf 82' lang='grc' dir='ltr'>ταύτην</span> 
     </span>
    </p>
   </div>
   <div class='ocr_carea' id='block_1_37' title="bbox 2032 904 3643 990">
    <p class='ocr_par' dir='ltr' id='par_1_37' title="bbox 2032 904 3643 990">
     <span class='ocr_line' id='line_1_37' title="bbox 2032 904 3643 990; baseline -0.013 -15"><span class='ocrx_word' id='word_1_277' title='bbox 2032 935 2132 976; x_wconf 91' lang='lat' dir='ltr'><strong>ceu</strong></span> <span class='ocrx_word' id='word_1_278' title='bbox 2200 930 2505 990; x_wconf 84' lang='lat' dir='ltr'><strong>gnomonas</strong></span> <span class='ocrx_word' id='word_1_279' title='bbox 2564 911 2836 983; x_wconf 90' lang='lat' dir='ltr'><strong>quosdam</strong></span> <span class='ocrx_word' id='word_1_280' title='bbox 2894 908 2963 963; x_wconf 88' lang='lat' dir='ltr'><strong>ad</strong></span> <span class='ocrx_word' id='word_1_281' title='bbox 3028 916 3233 962; x_wconf 86' lang='lat' dir='ltr'><strong>tactum</strong></span> <span class='ocrx_word' id='word_1_282' title='bbox 3297 904 3476 961; x_wconf 85' lang='lat' dir='ltr'><strong>sortiti</strong></span> <span class='ocrx_word' id='word_1_283' title='bbox 3550 920 3643 957; x_wconf 86' lang='lat' dir='ltr'><strong>su-</strong></span> 
     </span>
    </p>
   </div>
   <div class='ocr_carea' id='block_1_38' title="bbox 2035 995 3638 1079">
    <p class='ocr_par' dir='ltr' id='par_1_38' title="bbox 2035 995 3638 1079">
     <span class='ocr_line' id='line_1_38' title="bbox 2035 995 3638 1079; baseline -0.013 -13"><span class='ocrx_word' id='word_1_284' title='bbox 2035 1027 2161 1067; x_wconf 90' lang='lat' dir='ltr'><strong>mus</strong></span> <span class='ocrx_word' id='word_1_285' title='bbox 2209 1029 2223 1065; x_wconf 90' lang='lat'><strong>:</strong></span> <span class='ocrx_word' id='word_1_286' title='bbox 2274 1008 2476 1079; x_wconf 82' lang='lat' dir='ltr'><strong>quibus</strong></span> <span class='ocrx_word' id='word_1_287' title='bbox 2513 1047 2528 1074; x_wconf 92' lang='lat'><strong>,</strong></span> <span class='ocrx_word' id='word_1_288' title='bbox 2566 1003 2714 1076; x_wconf 91' lang='lat' dir='ltr'><strong>quod</strong></span> <span class='ocrx_word' id='word_1_289' title='bbox 2766 1002 2939 1064; x_wconf 77' lang='lat' dir='ltr'><strong>laeve,</strong></span> <span class='ocrx_word' id='word_1_290' title='bbox 2988 1013 3285 1068; x_wconf 79' lang='lat' dir='ltr'><strong>aSperum,</strong></span> <span class='ocrx_word' id='word_1_291' title='bbox 3323 995 3534 1066; x_wconf 84' lang='lat' dir='ltr'><strong>aequale</strong></span> <span class='ocrx_word' id='word_1_292' title='bbox 3591 1005 3638 1046; x_wconf 77' lang='lat' dir='ltr'><strong>et</strong></span> 
     </span>
    </p>
   </div>
   <div class='ocr_carea' id='block_1_39' title="bbox 2037 1086 3643 1171">
    <p class='ocr_par' dir='ltr' id='par_1_39' title="bbox 2037 1086 3643 1171">
     <span class='ocr_line' id='line_1_39' title="bbox 2037 1086 3643 1171; baseline -0.016 -13"><span class='ocrx_word' id='word_1_293' title='bbox 2037 1101 2307 1171; x_wconf 75' lang='lat' dir='ltr'><strong>inzequale</strong></span> <span class='ocrx_word' id='word_1_294' title='bbox 2353 1108 2437 1155; x_wconf 91' lang='lat' dir='ltr'><strong>est</strong></span> <span class='ocrx_word' id='word_1_295' title='bbox 2486 1107 2743 1153; x_wconf 88' lang='lat' dir='ltr'><strong>accurate</strong></span> <span class='ocrx_word' id='word_1_296' title='bbox 2781 1092 3263 1162; x_wconf 86' lang='lat' dir='ltr'><strong>deprehendimus.</strong></span> <span class='ocrx_word' id='word_1_297' title='bbox 3313 1086 3490 1143; x_wconf 85' lang='lat' dir='ltr'><strong>llomo</strong></span> <span class='ocrx_word' id='word_1_298' title='bbox 3539 1103 3643 1140; x_wconf 81' lang='lat' dir='ltr'><strong>an-</strong></span> 
     </span>
    </p>
   </div>
   <div class='ocr_carea' id='block_1_40' title="bbox 2036 1191 3645 1275">
    <p class='ocr_par' dir='ltr' id='par_1_40' title="bbox 2036 1191 3645 1275">
     <span class='ocr_line' id='line_1_40' title="bbox 2036 1191 3645 1275; baseline -0.009 -15"><span class='ocrx_word' id='word_1_299' title='bbox 2036 1214 2146 1261; x_wconf 89' lang='lat' dir='ltr'><strong>tcm</strong></span> <span class='ocrx_word' id='word_1_300' title='bbox 2212 1212 2410 1275; x_wconf 80' lang='lat' dir='ltr'><strong>praeter</strong></span> <span class='ocrx_word' id='word_1_301' title='bbox 2460 1200 2568 1256; x_wconf 83' lang='lat' dir='ltr'><strong>alia</strong></span> <span class='ocrx_word' id='word_1_302' title='bbox 2617 1197 2877 1254; x_wconf 81' lang='lat' dir='ltr'><strong>animalia</strong></span> <span class='ocrx_word' id='word_1_303' title='bbox 2944 1195 3036 1251; x_wconf 87' lang='lat' dir='ltr'><strong>tali</strong></span> <span class='ocrx_word' id='word_1_304' title='bbox 3094 1192 3345 1249; x_wconf 87' lang='lat' dir='ltr'><strong>sensorio</strong></span> <span class='ocrx_word' id='word_1_305' title='bbox 3403 1191 3645 1246; x_wconf 89' lang='lat' dir='ltr'><strong>exactis-</strong></span> 
     </span>
    </p>
   </div>
   <div class='ocr_carea' id='block_1_41' title="bbox 2038 1282 3642 1367">
    <p class='ocr_par' dir='ltr' id='par_1_41' title="bbox 2038 1282 3642 1367">
     <span class='ocr_line' id='line_1_41' title="bbox 2038 1282 3642 1367; baseline -0.009 -15"><span class='ocrx_word' id='word_1_306' title='bbox 2038 1298 2180 1352; x_wconf 86' lang='lat' dir='ltr'><strong>sime</strong></span> <span class='ocrx_word' id='word_1_307' title='bbox 2212 1294 2473 1367; x_wconf 75' lang='lat' dir='ltr'><strong>praeditus</strong></span> <span class='ocrx_word' id='word_1_308' title='bbox 2500 1295 2617 1348; x_wconf 85' lang='lat' dir='ltr'><strong>est.</strong></span> <span class='ocrx_word' id='word_1_309' title='bbox 2666 1289 2785 1345; x_wconf 82' lang='lat' dir='ltr'><strong>Non</strong></span> <span class='ocrx_word' id='word_1_310' title='bbox 2827 1287 2993 1345; x_wconf 90' lang='lat' dir='ltr'><strong>modo</strong></span> <span class='ocrx_word' id='word_1_311' title='bbox 3053 1295 3236 1343; x_wconf 90' lang='lat' dir='ltr'><strong>autem</strong></span> <span class='ocrx_word' id='word_1_312' title='bbox 3285 1301 3468 1341; x_wconf 86' lang='lat' dir='ltr'><strong>rerum</strong></span> <span class='ocrx_word' id='word_1_313' title='bbox 3508 1282 3642 1352; x_wconf 86' lang='lat' dir='ltr'><strong>Opi-</strong></span> 
     </span>
    </p>
   </div>
   <div class='ocr_carea' id='block_1_42' title="bbox 2040 1378 3644 1458">
    <p class='ocr_par' dir='ltr' id='par_1_42' title="bbox 2040 1378 3644 1458">
     <span class='ocr_line' id='line_1_42' title="bbox 2040 1378 3644 1458; baseline -0.01 -12"><span class='ocrx_word' id='word_1_314' title='bbox 2040 1391 2129 1446; x_wconf 76' lang='lat' dir='ltr'><strong>fex</strong></span> <span class='ocrx_word' id='word_1_315' title='bbox 2158 1430 2173 1454; x_wconf 90' lang='lat'><strong>,</strong></span> <span class='ocrx_word' id='word_1_316' title='bbox 2213 1404 2412 1445; x_wconf 84' lang='lat' dir='ltr'><strong>manus</strong></span> <span class='ocrx_word' id='word_1_317' title='bbox 2460 1388 2629 1458; x_wconf 84' lang='lat' dir='ltr'><strong>ipsas,</strong></span> <span class='ocrx_word' id='word_1_318' title='bbox 2664 1386 3093 1442; x_wconf 85' lang='lat' dir='ltr'><strong>instrumentum</strong></span> <span class='ocrx_word' id='word_1_319' title='bbox 3155 1383 3222 1439; x_wconf 87' lang='lat' dir='ltr'><strong>ad</strong></span> <span class='ocrx_word' id='word_1_320' title='bbox 3290 1396 3381 1434; x_wconf 90' lang='lat' dir='ltr'><strong>res</strong></span> <span class='ocrx_word' id='word_1_321' title='bbox 3421 1378 3644 1449; x_wconf 85' lang='lat' dir='ltr'><strong>capien-</strong></span> 
     </span>
    </p>
   </div>
   <div class='ocr_carea' id='block_1_43' title="bbox 2042 1468 3646 1550">
    <p class='ocr_par' dir='ltr' id='par_1_43' title="bbox 2042 1468 3646 1550">
     <span class='ocr_line' id='line_1_43' title="bbox 2042 1468 3646 1550; baseline -0.012 -12"><span class='ocrx_word' id='word_1_322' title='bbox 2042 1484 2163 1550; x_wconf 88' lang='lat' dir='ltr'><strong>das,</strong></span> <span class='ocrx_word' id='word_1_323' title='bbox 2195 1496 2388 1536; x_wconf 79' lang='lat' dir='ltr'><strong>verum</strong></span> <span class='ocrx_word' id='word_1_324' title='bbox 2430 1481 2595 1535; x_wconf 88' lang='lat' dir='ltr'><strong>etiam</strong></span> <span class='ocrx_word' id='word_1_325' title='bbox 2629 1478 2696 1532; x_wconf 90' lang='lat' dir='ltr'><strong>ad</strong></span> <span class='ocrx_word' id='word_1_326' title='bbox 2729 1485 2912 1531; x_wconf 88' lang='lat' dir='ltr'><strong>tactus</strong></span> <span class='ocrx_word' id='word_1_327' title='bbox 2942 1488 3102 1530; x_wconf 89' lang='lat' dir='ltr'><strong>usum</strong></span> <span class='ocrx_word' id='word_1_328' title='bbox 3123 1514 3137 1539; x_wconf 96' lang='lat'><strong>,</strong></span> <span class='ocrx_word' id='word_1_329' title='bbox 3167 1470 3496 1531; x_wconf 86' lang='lat' dir='ltr'><strong>constituit,</strong></span> <span class='ocrx_word' id='word_1_330' title='bbox 3543 1468 3646 1525; x_wconf 75' lang='lat' dir='ltr'><strong>liae</strong></span> 
     </span>
    </p>
   </div>
   <div class='ocr_carea' id='block_1_44' title="bbox 2043 1563 3640 1645">
    <p class='ocr_par' dir='ltr' id='par_1_44' title="bbox 2043 1563 3640 1645">
     <span class='ocr_line' id='line_1_44' title="bbox 2043 1563 3640 1645; baseline -0.006 -14"><span class='ocrx_word' id='word_1_331' title='bbox 2043 1577 2111 1632; x_wconf 83' lang='lat' dir='ltr'><strong>de</strong></span> <span class='ocrx_word' id='word_1_332' title='bbox 2138 1590 2328 1636; x_wconf 87' lang='lat' dir='ltr'><strong>causa,</strong></span> <span class='ocrx_word' id='word_1_333' title='bbox 2352 1574 2486 1645; x_wconf 85' lang='lat' dir='ltr'><strong>ipsis</strong></span> <span class='ocrx_word' id='word_1_334' title='bbox 2506 1572 2706 1628; x_wconf 79' lang='lat' dir='ltr'><strong>exilem</strong></span> <span class='ocrx_word' id='word_1_335' title='bbox 2732 1580 2937 1636; x_wconf 89' lang='lat' dir='ltr'><strong>cutem,</strong></span> <span class='ocrx_word' id='word_1_336' title='bbox 2962 1567 3379 1636; x_wconf 78' lang='lat' dir='ltr'><strong>musculosque,</strong></span> <span class='ocrx_word' id='word_1_337' title='bbox 3410 1563 3640 1621; x_wconf 80' lang='lat' dir='ltr'><strong>interius</strong></span> 
     </span>
    </p>
   </div>
   <div class='ocr_carea' id='block_1_45' title="bbox 2044 1660 3639 1738">
    <p class='ocr_par' dir='ltr' id='par_1_45' title="bbox 2044 1660 3639 1738">
     <span class='ocr_line' id='line_1_45' title="bbox 2044 1660 3639 1738; baseline -0.009 -14"><span class='ocrx_word' id='word_1_338' title='bbox 2044 1666 2473 1738; x_wconf 76' lang='lat' dir='ltr'><strong>superinduxit;</strong></span> <span class='ocrx_word' id='word_1_339' title='bbox 2512 1679 2673 1735; x_wconf 88' lang='lat' dir='ltr'><strong>quam</strong></span> <span class='ocrx_word' id='word_1_340' title='bbox 2728 1672 2942 1734; x_wconf 89' lang='lat' dir='ltr'><strong>partem</strong></span> <span class='ocrx_word' id='word_1_341' title='bbox 2976 1660 3105 1735; x_wconf 87' lang='lat' dir='ltr'><strong>pilis</strong></span> <span class='ocrx_word' id='word_1_342' title='bbox 3148 1660 3313 1713; x_wconf 87' lang='lat' dir='ltr'><strong>etiam</strong></span> <span class='ocrx_word' id='word_1_343' title='bbox 3357 1666 3639 1711; x_wconf 72' lang='lat' dir='ltr'><strong>vacantem</strong></span> 
     </span>
    </p>
   </div>
   <div class='ocr_carea' id='block_1_46' title="bbox 2045 1748 3646 1828">
    <p class='ocr_par' dir='ltr' id='par_1_46' title="bbox 2045 1748 3646 1828">
     <span class='ocr_line' id='line_1_46' title="bbox 2045 1748 3646 1828; baseline -0.01 -9"><span class='ocrx_word' id='word_1_344' title='bbox 2045 1777 2168 1819; x_wconf 90' lang='lat' dir='ltr'><strong>esse</strong></span> <span class='ocrx_word' id='word_1_345' title='bbox 2203 1759 2397 1823; x_wconf 72' lang='lat' dir='ltr'><strong>voluit,</strong></span> <span class='ocrx_word' id='word_1_346' title='bbox 2429 1772 2541 1828; x_wconf 93' lang='lat' dir='ltr'><strong>quo</strong></span> <span class='ocrx_word' id='word_1_347' title='bbox 2572 1755 2985 1827; x_wconf 89' lang='lat' dir='ltr'><strong>quamprimum</strong></span> <span class='ocrx_word' id='word_1_348' title='bbox 3014 1752 3195 1808; x_wconf 89' lang='lat' dir='ltr'><strong>omnis</strong></span> <span class='ocrx_word' id='word_1_349' title='bbox 3223 1750 3383 1827; x_wconf 75' lang='lat'><strong>123</strong></span> <span class='ocrx_word' id='word_1_350' title='bbox 3429 1748 3646 1821; x_wconf 76' lang='lat' dir='ltr'><strong>generis</strong></span> 
     </span>
    </p>
   </div>
   <div class='ocr_carea' id='block_1_47' title="bbox 2046 1847 3653 1925">
    <p class='ocr_par' dir='ltr' id='par_1_47' title="bbox 2046 1847 3653 1925">
     <span class='ocr_line' id='line_1_47' title="bbox 2046 1847 3653 1925; baseline -0.009 -13"><span class='ocrx_word' id='word_1_351' title='bbox 2046 1871 2138 1912; x_wconf 88' lang='lat' dir='ltr'><strong>res</strong></span> <span class='ocrx_word' id='word_1_352' title='bbox 2183 1851 2675 1925; x_wconf 86' lang='lat' dir='ltr'><strong>deprehenderent.</strong></span> <span class='ocrx_word' id='word_1_353' title='bbox 2732 1847 3016 1920; x_wconf 86' lang='lat' dir='ltr'><strong>Siquidem</strong></span> <span class='ocrx_word' id='word_1_354' title='bbox 3081 1862 3280 1901; x_wconf 87' lang='lat' dir='ltr'><strong>manus</strong></span> <span class='ocrx_word' id='word_1_355' title='bbox 3325 1861 3446 1916; x_wconf 79' lang='lat' dir='ltr'><strong>qua:</strong></span> <span class='ocrx_word' id='word_1_356' title='bbox 3492 1859 3653 1914; x_wconf 72' lang='lat' dir='ltr'><strong>aspe-</strong></span> 
     </span>
    </p>
   </div>
   <div class='ocr_carea' id='block_1_48' title="bbox 2050 1937 3656 2015">
    <p class='ocr_par' dir='ltr' id='par_1_48' title="bbox 2050 1937 3656 2015">
     <span class='ocr_line' id='line_1_48' title="bbox 2050 1937 3656 2015; baseline -0.009 -10"><span class='ocrx_word' id='word_1_357' title='bbox 2050 1950 2227 2004; x_wconf 87' lang='lat' dir='ltr'><strong>riores</strong></span> <span class='ocrx_word' id='word_1_358' title='bbox 2268 1955 2423 2010; x_wconf 88' lang='lat' dir='ltr'><strong>sunt,</strong></span> <span class='ocrx_word' id='word_1_359' title='bbox 2464 1954 2521 1999; x_wconf 90' lang='lat' dir='ltr'><strong>ut</strong></span> <span class='ocrx_word' id='word_1_360' title='bbox 2557 1942 2929 2015; x_wconf 83' lang='lat' dir='ltr'><strong>agricolarum</strong></span> <span class='ocrx_word' id='word_1_361' title='bbox 2958 1957 3023 1997; x_wconf 86' lang='lat' dir='ltr'><strong>ac</strong></span> <span class='ocrx_word' id='word_1_362' title='bbox 3054 1940 3358 2011; x_wconf 81' lang='lat' dir='ltr'><strong>remigum,</strong></span> <span class='ocrx_word' id='word_1_363' title='bbox 3397 1937 3656 1999; x_wconf 80' lang='lat' dir='ltr'><strong>fortiores</strong></span> 
     </span>
    </p>
   </div>
   <div class='ocr_carea' id='block_1_49' title="bbox 2050 2040 3659 2121">
    <p class='ocr_par' dir='ltr' id='par_1_49' title="bbox 2050 2040 3659 2121">
     <span class='ocr_line' id='line_1_49' title="bbox 2050 2040 3659 2121; baseline -0.009 -14"><span class='ocrx_word' id='word_1_364' title='bbox 2050 2050 2463 2121; x_wconf 74' lang='lat' dir='ltr'><strong>validioresque</strong></span> <span class='ocrx_word' id='word_1_365' title='bbox 2504 2046 2802 2114; x_wconf 82' lang='lat' dir='ltr'><strong>habentur,</strong></span> <span class='ocrx_word' id='word_1_366' title='bbox 2837 2044 2891 2100; x_wconf 92' lang='lat' dir='ltr'><strong>in</strong></span> <span class='ocrx_word' id='word_1_367' title='bbox 2923 2052 3075 2099; x_wconf 88' lang='lat' dir='ltr'><strong>tactu</strong></span> <span class='ocrx_word' id='word_1_368' title='bbox 3106 2057 3238 2098; x_wconf 71' lang='lat' dir='ltr'><strong>vero</strong></span> <span class='ocrx_word' id='word_1_369' title='bbox 3264 2040 3536 2096; x_wconf 87' lang='lat' dir='ltr'><strong>tardiores</strong></span> <span class='ocrx_word' id='word_1_370' title='bbox 3564 2040 3659 2094; x_wconf 64' lang='lat' dir='ltr'><strong>lie.</strong></span> 
     </span>
    </p>
   </div>
   <div class='ocr_carea' id='block_1_50' title="bbox 2052 2134 3656 2216">
    <p class='ocr_par' dir='ltr' id='par_1_50' title="bbox 2052 2134 3656 2216">
     <span class='ocr_line' id='line_1_50' title="bbox 2052 2134 3656 2216; baseline -0.006 -14"><span class='ocrx_word' id='word_1_371' title='bbox 2052 2146 2425 2216; x_wconf 90' lang='lat' dir='ltr'><strong>betioresque.</strong></span> <span class='ocrx_word' id='word_1_372' title='bbox 2459 2141 2594 2211; x_wconf 63' lang='lat' dir='ltr'><strong>Quae</strong></span> <span class='ocrx_word' id='word_1_373' title='bbox 2624 2156 2756 2197; x_wconf 76' lang='lat' dir='ltr'><strong>vero</strong></span> <span class='ocrx_word' id='word_1_374' title='bbox 2776 2139 3080 2206; x_wconf 87' lang='lat' dir='ltr'><strong>molliores,</strong></span> <span class='ocrx_word' id='word_1_375' title='bbox 3108 2137 3301 2209; x_wconf 87' lang='lat' dir='ltr'><strong>quales</strong></span> <span class='ocrx_word' id='word_1_376' title='bbox 3323 2134 3656 2205; x_wconf 85' lang='lat' dir='ltr'><strong>scriptorum</strong></span> 
     </span>
    </p>
   </div>
   <div class='ocr_carea' id='block_1_51' title="bbox 2058 2242 3661 2321">
    <p class='ocr_par' dir='ltr' id='par_1_51' title="bbox 2058 2242 3661 2321">
     <span class='ocr_line' id='line_1_51' title="bbox 2058 2242 3661 2321; baseline -0.006 -12"><span class='ocrx_word' id='word_1_377' title='bbox 2058 2262 2465 2321; x_wconf 88' lang='lat' dir='ltr'><strong>sutorumque,</strong></span> <span class='ocrx_word' id='word_1_378' title='bbox 2496 2248 2794 2304; x_wconf 86' lang='lat' dir='ltr'><strong>debiliores</strong></span> <span class='ocrx_word' id='word_1_379' title='bbox 2847 2254 3015 2313; x_wconf 89' lang='lat' dir='ltr'><strong>sunt,</strong></span> <span class='ocrx_word' id='word_1_380' title='bbox 3066 2259 3133 2303; x_wconf 88' lang='lat' dir='ltr'><strong>ac</strong></span> <span class='ocrx_word' id='word_1_381' title='bbox 3194 2253 3339 2302; x_wconf 87' lang='lat' dir='ltr'><strong>tactu</strong></span> <span class='ocrx_word' id='word_1_382' title='bbox 3384 2242 3661 2300; x_wconf 73' lang='lat' dir='ltr'><strong>exactiore</strong></span> 
     </span>
    </p>
   </div>
   <div class='ocr_carea' id='block_1_52' title="bbox 2058 2331 3658 2409">
    <p class='ocr_par' dir='ltr' id='par_1_52' title="bbox 2058 2331 3658 2409">
     <span class='ocr_line' id='line_1_52' title="bbox 2058 2331 3658 2409; baseline -0.008 -10"><span class='ocrx_word' id='word_1_383' title='bbox 2058 2355 2311 2400; x_wconf 90' lang='lat' dir='ltr'><strong>utuntur.</strong></span> <span class='ocrx_word' id='word_1_384' title='bbox 2349 2339 2457 2396; x_wconf 85' lang='lat' dir='ltr'><strong>Sed</strong></span> <span class='ocrx_word' id='word_1_385' title='bbox 2487 2346 2543 2395; x_wconf 91' lang='lat' dir='ltr'><strong>et</strong></span> <span class='ocrx_word' id='word_1_386' title='bbox 2571 2336 3014 2409; x_wconf 78' lang='lat' dir='ltr'><strong>nervi‘quidam,</strong></span> <span class='ocrx_word' id='word_1_387' title='bbox 3048 2334 3103 2394; x_wconf 92' lang='lat' dir='ltr'><strong>in</strong></span> <span class='ocrx_word' id='word_1_388' title='bbox 3142 2342 3293 2393; x_wconf 88' lang='lat' dir='ltr'><strong>motu</strong></span> <span class='ocrx_word' id='word_1_389' title='bbox 3327 2331 3658 2401; x_wconf 82' lang='lat' dir='ltr'><strong>asperiores.</strong></span> 
     </span>
    </p>
   </div>
   <div class='ocr_carea' id='block_1_53' title="bbox 2060 2426 3657 2498">
    <p class='ocr_par' dir='ltr' id='par_1_53' title="bbox 2060 2426 3657 2498">
     <span class='ocr_line' id='line_1_53' title="bbox 2060 2426 3657 2498; baseline -0.009 -5"><span class='ocrx_word' id='word_1_390' title='bbox 2060 2439 2115 2493; x_wconf 90' lang='lat' dir='ltr'><strong>in</strong></span> <span class='ocrx_word' id='word_1_391' title='bbox 2152 2451 2321 2494; x_wconf 86' lang='lat' dir='ltr'><strong>sensu</strong></span> <span class='ocrx_word' id='word_1_392' title='bbox 2356 2448 2487 2488; x_wconf 73' lang='lat' dir='ltr'><strong>vero</strong></span> <span class='ocrx_word' id='word_1_393' title='bbox 2523 2432 2809 2492; x_wconf 83' lang='lat' dir='ltr'><strong>molliores</strong></span> <span class='ocrx_word' id='word_1_394' title='bbox 2850 2438 3008 2496; x_wconf 88' lang='lat' dir='ltr'><strong>sunt;</strong></span> <span class='ocrx_word' id='word_1_395' title='bbox 3047 2438 3103 2486; x_wconf 86' lang='lat' dir='ltr'><strong>et</strong></span> <span class='ocrx_word' id='word_1_396' title='bbox 3142 2427 3235 2498; x_wconf 88' lang='lat' dir='ltr'><strong>qui</strong></span> <span class='ocrx_word' id='word_1_397' title='bbox 3281 2426 3474 2483; x_wconf 88' lang='lat' dir='ltr'><strong>molles</strong></span> <span class='ocrx_word' id='word_1_398' title='bbox 3505 2437 3657 2496; x_wconf 88' lang='lat' dir='ltr'><strong>sunt,</strong></span> 
     </span>
    </p>
   </div>
   <div class='ocr_carea' id='block_1_54' title="bbox 2065 2519 3663 2598">
    <p class='ocr_par' dir='ltr' id='par_1_54' title="bbox 2065 2519 3663 2598">
     <span class='ocr_line' id='line_1_54' title="bbox 2065 2519 3663 2598; baseline -0.01 -11"><span class='ocrx_word' id='word_1_399' title='bbox 2065 2531 2133 2587; x_wconf 89' lang='lat' dir='ltr'><strong>ad</strong></span> <span class='ocrx_word' id='word_1_400' title='bbox 2170 2538 2376 2585; x_wconf 89' lang='lat' dir='ltr'><strong>tactum</strong></span> <span class='ocrx_word' id='word_1_401' title='bbox 2419 2525 2594 2598; x_wconf 84' lang='lat' dir='ltr'><strong>magis</strong></span> <span class='ocrx_word' id='word_1_402' title='bbox 2629 2521 3151 2587; x_wconf 82' lang='lat' dir='ltr'><strong>accommodantur,</strong></span> <span class='ocrx_word' id='word_1_403' title='bbox 3203 2519 3435 2590; x_wconf 88' lang='lat' dir='ltr'><strong>illosque</strong></span> <span class='ocrx_word' id='word_1_404' title='bbox 3483 2528 3663 2577; x_wconf 80' lang='lat' dir='ltr'><strong>tactus</strong></span> 
     </span>
    </p>
   </div>
   <div class='ocr_carea' id='block_1_55' title="bbox 2061 2612 3666 2683">
    <p class='ocr_par' dir='ltr' id='par_1_55' title="bbox 2061 2612 3666 2683">
     <span class='ocr_line' id='line_1_55' title="bbox 2061 2612 3666 2683; baseline -0.01 -3"><span class='ocrx_word' id='word_1_405' title='bbox 2061 2639 2184 2680; x_wconf 87' lang='lat' dir='ltr'><strong>esse</strong></span> <span class='ocrx_word' id='word_1_406' title='bbox 2218 2622 2584 2682; x_wconf 81' lang='lat' dir='ltr'><strong>instrumenta</strong></span> <span class='ocrx_word' id='word_1_407' title='bbox 2621 2617 2879 2677; x_wconf 89' lang='lat' dir='ltr'><strong>dicimus.</strong></span> <span class='ocrx_word' id='word_1_408' title='bbox 2914 2612 3123 2673; x_wconf 84' lang='lat' dir='ltr'><strong>Horum</strong></span> <span class='ocrx_word' id='word_1_409' title='bbox 3170 2628 3407 2683; x_wconf 80' lang='lat' dir='ltr'><strong>namque</strong></span> <span class='ocrx_word' id='word_1_410' title='bbox 3459 2612 3666 2671; x_wconf 88' lang='lat' dir='ltr'><strong>instru-</strong></span> 
     </span>
    </p>
   </div>
   <div class='ocr_carea' id='block_1_56' title="bbox 2064 2705 3670 2778">
    <p class='ocr_par' dir='ltr' id='par_1_56' title="bbox 2064 2705 3670 2778">
     <span class='ocr_line' id='line_1_56' title="bbox 2064 2705 3670 2778; baseline -0.01 -6"><span class='ocrx_word' id='word_1_411' title='bbox 2064 2728 2374 2773; x_wconf 88' lang='lat' dir='ltr'><strong>mentorum</strong></span> <span class='ocrx_word' id='word_1_412' title='bbox 2402 2711 2601 2778; x_wconf 84' lang='lat' dir='ltr'><strong>oilicio,</strong></span> <span class='ocrx_word' id='word_1_413' title='bbox 2627 2709 2863 2766; x_wconf 89' lang='lat' dir='ltr'><strong>calidum</strong></span> <span class='ocrx_word' id='word_1_414' title='bbox 2895 2723 2960 2763; x_wconf 88' lang='lat' dir='ltr'><strong>ac</strong></span> <span class='ocrx_word' id='word_1_415' title='bbox 2982 2705 3266 2778; x_wconf 87' lang='lat' dir='ltr'><strong>frigidum,</strong></span> <span class='ocrx_word' id='word_1_416' title='bbox 3296 2705 3587 2761; x_wconf 81' lang='lat' dir='ltr'><strong>liuinidum</strong></span> <span class='ocrx_word' id='word_1_417' title='bbox 3613 2714 3670 2766; x_wconf 81' lang='lat' dir='ltr'><strong>et</strong></span> 
     </span>
    </p>
   </div>
   <div class='ocr_carea' id='block_1_57' title="bbox 2064 2804 3670 2880">
    <p class='ocr_par' dir='ltr' id='par_1_57' title="bbox 2064 2804 3670 2880">
     <span class='ocr_line' id='line_1_57' title="bbox 2064 2804 3670 2880; baseline -0.01 -14"><span class='ocrx_word' id='word_1_418' title='bbox 2064 2810 2298 2873; x_wconf 79' lang='lat' dir='ltr'><strong>siccum,</strong></span> <span class='ocrx_word' id='word_1_419' title='bbox 2331 2816 2386 2863; x_wconf 89' lang='lat' dir='ltr'><strong>et</strong></span> <span class='ocrx_word' id='word_1_420' title='bbox 2411 2822 2535 2880; x_wconf 60' lang='lat' dir='ltr'><strong>quae</strong></span> <span class='ocrx_word' id='word_1_421' title='bbox 2563 2804 2667 2861; x_wconf 87' lang='lat' dir='ltr'><strong>ista</strong></span> <span class='ocrx_word' id='word_1_422' title='bbox 2701 2813 3037 2873; x_wconf 87' lang='lat' dir='ltr'><strong>sequuntur,</strong></span> <span class='ocrx_word' id='word_1_423' title='bbox 3086 2814 3187 2870; x_wconf 90' lang='lat' dir='ltr'><strong>per</strong></span> <span class='ocrx_word' id='word_1_424' title='bbox 3217 2813 3440 2854; x_wconf 89' lang='lat' dir='ltr'><strong>sensum</strong></span> <span class='ocrx_word' id='word_1_425' title='bbox 3490 2806 3670 2853; x_wconf 82' lang='lat' dir='ltr'><strong>tactus</strong></span> 
     </span>
    </p>
   </div>
   <div class='ocr_carea' id='block_1_58' title="bbox 2065 2890 3671 2973">
    <p class='ocr_par' dir='ltr' id='par_1_58' title="bbox 2065 2890 3671 2973">
     <span class='ocr_line' id='line_1_58' title="bbox 2065 2890 3671 2973; baseline -0.007 -15"><span class='ocrx_word' id='word_1_426' title='bbox 2065 2900 2474 2973; x_wconf 81' lang='lat' dir='ltr'><strong>cognoscimus.</strong></span> <span class='ocrx_word' id='word_1_427' title='bbox 2520 2895 2588 2951; x_wconf 86' lang='lat' dir='ltr'><strong>Et</strong></span> <span class='ocrx_word' id='word_1_428' title='bbox 2634 2896 2752 2951; x_wconf 77' lang='lat' dir='ltr'><strong>lucc</strong></span> <span class='ocrx_word' id='word_1_429' title='bbox 2806 2894 3032 2966; x_wconf 88' lang='lat' dir='ltr'><strong>quidem</strong></span> <span class='ocrx_word' id='word_1_430' title='bbox 3090 2902 3223 2947; x_wconf 89' lang='lat' dir='ltr'><strong>sunt</strong></span> <span class='ocrx_word' id='word_1_431' title='bbox 3266 2907 3388 2962; x_wconf 74' lang='lat' dir='ltr'><strong>quze</strong></span> <span class='ocrx_word' id='word_1_432' title='bbox 3420 2906 3449 2945; x_wconf 92' lang='lat' dir='ltr'><strong>a</strong></span> <span class='ocrx_word' id='word_1_433' title='bbox 3496 2890 3671 2961; x_wconf 81' lang='lat' dir='ltr'><strong>prima</strong></span> 
     </span>
    </p>
   </div>
   <div class='ocr_carea' id='block_1_59' title="bbox 2067 2980 3678 3055">
    <p class='ocr_par' dir='ltr' id='par_1_59' title="bbox 2067 2980 3678 3055">
     <span class='ocr_line' id='line_1_59' title="bbox 2067 2980 3678 3055; baseline -0.007 -6"><span class='ocrx_word' id='word_1_434' title='bbox 2067 2990 2489 3055; x_wconf 89' lang='lat' dir='ltr'><strong>constitutione,</strong></span> <span class='ocrx_word' id='word_1_435' title='bbox 2520 2997 2723 3042; x_wconf 85' lang='lat' dir='ltr'><strong>natura</strong></span> <span class='ocrx_word' id='word_1_436' title='bbox 2750 2994 2807 3041; x_wconf 92' lang='lat' dir='ltr'><strong>et</strong></span> <span class='ocrx_word' id='word_1_437' title='bbox 2830 2982 3124 3054; x_wconf 89' lang='lat' dir='ltr'><strong>disciplina</strong></span> <span class='ocrx_word' id='word_1_438' title='bbox 3146 2983 3404 3038; x_wconf 87' lang='lat' dir='ltr'><strong>manibus</strong></span> <span class='ocrx_word' id='word_1_439' title='bbox 3433 2982 3567 3052; x_wconf 85' lang='lat' dir='ltr'><strong>ipsis</strong></span> <span class='ocrx_word' id='word_1_440' title='bbox 3596 2980 3678 3039; x_wconf 64' lang='lat' dir='ltr'><strong>ins-</strong></span> 
     </span>
    </p>
   </div>
   <div class='ocr_carea' id='block_1_60' title="bbox 2070 3071 3674 3150">
    <p class='ocr_par' dir='ltr' id='par_1_60' title="bbox 2070 3071 3674 3150">
     <span class='ocr_line' id='line_1_60' title="bbox 2070 3071 3674 3150; baseline -0.009 -10"><span class='ocrx_word' id='word_1_441' title='bbox 2070 3094 2218 3143; x_wconf 92' lang='lat' dir='ltr'><strong>sunt.</strong></span> <span class='ocrx_word' id='word_1_442' title='bbox 2251 3082 2385 3150; x_wconf 65' lang='lat' dir='ltr'><strong>Qum</strong></span> <span class='ocrx_word' id='word_1_443' title='bbox 2413 3096 2545 3136; x_wconf 77' lang='lat' dir='ltr'><strong>vero</strong></span> <span class='ocrx_word' id='word_1_444' title='bbox 2578 3079 2646 3134; x_wconf 84' lang='lat' dir='ltr'><strong>ad</strong></span> <span class='ocrx_word' id='word_1_445' title='bbox 2687 3087 2863 3134; x_wconf 79' lang='lat' dir='ltr'><strong>tozum</strong></span> <span class='ocrx_word' id='word_1_446' title='bbox 2894 3091 3119 3150; x_wconf 89' lang='lat' dir='ltr'><strong>corpus,</strong></span> <span class='ocrx_word' id='word_1_447' title='bbox 3150 3083 3401 3147; x_wconf 87' lang='lat' dir='ltr'><strong>respectu</strong></span> <span class='ocrx_word' id='word_1_448' title='bbox 3432 3071 3674 3144; x_wconf 80' lang='lat' dir='ltr'><strong>quodam</strong></span> 
     </span>
    </p>
   </div>
   <div class='ocr_carea' id='block_1_61' title="bbox 2070 3166 3676 3241">
    <p class='ocr_par' dir='ltr' id='par_1_61' title="bbox 2070 3166 3676 3241">
     <span class='ocr_line' id='line_1_61' title="bbox 2070 3166 3676 3241; baseline -0.007 -8"><span class='ocrx_word' id='word_1_449' title='bbox 2070 3176 2331 3233; x_wconf 90' lang='lat' dir='ltr'><strong>manibus</strong></span> <span class='ocrx_word' id='word_1_450' title='bbox 2364 3173 2596 3239; x_wconf 89' lang='lat' dir='ltr'><strong>insunt,</strong></span> <span class='ocrx_word' id='word_1_451' title='bbox 2628 3187 2791 3241; x_wconf 86' lang='lat' dir='ltr'><strong>quem</strong></span> <span class='ocrx_word' id='word_1_452' title='bbox 2826 3184 3069 3231; x_wconf 87' lang='lat' dir='ltr'><strong>amorem</strong></span> <span class='ocrx_word' id='word_1_453' title='bbox 3104 3178 3254 3227; x_wconf 76' lang='lat' dir='ltr'><strong>recte</strong></span> <span class='ocrx_word' id='word_1_454' title='bbox 3286 3166 3547 3237; x_wconf 87' lang='lat' dir='ltr'><strong>appellari</strong></span> <span class='ocrx_word' id='word_1_455' title='bbox 3574 3167 3676 3222; x_wconf 45' lang='lat' dir='ltr'><strong>de.</strong></span> 
     </span>
    </p>
   </div>
   <div class='ocr_carea' id='block_1_62' title="bbox 2071 3258 3673 3336">
    <p class='ocr_par' dir='ltr' id='par_1_62' title="bbox 2071 3258 3673 3336">
     <span class='ocr_line' id='line_1_62' title="bbox 2071 3258 3673 3336; baseline -0.01 -11"><span class='ocrx_word' id='word_1_456' title='bbox 2071 3279 2182 3336; x_wconf 85' lang='lat' dir='ltr'><strong>cet,</strong></span> <span class='ocrx_word' id='word_1_457' title='bbox 2225 3284 2295 3323; x_wconf 90' lang='lat' dir='ltr'><strong>ne</strong></span> <span class='ocrx_word' id='word_1_458' title='bbox 2333 3282 2516 3325; x_wconf 88' lang='lat' dir='ltr'><strong>rerum</strong></span> <span class='ocrx_word' id='word_1_459' title='bbox 2548 3265 2772 3335; x_wconf 89' lang='lat' dir='ltr'><strong>quidem</strong></span> <span class='ocrx_word' id='word_1_460' title='bbox 2808 3274 3020 3327; x_wconf 75' lang='lat' dir='ltr'><strong>naturae</strong></span> <span class='ocrx_word' id='word_1_461' title='bbox 3046 3262 3271 3333; x_wconf 87' lang='lat' dir='ltr'><strong>ignaros</strong></span> <span class='ocrx_word' id='word_1_462' title='bbox 3310 3261 3459 3314; x_wconf 87' lang='lat' dir='ltr'><strong>latet.</strong></span> <span class='ocrx_word' id='word_1_463' title='bbox 3513 3258 3673 3324; x_wconf 87' lang='lat' dir='ltr'><strong>Nam,</strong></span> 
     </span>
    </p>
   </div>
   <div class='ocr_carea' id='block_1_63' title="bbox 2073 3351 3673 3433">
    <p class='ocr_par' dir='ltr' id='par_1_63' title="bbox 2073 3351 3673 3433">
     <span class='ocr_line' id='line_1_63' title="bbox 2073 3351 3673 3433; baseline -0.005 -20"><span class='ocrx_word' id='word_1_464' title='bbox 2073 3373 2200 3414; x_wconf 91' lang='lat' dir='ltr'><strong>eum</strong></span> <span class='ocrx_word' id='word_1_465' title='bbox 2235 3356 2391 3433; x_wconf 87' lang='lat' dir='ltr'><strong>pedis</strong></span> <span class='ocrx_word' id='word_1_466' title='bbox 2422 3354 2656 3422; x_wconf 83' lang='lat' dir='ltr'><strong>digitum</strong></span> <span class='ocrx_word' id='word_1_467' title='bbox 2703 3352 2757 3406; x_wconf 88' lang='lat' dir='ltr'><strong>in</strong></span> <span class='ocrx_word' id='word_1_468' title='bbox 2806 3352 3044 3418; x_wconf 79' lang='lat' dir='ltr'><strong>lapidem</strong></span> <span class='ocrx_word' id='word_1_469' title='bbox 3094 3351 3321 3420; x_wconf 76' lang='lat' dir='ltr'><strong>impingi</strong></span> <span class='ocrx_word' id='word_1_470' title='bbox 3368 3351 3673 3421; x_wconf 79' lang='lat' dir='ltr'><strong>C0::littgil,</strong></span> 
     </span>
    </p>
   </div>
   <div class='ocr_carea' id='block_1_64' title="bbox 2074 3444 3677 3523">
    <p class='ocr_par' dir='ltr' id='par_1_64' title="bbox 2074 3444 3677 3523">
     <span class='ocr_line' id='line_1_64' title="bbox 2074 3444 3677 3523; baseline -0.002 -20"><span class='ocrx_word' id='word_1_471' title='bbox 2074 3458 2207 3512; x_wconf 87' lang='lat' dir='ltr'><strong>tunc</strong></span> <span class='ocrx_word' id='word_1_472' title='bbox 2262 3448 2503 3523; x_wconf 90' lang='lat' dir='ltr'><strong>primum</strong></span> <span class='ocrx_word' id='word_1_473' title='bbox 2562 3461 2761 3505; x_wconf 86' lang='lat' dir='ltr'><strong>manus</strong></span> <span class='ocrx_word' id='word_1_474' title='bbox 2814 3444 3014 3501; x_wconf 84' lang='lat' dir='ltr'><strong>ibidem</strong></span> <span class='ocrx_word' id='word_1_475' title='bbox 3059 3459 3381 3508; x_wconf 87' lang='lat' dir='ltr'><strong>occurrens,</strong></span> <span class='ocrx_word' id='word_1_476' title='bbox 3433 3444 3677 3513; x_wconf 57' lang='lat' dir='ltr'><strong>complcw</strong></span> 
     </span>
    </p>
   </div>
   <div class='ocr_carea' id='block_1_65' title="bbox 365 3534 1960 3629">
    <p class='ocr_par' dir='ltr' id='par_1_65' title="bbox 365 3534 1960 3606">
     <span class='ocr_line' id='line_1_65' title="bbox 365 3534 1960 3606; baseline -0.003 -14"><span class='ocrx_word' id='word_1_477' title='bbox 365 3538 803 3602; x_wconf 79' lang='grc' dir='ltr'>σπουδάζουσαν.</span> <span class='ocrx_word' id='word_1_478' title='bbox 852 3536 1047 3591; x_wconf 83' lang='grc' dir='ltr'>Ψύλλα</span> <span class='ocrx_word' id='word_1_479' title='bbox 1063 3536 1108 3568; x_wconf 67' lang='grc'><strong>’⁵</strong></span> <span class='ocrx_word' id='word_1_480' title='bbox 1134 3536 1235 3605; x_wconf 76' lang='grc' dir='ltr'>τὴν</span> <span class='ocrx_word' id='word_1_481' title='bbox 1265 3534 1513 3606; x_wconf 73' lang='grc' dir='ltr'>κεφαλὴν</span> <span class='ocrx_word' id='word_1_482' title='bbox 1557 3534 1767 3605; x_wconf 80' lang='grc' dir='ltr'>ἔδηξεν,</span> <span class='ocrx_word' id='word_1_483' title='bbox 1796 3534 1829 3605; x_wconf 81' lang='grc' dir='ltr'><strong>ἢ</strong></span> <span class='ocrx_word' id='word_1_484' title='bbox 1867 3534 1960 3606; x_wconf 78' lang='grc' dir='ltr'>τὴν</span> 
     </span>
    </p>
   </div>
   <div class='ocr_carea' id='block_1_66' title="bbox 2066 3534 3677 3629">
    <p class='ocr_par' dir='ltr' id='par_1_66' title="bbox 2079 3538 3677 3611">
     <span class='ocr_line' id='line_1_66' title="bbox 2079 3538 3677 3611; baseline -0.003 -14"><span class='ocrx_word' id='word_1_485' title='bbox 2079 3540 2300 3608; x_wconf 88' lang='lat' dir='ltr'><strong>ctendo,</strong></span> <span class='ocrx_word' id='word_1_486' title='bbox 2328 3539 2676 3611; x_wconf 76' lang='lat' dir='ltr'><strong>{urendoque</strong></span> <span class='ocrx_word' id='word_1_487' title='bbox 2696 3539 2907 3593; x_wconf 89' lang='lat' dir='ltr'><strong>doloris</strong></span> <span class='ocrx_word' id='word_1_488' title='bbox 2941 3538 3123 3597; x_wconf 90' lang='lat' dir='ltr'><strong>locum</strong></span> <span class='ocrx_word' id='word_1_489' title='bbox 3158 3538 3325 3595; x_wconf 87' lang='lat' dir='ltr'><strong>solari</strong></span> <span class='ocrx_word' id='word_1_490' title='bbox 3371 3538 3584 3593; x_wconf 88' lang='lat' dir='ltr'><strong>nititur.</strong></span> <span class='ocrx_word' id='word_1_491' title='bbox 3619 3538 3677 3599; x_wconf 90' lang='lat' dir='ltr'><strong>Si</strong></span> 
     </span>
    </p>
   </div>
   <div class='ocr_carea' id='block_1_67' title="bbox 369 3626 1967 3702">
    <p class='ocr_par' dir='ltr' id='par_1_67' title="bbox 369 3626 1967 3702">
     <span class='ocr_line' id='line_1_67' title="bbox 369 3626 1967 3702; baseline -0.001 -18"><span class='ocrx_word' id='word_1_492' title='bbox 369 3629 692 3702; x_wconf 73' lang='grc' dir='ltr'>ρἀινςκαὶ</span> <span class='ocrx_word' id='word_1_493' title='bbox 742 3628 883 3700; x_wconf 75' lang='grc' dir='ltr'>μετὰ</span> <span class='ocrx_word' id='word_1_494' title='bbox 938 3629 1224 3692; x_wconf 82' lang='grc' dir='ltr'>συντονίας</span> <span class='ocrx_word' id='word_1_495' title='bbox 1268 3626 1407 3699; x_wconf 77' lang='grc' dir='ltr'>πρὸς</span> <span class='ocrx_word' id='word_1_496' title='bbox 1463 3627 1681 3698; x_wconf 71' lang='grc' dir='ltr'>ἄμυναν</span> <span class='ocrx_word' id='word_1_497' title='bbox 1739 3627 1967 3699; x_wconf 74' lang='grc' dir='ltr'>ἔδραμε.</span> 
     </span>
    </p>
   </div>
   <div class='ocr_carea' id='block_1_68' title="bbox 367 3718 1971 3792">
    <p class='ocr_par' dir='ltr' id='par_1_68' title="bbox 367 3718 1971 3792">
     <span class='ocr_line' id='line_1_68' title="bbox 367 3718 1971 3792; baseline -0.001 -15"><span class='ocrx_word' id='word_1_498' title='bbox 367 3721 481 3777; x_wconf 76' lang='grc' dir='ltr'>Καὶ</span> <span class='ocrx_word' id='word_1_499' title='bbox 508 3720 852 3789; x_wconf 79' lang='grc' dir='ltr'>ἁπαξαπλῶς</span> <span class='ocrx_word' id='word_1_500' title='bbox 891 3722 1076 3776; x_wconf 81' lang='grc' dir='ltr'>πᾶσαν</span> <span class='ocrx_word' id='word_1_501' title='bbox 1101 3720 1297 3791; x_wconf 79' lang='grc' dir='ltr'><strong>ὀδύνην</strong></span> <span class='ocrx_word' id='word_1_502' title='bbox 1339 3719 1478 3779; x_wconf 83' lang='grc' dir='ltr'>ὅλων</span> <span class='ocrx_word' id='word_1_503' title='bbox 1514 3720 1625 3774; x_wconf 87' lang='grc' dir='ltr'><strong>τῶν</strong></span> <span class='ocrx_word' id='word_1_504' title='bbox 1652 3718 1748 3775; x_wconf 86' lang='grc' dir='ltr'><strong>τοῦ</strong></span> <span class='ocrx_word' id='word_1_505' title='bbox 1781 3719 1971 3792; x_wconf 79' lang='grc' dir='ltr'>σῶμα·</span> 
     </span>
    </p>
   </div>
   <div class='ocr_carea' id='block_1_69' title="bbox 367 3813 1972 3893">
    <p class='ocr_par' dir='ltr' id='par_1_69' title="bbox 367 3813 1972 3893">
     <span class='ocr_line' id='line_1_69' title="bbox 367 3813 1972 3893; baseline 0.01 -28"><span class='ocrx_word' id='word_1_506' title='bbox 367 3832 460 3879; x_wconf 90' lang='grc' dir='ltr'><strong>τος</strong></span> <span class='ocrx_word' id='word_1_507' title='bbox 481 3815 526 3848; x_wconf 70' lang='grc'>⁸⁸</span> <span class='ocrx_word' id='word_1_508' title='bbox 555 3814 763 3887; x_wconf 89' lang='grc' dir='ltr'>μορίων</span> <span class='ocrx_word' id='word_1_509' title='bbox 814 3814 903 3869; x_wconf 76' lang='grc' dir='ltr'>διὰ</span> <span class='ocrx_word' id='word_1_510' title='bbox 935 3814 1037 3885; x_wconf 75' lang='grc' dir='ltr'>τῆς</span> <span class='ocrx_word' id='word_1_511' title='bbox 1090 3814 1236 3886; x_wconf 81' lang='grc' dir='ltr'>ἁφῆς</span> <span class='ocrx_word' id='word_1_512' title='bbox 1284 3813 1460 3885; x_wconf 81' lang='grc' dir='ltr'>αὐτῆς</span> <span class='ocrx_word' id='word_1_513' title='bbox 1490 3813 1588 3868; x_wconf 71' lang='grc' dir='ltr'><strong>καὶ</strong></span> <span class='ocrx_word' id='word_1_514' title='bbox 1626 3813 1972 3893; x_wconf 74' lang='grc' dir='ltr'>περιπλοκῆς</span> 
     </span>
    </p>
   </div>
   <div class='ocr_carea' id='block_1_70' title="bbox 371 3906 1972 3982">
    <p class='ocr_par' dir='ltr' id='par_1_70' title="bbox 371 3906 1972 3982">
     <span class='ocr_line' id='line_1_70' title="bbox 371 3906 1972 3982; baseline 0.001 -19"><span class='ocrx_word' id='word_1_515' title='bbox 371 3908 795 3979; x_wconf 54' lang='grc' dir='ltr'>καταπραΰνειν</span> <span class='ocrx_word' id='word_1_516' title='bbox 853 3906 1098 3963; x_wconf 86' lang='grc' dir='ltr'>τοσαῦτα</span> <span class='ocrx_word' id='word_1_517' title='bbox 1168 3908 1307 3980; x_wconf 83' lang='grc' dir='ltr'>αὐτῇ</span> <span class='ocrx_word' id='word_1_518' title='bbox 1376 3909 1815 3982; x_wconf 83' lang='grc' dir='ltr'>προτερήματα,</span> <span class='ocrx_word' id='word_1_519' title='bbox 1876 3912 1972 3966; x_wconf 72' lang='grc' dir='ltr'>καὶ</span> 
     </span>
    </p>
   </div>
   <div class='ocr_carea' id='block_1_71' title="bbox 372 4002 1972 4078">
    <p class='ocr_par' dir='ltr' id='par_1_71' title="bbox 372 4002 1972 4078">
     <span class='ocr_line' id='line_1_71' title="bbox 372 4002 1972 4078; baseline 0.003 -23"><span class='ocrx_word' id='word_1_520' title='bbox 372 4003 681 4074; x_wconf 69' lang='grc' dir='ltr'>ἐνεργείας,</span> <span class='ocrx_word' id='word_1_521' title='bbox 715 4002 811 4058; x_wconf 75' lang='grc' dir='ltr'><strong>καὶ</strong></span> <span class='ocrx_word' id='word_1_522' title='bbox 839 4002 1201 4075; x_wconf 76' lang='grc' dir='ltr'>εὐστροφίας,</span> <span class='ocrx_word' id='word_1_523' title='bbox 1237 4002 1372 4073; x_wconf 79' lang='grc' dir='ltr'>πρὸς</span> <span class='ocrx_word' id='word_1_524' title='bbox 1416 4002 1780 4075; x_wconf 80' lang='grc' dir='ltr'>παραμυθίαν</span> <span class='ocrx_word' id='word_1_525' title='bbox 1809 4005 1972 4078; x_wconf 80' lang='grc' dir='ltr'>ἡμῶν</span> 
     </span>
    </p>
   </div>
   <div class='ocr_carea' id='block_1_72' title="bbox 373 4095 1974 4171">
    <p class='ocr_par' dir='ltr' id='par_1_72' title="bbox 373 4095 1974 4171">
     <span class='ocr_line' id='line_1_72' title="bbox 373 4095 1974 4171; baseline 0.002 -20"><span class='ocrx_word' id='word_1_526' title='bbox 373 4098 470 4167; x_wconf 76' lang='grc' dir='ltr'><strong>καὶ</strong></span> <span class='ocrx_word' id='word_1_527' title='bbox 510 4097 740 4168; x_wconf 77' lang='grc' dir='ltr'>ἑτέρων,</span> <span class='ocrx_word' id='word_1_528' title='bbox 784 4098 818 4169; x_wconf 78' lang='grc' dir='ltr'>ἡ</span> <span class='ocrx_word' id='word_1_529' title='bbox 859 4097 928 4151; x_wconf 79' lang='grc' dir='ltr'>τὰ</span> <span class='ocrx_word' id='word_1_530' title='bbox 974 4095 1277 4167; x_wconf 78' lang='grc' dir='ltr'>σύμπαντα.</span> <span class='ocrx_word' id='word_1_531' title='bbox 1326 4095 1694 4167; x_wconf 77' lang='grc' dir='ltr'>οἰκονομοῦσα</span> <span class='ocrx_word' id='word_1_532' title='bbox 1740 4097 1974 4171; x_wconf 77' lang='grc' dir='ltr'>πρόνοια</span> 
     </span>
    </p>
   </div>
   <div class='ocr_carea' id='block_1_73' title="bbox 376 4187 1975 4269">
    <p class='ocr_par' dir='ltr' id='par_1_73' title="bbox 376 4187 1975 4269">
     <span class='ocr_line' id='line_1_73' title="bbox 376 4187 1975 4269; baseline 0.001 -27"><span class='ocrx_word' id='word_1_533' title='bbox 376 4189 695 4261; x_wconf 82' lang='grc' dir='ltr'>ἐχαρίσατο,</span> <span class='ocrx_word' id='word_1_534' title='bbox 740 4189 817 4253; x_wconf 81' lang='grc' dir='ltr'>ὡς</span> <span class='ocrx_word' id='word_1_535' title='bbox 865 4188 1002 4260; x_wconf 82' lang='grc' dir='ltr'>μηδὲ</span> <span class='ocrx_word' id='word_1_536' title='bbox 1034 4187 1217 4261; x_wconf 78' lang='grc' dir='ltr'>ῥᾴδιον</span> <span class='ocrx_word' id='word_1_537' title='bbox 1246 4189 1523 4260; x_wconf 81' lang='grc' dir='ltr'>ὲφευρεῖν,</span> <span class='ocrx_word' id='word_1_538' title='bbox 1569 4188 1602 4261; x_wconf 79' lang='grc' dir='ltr'><strong>ἢ</strong></span> <span class='ocrx_word' id='word_1_539' title='bbox 1630 4190 1772 4244; x_wconf 70' lang='grc' dir='ltr'>κατὰ</span> <span class='ocrx_word' id='word_1_540' title='bbox 1806 4191 1975 4269; x_wconf 84' lang='grc' dir='ltr'>μέρος</span> 
     </span>
    </p>
   </div>
   <div class='ocr_carea' id='block_1_74' title="bbox 376 4281 711 4348">
    <p class='ocr_par' dir='ltr' id='par_1_74' title="bbox 376 4281 711 4348">
     <span class='ocr_line' id='line_1_74' title="bbox 376 4281 711 4348; baseline 0.009 -14"><span class='ocrx_word' id='word_1_541' title='bbox 376 4281 711 4348; x_wconf 75' lang='grc' dir='ltr'>ἐπεξελθεῖν.</span> 
     </span>
    </p>
   </div>
   <div class='ocr_carea' id='block_1_75' title="bbox 2078 3630 3679 3705">
    <p class='ocr_par' dir='ltr' id='par_1_75' title="bbox 2078 3630 3679 3705">
     <span class='ocr_line' id='line_1_75' title="bbox 2078 3630 3679 3705; baseline -0.002 -16"><span class='ocrx_word' id='word_1_542' title='bbox 2078 3648 2211 3690; x_wconf 82' lang='lat' dir='ltr'><strong>vero</strong></span> <span class='ocrx_word' id='word_1_543' title='bbox 2245 3648 2343 3705; x_wconf 85' lang='lat' dir='ltr'><strong>pes</strong></span> <span class='ocrx_word' id='word_1_544' title='bbox 2393 3630 2550 3705; x_wconf 82' lang='lat' dir='ltr'><strong>spina</strong></span> <span class='ocrx_word' id='word_1_545' title='bbox 2601 3630 3027 3703; x_wconf 80' lang='lat' dir='ltr'><strong>compungitur,</strong></span> <span class='ocrx_word' id='word_1_546' title='bbox 3078 3646 3278 3690; x_wconf 87' lang='lat' dir='ltr'><strong>manus</strong></span> <span class='ocrx_word' id='word_1_547' title='bbox 3325 3631 3444 3701; x_wconf 87' lang='lat' dir='ltr'><strong>ipsa</strong></span> <span class='ocrx_word' id='word_1_548' title='bbox 3492 3632 3679 3687; x_wconf 86' lang='lat' dir='ltr'><strong>solerti</strong></span> 
     </span>
    </p>
   </div>
   <div class='ocr_carea' id='block_1_76' title="bbox 2082 3724 3679 3805">
    <p class='ocr_par' dir='ltr' id='par_1_76' title="bbox 2082 3724 3679 3805">
     <span class='ocr_line' id='line_1_76' title="bbox 2082 3724 3679 3805; baseline -0.005 -21"><span class='ocrx_word' id='word_1_549' title='bbox 2082 3739 2249 3805; x_wconf 88' lang='lat' dir='ltr'><strong>atque</strong></span> <span class='ocrx_word' id='word_1_550' title='bbox 2276 3736 2509 3786; x_wconf 86' lang='lat' dir='ltr'><strong>actuoso</strong></span> <span class='ocrx_word' id='word_1_551' title='bbox 2553 3734 2706 3780; x_wconf 89' lang='lat' dir='ltr'><strong>motu</strong></span> <span class='ocrx_word' id='word_1_552' title='bbox 2754 3739 2879 3781; x_wconf 87' lang='lat' dir='ltr'><strong>sese</strong></span> <span class='ocrx_word' id='word_1_553' title='bbox 2921 3725 3132 3783; x_wconf 81' lang='lat' dir='ltr'><strong>circum</strong></span> <span class='ocrx_word' id='word_1_554' title='bbox 3173 3724 3415 3795; x_wconf 73' lang='lat' dir='ltr'><strong>turdique</strong></span> <span class='ocrx_word' id='word_1_555' title='bbox 3447 3724 3679 3794; x_wconf 77' lang='lat' dir='ltr'><strong>agendo,</strong></span> 
     </span>
    </p>
   </div>
   <div class='ocr_carea' id='block_1_77' title="bbox 2080 3814 3685 3888">
    <p class='ocr_par' dir='ltr' id='par_1_77' title="bbox 2080 3814 3685 3888">
     <span class='ocr_line' id='line_1_77' title="bbox 2080 3814 3685 3888; baseline -0.007 -12"><span class='ocrx_word' id='word_1_556' title='bbox 2080 3820 2318 3876; x_wconf 90' lang='lat' dir='ltr'><strong>educere</strong></span> <span class='ocrx_word' id='word_1_557' title='bbox 2350 3819 2499 3879; x_wconf 83' lang='lat' dir='ltr'><strong>illam</strong></span> <span class='ocrx_word' id='word_1_558' title='bbox 2530 3815 2751 3888; x_wconf 76' lang='lat' dir='ltr'><strong>satagit;</strong></span> <span class='ocrx_word' id='word_1_559' title='bbox 2782 3815 2829 3872; x_wconf 91' lang='lat' dir='ltr'><strong>si</strong></span> <span class='ocrx_word' id='word_1_560' title='bbox 2854 3814 3077 3888; x_wconf 86' lang='lat' dir='ltr'><strong>quando</strong></span> <span class='ocrx_word' id='word_1_561' title='bbox 3101 3815 3266 3887; x_wconf 88' lang='lat' dir='ltr'><strong>capiti</strong></span> <span class='ocrx_word' id='word_1_562' title='bbox 3293 3824 3485 3869; x_wconf 86' lang='lat' dir='ltr'><strong>nostro</strong></span> <span class='ocrx_word' id='word_1_563' title='bbox 3531 3816 3685 3886; x_wconf 65' lang='lat' dir='ltr'><strong>pedi.</strong></span> 
     </span>
    </p>
   </div>
   <div class='ocr_carea' id='block_1_78' title="bbox 2082 3909 3686 3982">
    <p class='ocr_par' dir='ltr' id='par_1_78' title="bbox 2082 3909 3686 3982">
     <span class='ocr_line' id='line_1_78' title="bbox 2082 3909 3686 3982; baseline -0.003 -11"><span class='ocrx_word' id='word_1_564' title='bbox 2082 3914 2274 3979; x_wconf 83' lang='lat' dir='ltr'><strong>cuius,</strong></span> <span class='ocrx_word' id='word_1_565' title='bbox 2333 3913 2449 3968; x_wconf 82' lang='lat' dir='ltr'><strong>sive</strong></span> <span class='ocrx_word' id='word_1_566' title='bbox 2482 3911 2651 3969; x_wconf 86' lang='lat' dir='ltr'><strong>dorso</strong></span> <span class='ocrx_word' id='word_1_567' title='bbox 2688 3910 2850 3982; x_wconf 82' lang='lat' dir='ltr'><strong>pulex</strong></span> <span class='ocrx_word' id='word_1_568' title='bbox 2888 3909 3142 3971; x_wconf 87' lang='lat' dir='ltr'><strong>aculeum</strong></span> <span class='ocrx_word' id='word_1_569' title='bbox 3215 3909 3455 3965; x_wconf 79' lang='lat' dir='ltr'><strong>inﬁxerit</strong></span> <span class='ocrx_word' id='word_1_570' title='bbox 3484 3950 3496 3974; x_wconf 91' lang='lat'><strong>,</strong></span> <span class='ocrx_word' id='word_1_571' title='bbox 3546 3911 3686 3968; x_wconf 89' lang='lat' dir='ltr'><strong>ulci-</strong></span> 
     </span>
    </p>
   </div>
   <div class='ocr_carea' id='block_1_79' title="bbox 2081 3999 3685 4080">
    <p class='ocr_par' dir='ltr' id='par_1_79' title="bbox 2081 3999 3685 4080">
     <span class='ocr_line' id='line_1_79' title="bbox 2081 3999 3685 4080; baseline -0.004 -18"><span class='ocrx_word' id='word_1_572' title='bbox 2081 4004 2270 4062; x_wconf 88' lang='lat' dir='ltr'><strong>scendi</strong></span> <span class='ocrx_word' id='word_1_573' title='bbox 2296 4004 2417 4077; x_wconf 84' lang='lat' dir='ltr'><strong>ejus</strong></span> <span class='ocrx_word' id='word_1_574' title='bbox 2434 4003 2606 4080; x_wconf 84' lang='lat' dir='ltr'><strong>gratia</strong></span> <span class='ocrx_word' id='word_1_575' title='bbox 2632 4017 2828 4056; x_wconf 75' lang='lat' dir='ltr'><strong>manus</strong></span> <span class='ocrx_word' id='word_1_576' title='bbox 2850 4001 3108 4059; x_wconf 87' lang='lat' dir='ltr'><strong>ocissime</strong></span> <span class='ocrx_word' id='word_1_577' title='bbox 3127 3999 3385 4063; x_wconf 78' lang='lat' dir='ltr'><strong>ferturJn</strong></span> <span class='ocrx_word' id='word_1_578' title='bbox 3410 4017 3685 4063; x_wconf 81' lang='lat' dir='ltr'><strong>summam</strong></span> 
     </span>
    </p>
   </div>
   <div class='ocr_carea' id='block_1_80' title="bbox 2084 4078 3690 4170">
    <p class='ocr_par' dir='ltr' id='par_1_80' title="bbox 2084 4078 3690 4170">
     <span class='ocr_line' id='line_1_80' title="bbox 2084 4078 3690 4170; baseline -0.004 -15"><span class='ocrx_word' id='word_1_579' title='bbox 2084 4107 2270 4155; x_wconf 84' lang='lat' dir='ltr'><strong>autem</strong></span> <span class='ocrx_word' id='word_1_580' title='bbox 2320 4078 2614 4152; x_wconf 78' lang='lat' dir='ltr'><strong>dicendum</strong></span> <span class='ocrx_word' id='word_1_581' title='bbox 2667 4106 2773 4162; x_wconf 89' lang='lat' dir='ltr'><strong>est,</strong></span> <span class='ocrx_word' id='word_1_582' title='bbox 2816 4096 2963 4165; x_wconf 88' lang='lat' dir='ltr'><strong>quod</strong></span> <span class='ocrx_word' id='word_1_583' title='bbox 3008 4109 3399 4164; x_wconf 85' lang='lat' dir='ltr'><strong>quamcunque</strong></span> <span class='ocrx_word' id='word_1_584' title='bbox 3437 4078 3690 4170; x_wconf 85' lang='lat' dir='ltr'><strong>corporis</strong></span> 
     </span>
    </p>
   </div>
   <div class='ocr_carea' id='block_1_81' title="bbox 2084 4188 3691 4266">
    <p class='ocr_par' dir='ltr' id='par_1_81' title="bbox 2084 4188 3691 4266">
     <span class='ocr_line' id='line_1_81' title="bbox 2084 4188 3691 4266; baseline -0.002 -18"><span class='ocrx_word' id='word_1_585' title='bbox 2084 4192 2260 4251; x_wconf 87' lang='lat' dir='ltr'><strong>nostri</strong></span> <span class='ocrx_word' id='word_1_586' title='bbox 2308 4197 2520 4266; x_wconf 90' lang='lat' dir='ltr'><strong>partem</strong></span> <span class='ocrx_word' id='word_1_587' title='bbox 2548 4229 2563 4253; x_wconf 87' lang='lat'><strong>,</strong></span> <span class='ocrx_word' id='word_1_588' title='bbox 2616 4188 2701 4244; x_wconf 72' lang='lat' dir='ltr'><strong>vel</strong></span> <span class='ocrx_word' id='word_1_589' title='bbox 2757 4188 3082 4258; x_wconf 89' lang='lat' dir='ltr'><strong>perspicuo,</strong></span> <span class='ocrx_word' id='word_1_590' title='bbox 3136 4188 3220 4243; x_wconf 85' lang='lat' dir='ltr'><strong>vel</strong></span> <span class='ocrx_word' id='word_1_591' title='bbox 3265 4188 3451 4245; x_wconf 90' lang='lat' dir='ltr'><strong>abdito</strong></span> <span class='ocrx_word' id='word_1_592' title='bbox 3498 4188 3691 4251; x_wconf 81' lang='lat' dir='ltr'><strong>dolore</strong></span> 
     </span>
    </p>
   </div>
   <div class='ocr_carea' id='block_1_82' title="bbox 2084 4280 3689 4355">
    <p class='ocr_par' dir='ltr' id='par_1_82' title="bbox 2084 4280 3689 4355">
     <span class='ocr_line' id='line_1_82' title="bbox 2084 4280 3689 4355; baseline -0.001 -13"><span class='ocrx_word' id='word_1_593' title='bbox 2084 4286 2261 4355; x_wconf 89' lang='lat' dir='ltr'><strong>premi</strong></span> <span class='ocrx_word' id='word_1_594' title='bbox 2321 4282 2644 4353; x_wconf 80' lang='lat' dir='ltr'><strong>contigerit,</strong></span> <span class='ocrx_word' id='word_1_595' title='bbox 2685 4297 2886 4338; x_wconf 83' lang='lat' dir='ltr'><strong>manus</strong></span> <span class='ocrx_word' id='word_1_596' title='bbox 2932 4281 3087 4353; x_wconf 89' lang='lat' dir='ltr'><strong>ipsa,</strong></span> <span class='ocrx_word' id='word_1_597' title='bbox 3122 4280 3288 4345; x_wconf 84' lang='lat' dir='ltr'><strong>hinc,</strong></span> <span class='ocrx_word' id='word_1_598' title='bbox 3337 4281 3466 4337; x_wconf 90' lang='lat' dir='ltr'><strong>inde</strong></span> <span class='ocrx_word' id='word_1_599' title='bbox 3508 4282 3689 4340; x_wconf 89' lang='lat' dir='ltr'><strong>locum</strong></span> 
     </span>
    </p>
   </div>
   <div class='ocr_carea' id='block_1_83' title="bbox 377 4378 3692 4454">
    <p class='ocr_par' dir='ltr' id='par_1_83' title="bbox 377 4378 3692 4454">
     <span class='ocr_line' id='line_1_83' title="bbox 377 4378 3692 4454; baseline 0 -21"><span class='ocrx_word' id='word_1_600' title='bbox 377 4378 791 4450; x_wconf 84' lang='lat' dir='ltr'><strong>pertractando,</strong></span> <span class='ocrx_word' id='word_1_601' title='bbox 854 4379 1110 4435; x_wconf 85' lang='lat' dir='ltr'><strong>nonnihil</strong></span> <span class='ocrx_word' id='word_1_602' title='bbox 1155 4380 1280 4451; x_wconf 89' lang='lat' dir='ltr'><strong>opis</strong></span> <span class='ocrx_word' id='word_1_603' title='bbox 1333 4379 1530 4438; x_wconf 69' lang='lat' dir='ltr'><strong>aﬂerre</strong></span> <span class='ocrx_word' id='word_1_604' title='bbox 1575 4381 1778 4450; x_wconf 91' lang='lat' dir='ltr'><strong>studet,</strong></span> <span class='ocrx_word' id='word_1_605' title='bbox 1835 4383 2109 4454; x_wconf 83' lang='lat' dir='ltr'><strong>siquidem</strong></span> <span class='ocrx_word' id='word_1_606' title='bbox 2152 4383 2360 4443; x_wconf 87' lang='lat' dir='ltr'><strong>summi</strong></span> <span class='ocrx_word' id='word_1_607' title='bbox 2430 4381 2715 4439; x_wconf 82' lang='lat' dir='ltr'><strong>Creatoris</strong></span> <span class='ocrx_word' id='word_1_608' title='bbox 2776 4380 3148 4451; x_wconf 77' lang='lat' dir='ltr'><strong>providentia,</strong></span> <span class='ocrx_word' id='word_1_609' title='bbox 3202 4382 3455 4444; x_wconf 88' lang='lat' dir='ltr'><strong>omnium</strong></span> <span class='ocrx_word' id='word_1_610' title='bbox 3518 4383 3692 4437; x_wconf 55' lang='lat' dir='ltr'><strong>actius</strong></span> 
     </span>
    </p>
   </div>
   <div class='ocr_carea' id='block_1_84' title="bbox 379 4476 3694 4549">
    <p class='ocr_par' dir='ltr' id='par_1_84' title="bbox 379 4476 3694 4549">
     <span class='ocr_line' id='line_1_84' title="bbox 379 4476 3694 4549; baseline 0.001 -20"><span class='ocrx_word' id='word_1_611' title='bbox 379 4492 536 4540; x_wconf 88' lang='lat' dir='ltr'><strong>num,</strong></span> <span class='ocrx_word' id='word_1_612' title='bbox 560 4492 633 4533; x_wconf 83' lang='lat' dir='ltr'><strong>ac</strong></span> <span class='ocrx_word' id='word_1_613' title='bbox 657 4476 960 4547; x_wconf 85' lang='lat' dir='ltr'><strong>cujuslibet</strong></span> <span class='ocrx_word' id='word_1_614' title='bbox 990 4477 1395 4533; x_wconf 83' lang='lat' dir='ltr'><strong>accommodati</strong></span> <span class='ocrx_word' id='word_1_615' title='bbox 1427 4488 1633 4546; x_wconf 90' lang='lat' dir='ltr'><strong>motus,</strong></span> <span class='ocrx_word' id='word_1_616' title='bbox 1652 4480 1718 4534; x_wconf 85' lang='lat' dir='ltr'><strong>ad</strong></span> <span class='ocrx_word' id='word_1_617' title='bbox 1739 4480 1988 4538; x_wconf 86' lang='lat' dir='ltr'><strong>solamen</strong></span> <span class='ocrx_word' id='word_1_618' title='bbox 2029 4490 2145 4537; x_wconf 91' lang='lat' dir='ltr'><strong>tum</strong></span> <span class='ocrx_word' id='word_1_619' title='bbox 2176 4480 2504 4549; x_wconf 89' lang='lat' dir='ltr'><strong>uostri,tum</strong></span> <span class='ocrx_word' id='word_1_620' title='bbox 2539 4477 2777 4537; x_wconf 86' lang='lat' dir='ltr'><strong>aliorum</strong></span> <span class='ocrx_word' id='word_1_621' title='bbox 2803 4476 3081 4544; x_wconf 82' lang='lat' dir='ltr'><strong>facientis,</strong></span> <span class='ocrx_word' id='word_1_622' title='bbox 3128 4476 3408 4549; x_wconf 88' lang='lat' dir='ltr'><strong>primitias</strong></span> <span class='ocrx_word' id='word_1_623' title='bbox 3434 4478 3694 4543; x_wconf 72' lang='lat' dir='ltr'><strong>inanibus</strong></span> 
     </span>
    </p>
   </div>
   <div class='ocr_carea' id='block_1_85' title="bbox 379 4569 2207 4647">
    <p class='ocr_par' dir='ltr' id='par_1_85' title="bbox 379 4569 2207 4647">
     <span class='ocr_line' id='line_1_85' title="bbox 379 4569 2207 4647; baseline 0.002 -19"><span class='ocrx_word' id='word_1_624' title='bbox 379 4570 575 4643; x_wconf 79' lang='lat' dir='ltr'><strong>largita</strong></span> <span class='ocrx_word' id='word_1_625' title='bbox 591 4581 707 4637; x_wconf 80' lang='lat' dir='ltr'><strong>est,</strong></span> <span class='ocrx_word' id='word_1_626' title='bbox 728 4570 803 4625; x_wconf 88' lang='lat' dir='ltr'><strong>ita</strong></span> <span class='ocrx_word' id='word_1_627' title='bbox 824 4578 1012 4626; x_wconf 90' lang='lat' dir='ltr'><strong>utnon</strong></span> <span class='ocrx_word' id='word_1_628' title='bbox 1031 4569 1193 4627; x_wconf 81' lang='lat' dir='ltr'><strong>facile</strong></span> <span class='ocrx_word' id='word_1_629' title='bbox 1218 4571 1289 4627; x_wconf 89' lang='lat' dir='ltr'><strong>sit</strong></span> <span class='ocrx_word' id='word_1_630' title='bbox 1305 4572 1623 4645; x_wconf 78' lang='lat' dir='ltr'><strong>singillatim</strong></span> <span class='ocrx_word' id='word_1_631' title='bbox 1645 4575 1831 4631; x_wconf 86' lang='lat' dir='ltr'><strong>omnia</strong></span> <span class='ocrx_word' id='word_1_632' title='bbox 1864 4590 2207 4647; x_wconf 87' lang='lat' dir='ltr'><strong>percurrere.</strong></span> 
     </span>
    </p>
   </div>
   <div class='ocr_carea' id='block_1_86' title="bbox 632 4684 1736 4759">
    <p class='ocr_par' dir='ltr' id='par_1_86' title="bbox 632 4684 1736 4759">
     <span class='ocr_line' id='line_1_86' title="bbox 632 4684 1736 4759; baseline 0.005 -20"><span class='ocrx_word' id='word_1_633' title='bbox 632 4687 777 4754; x_wconf 83' lang='grc' dir='ltr'>Κεφ.</span> <span class='ocrx_word' id='word_1_634' title='bbox 818 4684 1106 4741; x_wconf 70' lang='grc' dir='ltr'>κη’-κον.</span> <span class='ocrx_word' id='word_1_635' title='bbox 1143 4717 1213 4728; x_wconf 89' lang='lat'><strong><em>—</em></strong></span> <span class='ocrx_word' id='word_1_636' title='bbox 1245 4687 1390 4757; x_wconf 78' lang='grc' dir='ltr'>Περὶ</span> <span class='ocrx_word' id='word_1_637' title='bbox 1428 4687 1639 4759; x_wconf 79' lang='grc' dir='ltr'>μηρῶν</span> <span class='ocrx_word' id='word_1_638' title='bbox 1670 4690 1736 4744; x_wconf 75' lang='grc'><strong>’⁸.</strong></span> 
     </span>
    </p>
   </div>
   <div class='ocr_carea' id='block_1_87' title="bbox 453 4801 1981 4877">
    <p class='ocr_par' dir='ltr' id='par_1_87' title="bbox 453 4801 1981 4877">
     <span class='ocr_line' id='line_1_87' title="bbox 453 4801 1981 4877; baseline 0.003 -22"><span class='ocrx_word' id='word_1_639' title='bbox 453 4802 657 4856; x_wconf 70' lang='grc' dir='ltr'>Σκόπει</span> <span class='ocrx_word' id='word_1_640' title='bbox 699 4801 754 4855; x_wconf 72' lang='grc' dir='ltr'>δὲ</span> <span class='ocrx_word' id='word_1_641' title='bbox 795 4802 937 4871; x_wconf 80' lang='grc' dir='ltr'>μετὰ</span> <span class='ocrx_word' id='word_1_642' title='bbox 964 4802 1066 4865; x_wconf 74' lang='grc' dir='ltr'>τὰς</span> <span class='ocrx_word' id='word_1_643' title='bbox 1105 4806 1326 4873; x_wconf 79' lang='grc' dir='ltr'>χεῖρας,</span> <span class='ocrx_word' id='word_1_644' title='bbox 1378 4804 1475 4858; x_wconf 76' lang='grc' dir='ltr'>καὶ</span> <span class='ocrx_word' id='word_1_645' title='bbox 1509 4805 1621 4858; x_wconf 87' lang='grc' dir='ltr'><strong>τῶν</strong></span> <span class='ocrx_word' id='word_1_646' title='bbox 1655 4803 1837 4859; x_wconf 80' lang='grc' dir='ltr'>ποδῶν</span> <span class='ocrx_word' id='word_1_647' title='bbox 1878 4804 1981 4877; x_wconf 79' lang='grc' dir='ltr'><strong>τὴν</strong></span> 
     </span>
    </p>
   </div>
   <div class='ocr_carea' id='block_1_88' title="bbox 383 4894 1980 4967">
    <p class='ocr_par' dir='ltr' id='par_1_88' title="bbox 383 4894 1980 4967">
     <span class='ocr_line' id='line_1_88' title="bbox 383 4894 1980 4967; baseline 0 -17"><span class='ocrx_word' id='word_1_648' title='bbox 383 4896 757 4967; x_wconf 79' lang='grc' dir='ltr'>κατασκευὴν,</span> <span class='ocrx_word' id='word_1_649' title='bbox 784 4896 880 4948; x_wconf 73' lang='grc' dir='ltr'><strong>καὶ</strong></span> <span class='ocrx_word' id='word_1_650' title='bbox 902 4894 1003 4960; x_wconf 74' lang='grc' dir='ltr'>τὰς</span> <span class='ocrx_word' id='word_1_651' title='bbox 1037 4896 1307 4967; x_wconf 85' lang='grc' dir='ltr'>ἁρμονίας</span> <span class='ocrx_word' id='word_1_652' title='bbox 1326 4896 1538 4953; x_wconf 76' lang='grc' dir='ltr'>τούτων</span> <span class='ocrx_word' id='word_1_653' title='bbox 1555 4896 1650 4954; x_wconf 67' lang='grc' dir='ltr'>καὶ</span> <span class='ocrx_word' id='word_1_654' title='bbox 1672 4896 1980 4967; x_wconf 75' lang='grc' dir='ltr'>ἐνεργείαςο</span> 
     </span>
    </p>
   </div>
   <div class='ocr_carea' id='block_1_89' title="bbox 384 4987 1982 5061">
    <p class='ocr_par' dir='ltr' id='par_1_89' title="bbox 384 4987 1982 5061">
     <span class='ocr_line' id='line_1_89' title="bbox 384 4987 1982 5061; baseline 0.021 -28"><span class='ocrx_word' id='word_1_655' title='bbox 384 4989 502 5054; x_wconf 79' lang='grc' dir='ltr'><strong>πῶς</strong></span> <span class='ocrx_word' id='word_1_656' title='bbox 552 4987 922 5061; x_wconf 76' lang='grc' dir='ltr'>μεταϐατικὸν</span> <span class='ocrx_word' id='word_1_657' title='bbox 952 4987 1188 5058; x_wconf 82' lang='grc' dir='ltr'>ὄργανον</span> <span class='ocrx_word' id='word_1_658' title='bbox 1230 4987 1326 5042; x_wconf 86' lang='grc' dir='ltr'><strong>τοῦ</strong></span> <span class='ocrx_word' id='word_1_659' title='bbox 1371 4988 1575 5053; x_wconf 78' lang='grc' dir='ltr'>παντὸς</span> <span class='ocrx_word' id='word_1_660' title='bbox 1621 4989 1911 5060; x_wconf 61' lang='grc' dir='ltr'><strong>σώματος’</strong></span> <span class='ocrx_word' id='word_1_661' title='bbox 1948 4990 1982 5060; x_wconf 67' lang='grc' dir='ltr'><strong>ἡ</strong></span> 
     </span>
    </p>
   </div>
   <div class='ocr_carea' id='block_1_90' title="bbox 386 5074 1983 5155">
    <p class='ocr_par' dir='ltr' id='par_1_90' title="bbox 386 5074 1983 5155">
     <span class='ocr_line' id='line_1_90' title="bbox 386 5074 1983 5155; baseline -0.001 -18"><span class='ocrx_word' id='word_1_662' title='bbox 386 5083 552 5154; x_wconf 81' lang='grc' dir='ltr'>φύσις</span> <span class='ocrx_word' id='word_1_663' title='bbox 582 5085 616 5154; x_wconf 82' lang='grc' dir='ltr'>ἡ</span> <span class='ocrx_word' id='word_1_664' title='bbox 653 5081 988 5155; x_wconf 76' lang='grc' dir='ltr'>δημιουργὸς</span> <span class='ocrx_word' id='word_1_665' title='bbox 1011 5081 1057 5112; x_wconf 80' lang='grc'><strong>’⁷</strong></span> <span class='ocrx_word' id='word_1_666' title='bbox 1090 5081 1291 5145; x_wconf 81' lang='grc' dir='ltr'>αὐτοὺς</span> <span class='ocrx_word' id='word_1_667' title='bbox 1328 5074 1683 5152; x_wconf 76' lang='grc' dir='ltr'>ἐτεχνὰσατο.</span> <span class='ocrx_word' id='word_1_668' title='bbox 1715 5082 1829 5136; x_wconf 75' lang='grc' dir='ltr'>Καὶ</span> <span class='ocrx_word' id='word_1_669' title='bbox 1862 5082 1983 5147; x_wconf 84' lang='grc' dir='ltr'><strong>πῶς</strong></span> 
     </span>
    </p>
   </div>
   <div class='ocr_carea' id='block_1_91' title="bbox 386 5172 1985 5248">
    <p class='ocr_par' dir='ltr' id='par_1_91' title="bbox 386 5172 1985 5248">
     <span class='ocr_line' id='line_1_91' title="bbox 386 5172 1985 5248; baseline -0.001 -18"><span class='ocrx_word' id='word_1_670' title='bbox 386 5177 488 5248; x_wconf 76' lang='grc' dir='ltr'>τὴν</span> <span class='ocrx_word' id='word_1_671' title='bbox 529 5176 673 5230; x_wconf 77' lang='grc' dir='ltr'>κατὰ</span> <span class='ocrx_word' id='word_1_672' title='bbox 708 5173 817 5228; x_wconf 88' lang='grc' dir='ltr'><strong>τῶν</strong></span> <span class='ocrx_word' id='word_1_673' title='bbox 866 5174 1047 5228; x_wconf 84' lang='grc' dir='ltr'>τόπων</span> <span class='ocrx_word' id='word_1_674' title='bbox 1068 5174 1114 5206; x_wconf 77' lang='grc'><strong>⁸⁸</strong></span> <span class='ocrx_word' id='word_1_675' title='bbox 1150 5173 1370 5245; x_wconf 83' lang='grc' dir='ltr'>κίνησιν</span> <span class='ocrx_word' id='word_1_676' title='bbox 1410 5173 1501 5227; x_wconf 85' lang='grc' dir='ltr'>διὰ</span> <span class='ocrx_word' id='word_1_677' title='bbox 1543 5172 1754 5230; x_wconf 83' lang='grc' dir='ltr'>τούτων</span> <span class='ocrx_word' id='word_1_678' title='bbox 1794 5174 1985 5229; x_wconf 74' lang='grc' dir='ltr'>ποιού-</span> 
     </span>
    </p>
   </div>
   <div class='ocr_carea' id='block_1_92' title="bbox 391 5267 1984 5341">
    <p class='ocr_par' dir='ltr' id='par_1_92' title="bbox 391 5267 1984 5341">
     <span class='ocr_line' id='line_1_92' title="bbox 391 5267 1984 5341; baseline -0.001 -19"><span class='ocrx_word' id='word_1_679' title='bbox 391 5269 564 5341; x_wconf 88' lang='grc' dir='ltr'>μεθα;</span> <span class='ocrx_word' id='word_1_680' title='bbox 596 5269 695 5321; x_wconf 66' lang='grc' dir='ltr'>Διὰ</span> <span class='ocrx_word' id='word_1_681' title='bbox 723 5268 824 5337; x_wconf 83' lang='grc' dir='ltr'>τῆς</span> <span class='ocrx_word' id='word_1_682' title='bbox 857 5267 982 5322; x_wconf 86' lang='grc' dir='ltr'>καθ’</span> <span class='ocrx_word' id='word_1_683' title='bbox 1013 5268 1192 5340; x_wconf 77' lang='grc' dir='ltr'>ὁρμὴν</span> <span class='ocrx_word' id='word_1_684' title='bbox 1216 5268 1261 5300; x_wconf 74' lang='grc'><strong><em>’⁸</em></strong></span> <span class='ocrx_word' id='word_1_685' title='bbox 1307 5267 1601 5339; x_wconf 79' lang='grc' dir='ltr'>κινήσεως,</span> <span class='ocrx_word' id='word_1_686' title='bbox 1651 5268 1772 5339; x_wconf 72' lang='grc' dir='ltr'>ἦτοι</span> <span class='ocrx_word' id='word_1_687' title='bbox 1811 5285 1984 5338; x_wconf 85' lang='grc' dir='ltr'>μετα-</span> 
     </span>
    </p>
   </div>
   <div class='ocr_carea' id='block_1_93' title="bbox 387 5358 1986 5433">
    <p class='ocr_par' dir='ltr' id='par_1_93' title="bbox 387 5358 1986 5433">
     <span class='ocr_line' id='line_1_93' title="bbox 387 5358 1986 5433; baseline 0 -19"><span class='ocrx_word' id='word_1_688' title='bbox 387 5362 642 5433; x_wconf 74' lang='grc' dir='ltr'>ϐατικῆς.</span> <span class='ocrx_word' id='word_1_689' title='bbox 710 5358 867 5416; x_wconf 76' lang='grc' dir='ltr'>Ἔστι</span> <span class='ocrx_word' id='word_1_690' title='bbox 922 5360 980 5415; x_wconf 83' lang='grc' dir='ltr'>δὲ</span> <span class='ocrx_word' id='word_1_691' title='bbox 1033 5359 1378 5433; x_wconf 79' lang='grc' dir='ltr'>μεταδατικὴ</span> <span class='ocrx_word' id='word_1_692' title='bbox 1432 5359 1663 5430; x_wconf 81' lang='grc' dir='ltr'>κίνησις-</span> <span class='ocrx_word' id='word_1_693' title='bbox 1684 5359 1795 5414; x_wconf 91' lang='grc' dir='ltr'><strong>τῶν</strong></span> <span class='ocrx_word' id='word_1_694' title='bbox 1846 5360 1986 5414; x_wconf 84' lang='grc' dir='ltr'>ὅλων</span> 
     </span>
    </p>
   </div>
   <div class='ocr_carea' id='block_1_94' title="bbox 386 5452 1987 5527">
    <p class='ocr_par' dir='ltr' id='par_1_94' title="bbox 386 5452 1987 5527">
     <span class='ocr_line' id='line_1_94' title="bbox 386 5452 1987 5527; baseline 0 -19"><span class='ocrx_word' id='word_1_695' title='bbox 386 5453 483 5509; x_wconf 87' lang='grc' dir='ltr'><strong>τοῦ</strong></span> <span class='ocrx_word' id='word_1_696' title='bbox 507 5454 552 5486; x_wconf 84' lang='grc'><strong>³⁰</strong></span> <span class='ocrx_word' id='word_1_697' title='bbox 578 5452 835 5527; x_wconf 82' lang='grc' dir='ltr'>σώματος</span> <span class='ocrx_word' id='word_1_698' title='bbox 863 5470 927 5527; x_wconf 89' lang='grc' dir='ltr'><strong>με</strong></span> <span class='ocrx_word' id='word_1_699' title='bbox 938 5454 1046 5526; x_wconf 89' lang='grc' dir='ltr'><strong>ρῶν</strong></span> <span class='ocrx_word' id='word_1_700' title='bbox 1070 5453 1193 5510; x_wconf 74' lang='grc' dir='ltr'>καθ’</span> <span class='ocrx_word' id='word_1_701' title='bbox 1217 5452 1395 5527; x_wconf 78' lang='grc' dir='ltr'>ὁρμὴν</span> <span class='ocrx_word' id='word_1_702' title='bbox 1421 5453 1752 5525; x_wconf 72' lang='grc' dir='ltr'>γινομένωψ</span> <span class='ocrx_word' id='word_1_703' title='bbox 1778 5454 1987 5526; x_wconf 84' lang='grc' dir='ltr'>κατάρ-</span> 
     </span>
    </p>
   </div>
   <div class='ocr_carea' id='block_1_95' title="bbox 389 5544 1984 5620">
    <p class='ocr_par' dir='ltr' id='par_1_95' title="bbox 389 5544 1984 5620">
     <span class='ocr_line' id='line_1_95' title="bbox 389 5544 1984 5620; baseline -0.002 -18"><span class='ocrx_word' id='word_1_704' title='bbox 389 5563 579 5618; x_wconf 86' lang='grc' dir='ltr'>χοντος</span> <span class='ocrx_word' id='word_1_705' title='bbox 613 5547 713 5619; x_wconf 82' lang='grc' dir='ltr'>μὲν</span> <span class='ocrx_word' id='word_1_706' title='bbox 734 5546 830 5602; x_wconf 85' lang='grc' dir='ltr'><strong>τοῦ</strong></span> <span class='ocrx_word' id='word_1_707' title='bbox 872 5545 1231 5619; x_wconf 78' lang='grc' dir='ltr'>ἡγεμονικοῦ,</span> <span class='ocrx_word' id='word_1_708' title='bbox 1263 5544 1672 5620; x_wconf 80' lang='grc' dir='ltr'>ὑπηρετοῦντος</span> <span class='ocrx_word' id='word_1_709' title='bbox 1700 5546 1757 5601; x_wconf 81' lang='grc' dir='ltr'>δὲ</span> <span class='ocrx_word' id='word_1_710' title='bbox 1796 5545 1889 5600; x_wconf 89' lang='grc' dir='ltr'><strong>τοῦ</strong></span> <span class='ocrx_word' id='word_1_711' title='bbox 1925 5548 1984 5602; x_wconf 80' lang='grc' dir='ltr'>ἐν</span> 
     </span>
    </p>
   </div>
   <div class='ocr_carea' id='block_1_96' title="bbox 466 5704 1615 5777">
    <p class='ocr_par' dir='ltr' id='par_1_96' title="bbox 466 5704 1615 5777">
     <span class='ocr_line' id='line_1_96' title="bbox 466 5704 1615 5777; baseline 0.003 -18"><span class='ocrx_word' id='word_1_712' title='bbox 466 5706 513 5740; x_wconf 75' lang='grc'><strong>³⁸</strong></span> <span class='ocrx_word' id='word_1_713' title='bbox 535 5706 606 5760; x_wconf 75' lang='grc' dir='ltr'>τὰ</span> <span class='ocrx_word' id='word_1_714' title='bbox 630 5721 741 5760; x_wconf 89' lang='lat' dir='ltr'><strong>om.</strong></span> <span class='ocrx_word' id='word_1_715' title='bbox 775 5704 838 5762; x_wconf 89' lang='lat' dir='ltr'><strong>B.</strong></span> <span class='ocrx_word' id='word_1_716' title='bbox 917 5707 959 5738; x_wconf 71' lang='grc' dir='ltr'><strong>ν’</strong></span> <span class='ocrx_word' id='word_1_717' title='bbox 983 5707 1012 5761; x_wconf 85' lang='grc' dir='ltr'><strong>ὁ</strong></span> <span class='ocrx_word' id='word_1_718' title='bbox 1041 5705 1201 5777; x_wconf 85' lang='grc' dir='ltr'>ἇνθρ.</span> <span class='ocrx_word' id='word_1_719' title='bbox 1234 5724 1286 5763; x_wconf 89' lang='grc' dir='ltr'><strong>τ.</strong></span> <span class='ocrx_word' id='word_1_720' title='bbox 1320 5708 1441 5763; x_wconf 84' lang='grc' dir='ltr'>ἀλλ.</span> <span class='ocrx_word' id='word_1_721' title='bbox 1470 5706 1521 5773; x_wconf 75' lang='grc' dir='ltr'>ζ.</span> <span class='ocrx_word' id='word_1_722' title='bbox 1553 5709 1615 5763; x_wconf 84' lang='grc' dir='ltr'>Β.</span> 
     </span>
    </p>
   </div>
   <div class='ocr_carea' id='block_1_97' title="bbox 396 5848 736 5924">
    <p class='ocr_par' dir='ltr' id='par_1_97' title="bbox 396 5848 736 5924">
     <span class='ocr_line' id='line_1_97' title="bbox 396 5848 736 5924; baseline 0.009 -22"><span class='ocrx_word' id='word_1_723' title='bbox 396 5851 443 5924; x_wconf 65' lang='grc' dir='ltr'><strong>εξ</strong></span> <span class='ocrx_word' id='word_1_724' title='bbox 463 5848 640 5924; x_wconf 48' lang='grc' dir='ltr'>φίλλη</span> <span class='ocrx_word' id='word_1_725' title='bbox 675 5849 736 5905; x_wconf 86' lang='grc' dir='ltr'>Β.</span> 
     </span>
    </p>
   </div>
   <div class='ocr_carea' id='block_1_98' title="bbox 1698 5707 2145 5763">
    <p class='ocr_par' dir='ltr' id='par_1_98' title="bbox 1698 5707 2145 5763">
     <span class='ocr_line' id='line_1_98' title="bbox 1698 5707 2145 5763; baseline 0.004 -3"><span class='ocrx_word' id='word_1_726' title='bbox 1698 5710 1741 5741; x_wconf 73' lang='grc'><strong>’⁸</strong></span> <span class='ocrx_word' id='word_1_727' title='bbox 1776 5709 1917 5761; x_wconf 74' lang='grc' dir='ltr'>εἰσὶν</span> <span class='ocrx_word' id='word_1_728' title='bbox 1945 5725 2055 5762; x_wconf 79' lang='lat' dir='ltr'><strong>oni.</strong></span> <span class='ocrx_word' id='word_1_729' title='bbox 2084 5707 2145 5763; x_wconf 81' lang='grc' dir='ltr'>Β.</span> 
     </span>
    </p>
   </div>
   <div class='ocr_carea' id='block_1_99' title="bbox 393 5777 2357 5850">
    <p class='ocr_par' dir='ltr' id='par_1_99' title="bbox 393 5777 2357 5850">
     <span class='ocr_line' id='line_1_99' title="bbox 393 5777 2357 5850; baseline 0.002 -19"><span class='ocrx_word' id='word_1_730' title='bbox 393 5782 440 5813; x_wconf 77' lang='grc' dir='ltr'><strong>ὀ</strong></span> <span class='ocrx_word' id='word_1_731' title='bbox 466 5777 556 5850; x_wconf 14' lang='grc' dir='ltr'><strong>δίιᾲ</strong></span> <span class='ocrx_word' id='word_1_732' title='bbox 582 5777 702 5850; x_wconf 23' lang='grc' dir='ltr'><strong>τῆςῖ</strong></span> <span class='ocrx_word' id='word_1_733' title='bbox 739 5777 1178 5850; x_wconf 83' lang='grc' dir='ltr'>καταμηνύσεως</span> <span class='ocrx_word' id='word_1_734' title='bbox 1207 5780 1303 5833; x_wconf 83' lang='grc' dir='ltr'><strong>τοῦ</strong></span> <span class='ocrx_word' id='word_1_735' title='bbox 1339 5780 1480 5843; x_wconf 66' lang='grc' dir='ltr'>νοὸς,</span> <span class='ocrx_word' id='word_1_736' title='bbox 1524 5782 1650 5835; x_wconf 80' lang='lat' dir='ltr'><strong>add.</strong></span> <span class='ocrx_word' id='word_1_737' title='bbox 1685 5780 1742 5834; x_wconf 84' lang='grc' dir='ltr'>Β.</span> <span class='ocrx_word' id='word_1_738' title='bbox 1821 5781 1864 5811; x_wconf 83' lang='grc'><strong>³⁸</strong></span> <span class='ocrx_word' id='word_1_739' title='bbox 1907 5780 2197 5850; x_wconf 78' lang='grc' dir='ltr'>εὑρεθεῖσα</span> <span class='ocrx_word' id='word_1_740' title='bbox 2226 5778 2267 5832; x_wconf 82' lang='grc' dir='ltr'><strong>Β</strong></span> <span class='ocrx_word' id='word_1_741' title='bbox 2291 5779 2357 5834; x_wconf 78' lang='grc' dir='ltr'>Ρ.</span> 
     </span>
    </p>
   </div>
   <div class='ocr_carea' id='block_1_100' title="bbox 830 5849 2602 5924">
    <p class='ocr_par' dir='ltr' id='par_1_100' title="bbox 830 5849 2602 5924">
     <span class='ocr_line' id='line_1_100' title="bbox 830 5849 2602 5924; baseline -0.002 -19"><span class='ocrx_word' id='word_1_742' title='bbox 830 5849 876 5924; x_wconf 60' lang='grc' dir='ltr'><strong>ξξ</strong></span> <span class='ocrx_word' id='word_1_743' title='bbox 910 5866 1061 5924; x_wconf 58' lang='grc' dir='ltr'>πασ.</span> <span class='ocrx_word' id='word_1_744' title='bbox 1084 5849 1183 5924; x_wconf 55' lang='grc' dir='ltr'><strong>οδ.</strong></span> <span class='ocrx_word' id='word_1_745' title='bbox 1227 5851 1328 5924; x_wconf 68' lang='grc' dir='ltr'>τὴν</span> <span class='ocrx_word' id='word_1_746' title='bbox 1358 5869 1564 5921; x_wconf 57' lang='lat' dir='ltr'><strong>Lamp.</strong></span> <span class='ocrx_word' id='word_1_747' title='bbox 1603 5852 1684 5907; x_wconf 68' lang='grc' dir='ltr'><strong>ιλ.</strong></span> <span class='ocrx_word' id='word_1_748' title='bbox 1719 5869 1847 5924; x_wconf 82' lang='grc' dir='ltr'>μορ.</span> <span class='ocrx_word' id='word_1_749' title='bbox 1887 5849 2142 5924; x_wconf 60' lang='grc' dir='ltr'>φανερῶν</span> <span class='ocrx_word' id='word_1_750' title='bbox 2172 5851 2203 5922; x_wconf 78' lang='grc' dir='ltr'><strong>ἢ</strong></span> <span class='ocrx_word' id='word_1_751' title='bbox 2245 5849 2602 5924; x_wconf 9' lang='grc' dir='ltr'>ᾁσφανῶνᾲϐ.</span> 
     </span>
    </p>
   </div>
   <div class='ocr_carea' id='block_1_101' title="bbox 396 5913 3127 6000">
    <p class='ocr_par' dir='ltr' id='par_1_101' title="bbox 396 5913 3127 6000">
     <span class='ocr_line' id='line_1_101' title="bbox 396 5913 3127 6000; baseline -0 -25"><span class='ocrx_word' id='word_1_752' title='bbox 396 5913 640 5995; x_wconf 59' lang='grc' dir='ltr'>πίίδημξ</span> <span class='ocrx_word' id='word_1_753' title='bbox 673 5937 799 5993; x_wconf 68' lang='grc' dir='ltr'>φυσ.</span> <span class='ocrx_word' id='word_1_754' title='bbox 840 5913 898 5977; x_wconf 81' lang='grc' dir='ltr'>Β.</span> <span class='ocrx_word' id='word_1_755' title='bbox 975 5921 1024 5955; x_wconf 77' lang='grc'><strong>⁸⁸</strong></span> <span class='ocrx_word' id='word_1_756' title='bbox 1041 5922 1157 5979; x_wconf 76' lang='grc' dir='ltr'><strong>τῶν</strong></span> <span class='ocrx_word' id='word_1_757' title='bbox 1178 5913 1363 5979; x_wconf 69' lang='grc' dir='ltr'>τόπων</span> <span class='ocrx_word' id='word_1_758' title='bbox 1391 5924 1454 5977; x_wconf 84' lang='lat' dir='ltr'><strong>A.</strong></span> <span class='ocrx_word' id='word_1_759' title='bbox 1484 5913 1628 5979; x_wconf 64' lang='grc' dir='ltr'>κατὰ</span> <span class='ocrx_word' id='word_1_760' title='bbox 1674 5913 1837 5979; x_wconf 50' lang='lat' dir='ltr'><strong>vim};</strong></span> <span class='ocrx_word' id='word_1_761' title='bbox 1885 5913 1923 5979; x_wconf 81' lang='grc' dir='ltr'>Β</span> <span class='ocrx_word' id='word_1_762' title='bbox 1961 5913 2047 5982; x_wconf 83' lang='grc' dir='ltr'>ι’.’</span> <span class='ocrx_word' id='word_1_763' title='bbox 2097 5924 2141 5957; x_wconf 66' lang='grc'><strong>’³</strong></span> <span class='ocrx_word' id='word_1_764' title='bbox 2176 5913 2299 5977; x_wconf 70' lang='grc' dir='ltr'>καθ’</span> <span class='ocrx_word' id='word_1_765' title='bbox 2333 5913 2479 6000; x_wconf 66' lang='grc' dir='ltr'>δμὴν</span> <span class='ocrx_word' id='word_1_766' title='bbox 2511 5922 2577 5981; x_wconf 65' lang='grc' dir='ltr'>Δ.</span> <span class='ocrx_word' id='word_1_767' title='bbox 2657 5921 2700 5952; x_wconf 74' lang='grc' dir='ltr'><strong>³ο</strong></span> <span class='ocrx_word' id='word_1_768' title='bbox 2744 5919 2837 5974; x_wconf 83' lang='grc' dir='ltr'><strong>τοῦ</strong></span> <span class='ocrx_word' id='word_1_769' title='bbox 2884 5920 3010 5983; x_wconf 75' lang='grc' dir='ltr'>ὅλου</span> <span class='ocrx_word' id='word_1_770' title='bbox 3065 5920 3127 5979; x_wconf 82' lang='lat' dir='ltr'><strong>C.</strong></span> 
     </span>
    </p>
   </div>
   <div class='ocr_carea' id='block_1_102' title="bbox 2353 4686 3453 4760">
    <p class='ocr_par' dir='ltr' id='par_1_102' title="bbox 2353 4686 3453 4760">
     <span class='ocr_line' id='line_1_102' title="bbox 2353 4686 3453 4760; baseline -0.001 -15"><span class='ocrx_word' id='word_1_771' title='bbox 2353 4689 2489 4760; x_wconf 88' lang='lat' dir='ltr'><strong>Cap.</strong></span> <span class='ocrx_word' id='word_1_772' title='bbox 2526 4686 2975 4743; x_wconf 71' lang='lat' dir='ltr'><strong>XXVIII-XXIX.</strong></span> <span class='ocrx_word' id='word_1_773' title='bbox 3002 4715 3076 4728; x_wconf 85' lang='lat'><strong>--</strong></span> <span class='ocrx_word' id='word_1_774' title='bbox 3102 4686 3181 4743; x_wconf 82' lang='lat' dir='ltr'><strong>De</strong></span> <span class='ocrx_word' id='word_1_775' title='bbox 3210 4688 3453 4760; x_wconf 70' lang='lat' dir='ltr'><strong>pedibus.</strong></span> 
     </span>
    </p>
   </div>
   <div class='ocr_carea' id='block_1_103' title="bbox 2152 4805 3695 4877">
    <p class='ocr_par' dir='ltr' id='par_1_103' title="bbox 2152 4805 3695 4877">
     <span class='ocr_line' id='line_1_103' title="bbox 2152 4805 3695 4877; baseline -0.001 -15"><span class='ocrx_word' id='word_1_776' title='bbox 2152 4807 2258 4862; x_wconf 86' lang='lat' dir='ltr'><strong>Sed</strong></span> <span class='ocrx_word' id='word_1_777' title='bbox 2302 4823 2333 4861; x_wconf 87' lang='lat' dir='ltr'><strong>a</strong></span> <span class='ocrx_word' id='word_1_778' title='bbox 2380 4815 2490 4862; x_wconf 88' lang='lat' dir='ltr'><strong>tam</strong></span> <span class='ocrx_word' id='word_1_779' title='bbox 2529 4805 2679 4861; x_wconf 88' lang='lat' dir='ltr'><strong>vario</strong></span> <span class='ocrx_word' id='word_1_780' title='bbox 2712 4821 2976 4861; x_wconf 81' lang='lat' dir='ltr'><strong>manuum</strong></span> <span class='ocrx_word' id='word_1_781' title='bbox 3011 4821 3196 4877; x_wconf 85' lang='lat' dir='ltr'><strong>opere,</strong></span> <span class='ocrx_word' id='word_1_782' title='bbox 3230 4806 3298 4860; x_wconf 88' lang='lat' dir='ltr'><strong>ad</strong></span> <span class='ocrx_word' id='word_1_783' title='bbox 3332 4805 3531 4877; x_wconf 86' lang='lat' dir='ltr'><strong>pedum</strong></span> <span class='ocrx_word' id='word_1_784' title='bbox 3565 4820 3695 4862; x_wconf 53' lang='lat' dir='ltr'><strong>conq</strong></span> 
     </span>
    </p>
   </div>
   <div class='ocr_carea' id='block_1_104' title="bbox 2094 4895 3695 4968">
    <p class='ocr_par' dir='ltr' id='par_1_104' title="bbox 2094 4895 3695 4968">
     <span class='ocr_line' id='line_1_104' title="bbox 2094 4895 3695 4968; baseline -0.001 -14"><span class='ocrx_word' id='word_1_785' title='bbox 2094 4898 2457 4962; x_wconf 88' lang='lat' dir='ltr'><strong>stitutionem,</strong></span> <span class='ocrx_word' id='word_1_786' title='bbox 2486 4906 2541 4952; x_wconf 91' lang='lat' dir='ltr'><strong>et</strong></span> <span class='ocrx_word' id='word_1_787' title='bbox 2590 4895 2895 4953; x_wconf 84' lang='lat' dir='ltr'><strong>concinnas</strong></span> <span class='ocrx_word' id='word_1_788' title='bbox 2946 4895 3242 4951; x_wconf 83' lang='lat' dir='ltr'><strong>admodum</strong></span> <span class='ocrx_word' id='word_1_789' title='bbox 3305 4897 3695 4968; x_wconf 79' lang='lat' dir='ltr'><strong>oﬂiciosasqu.:</strong></span> 
     </span>
    </p>
   </div>
   <div class='ocr_carea' id='block_1_105' title="bbox 2093 4989 3698 5061">
    <p class='ocr_par' dir='ltr' id='par_1_105' title="bbox 2093 4989 3698 5061">
     <span class='ocr_line' id='line_1_105' title="bbox 2093 4989 3698 5061; baseline -0.001 -14"><span class='ocrx_word' id='word_1_790' title='bbox 2093 4993 2339 5047; x_wconf 89' lang='lat' dir='ltr'><strong>actiones</strong></span> <span class='ocrx_word' id='word_1_791' title='bbox 2385 4989 2818 5046; x_wconf 82' lang='lat' dir='ltr'><strong>considerandas</strong></span> <span class='ocrx_word' id='word_1_792' title='bbox 2844 5000 3218 5057; x_wconf 84' lang='lat' dir='ltr'><strong>transeamus;</strong></span> <span class='ocrx_word' id='word_1_793' title='bbox 3257 5006 3497 5060; x_wconf 86' lang='lat' dir='ltr'><strong>quonam</strong></span> <span class='ocrx_word' id='word_1_794' title='bbox 3534 5002 3698 5061; x_wconf 87' lang='lat' dir='ltr'><strong>pacto</strong></span> 
     </span>
    </p>
   </div>
   <div class='ocr_carea' id='block_1_106' title="bbox 2096 5082 3697 5157">
    <p class='ocr_par' dir='ltr' id='par_1_106' title="bbox 2096 5082 3697 5157">
     <span class='ocr_line' id='line_1_106' title="bbox 2096 5082 3697 5157; baseline 0 -17"><span class='ocrx_word' id='word_1_795' title='bbox 2096 5100 2280 5140; x_wconf 90' lang='lat' dir='ltr'><strong>rerum</strong></span> <span class='ocrx_word' id='word_1_796' title='bbox 2314 5082 2498 5155; x_wconf 78' lang='lat' dir='ltr'><strong>opifex</strong></span> <span class='ocrx_word' id='word_1_797' title='bbox 2525 5084 2692 5155; x_wconf 86' lang='lat' dir='ltr'><strong>pedes</strong></span> <span class='ocrx_word' id='word_1_798' title='bbox 2718 5083 2868 5155; x_wconf 88' lang='lat' dir='ltr'><strong>ipsos</strong></span> <span class='ocrx_word' id='word_1_799' title='bbox 2891 5085 3319 5139; x_wconf 87' lang='lat' dir='ltr'><strong>instrumentum</strong></span> <span class='ocrx_word' id='word_1_800' title='bbox 3353 5084 3419 5139; x_wconf 84' lang='lat' dir='ltr'><strong>ad</strong></span> <span class='ocrx_word' id='word_1_801' title='bbox 3446 5087 3697 5157; x_wconf 87' lang='lat' dir='ltr'><strong>corporis</strong></span> 
     </span>
    </p>
   </div>
   <div class='ocr_carea' id='block_1_107' title="bbox 2098 5176 3696 5249">
    <p class='ocr_par' dir='ltr' id='par_1_107' title="bbox 2098 5176 3696 5249">
     <span class='ocr_line' id='line_1_107' title="bbox 2098 5176 3696 5249; baseline -0.001 -15"><span class='ocrx_word' id='word_1_802' title='bbox 2098 5177 2393 5234; x_wconf 84' lang='lat' dir='ltr'><strong>transitum</strong></span> <span class='ocrx_word' id='word_1_803' title='bbox 2454 5177 2767 5249; x_wconf 85' lang='lat' dir='ltr'><strong>delegatum</strong></span> <span class='ocrx_word' id='word_1_804' title='bbox 2816 5178 3187 5233; x_wconf 87' lang='lat' dir='ltr'><strong>constituerit.</strong></span> <span class='ocrx_word' id='word_1_805' title='bbox 3223 5176 3362 5232; x_wconf 85' lang='lat' dir='ltr'><strong>Tum</strong></span> <span class='ocrx_word' id='word_1_806' title='bbox 3415 5180 3696 5248; x_wconf 79' lang='lat' dir='ltr'><strong>quomodo</strong></span> 
     </span>
    </p>
   </div>
   <div class='ocr_carea' id='block_1_108' title="bbox 2097 5266 3710 5340">
    <p class='ocr_par' dir='ltr' id='par_1_108' title="bbox 2097 5266 3710 5340">
     <span class='ocr_line' id='line_1_108' title="bbox 2097 5266 3710 5340; baseline -0.001 -15"><span class='ocrx_word' id='word_1_807' title='bbox 2097 5269 2295 5325; x_wconf 87' lang='lat' dir='ltr'><strong>borum</strong></span> <span class='ocrx_word' id='word_1_808' title='bbox 2341 5266 2520 5325; x_wconf 77' lang='lat' dir='ltr'><strong>ofﬁcio</strong></span> <span class='ocrx_word' id='word_1_809' title='bbox 2545 5269 2651 5324; x_wconf 92' lang='lat' dir='ltr'><strong>loci</strong></span> <span class='ocrx_word' id='word_1_810' title='bbox 2682 5268 3045 5324; x_wconf 88' lang='lat' dir='ltr'><strong>mutationem</strong></span> <span class='ocrx_word' id='word_1_811' title='bbox 3071 5280 3223 5324; x_wconf 91' lang='lat' dir='ltr'><strong>motu</strong></span> <span class='ocrx_word' id='word_1_812' title='bbox 3261 5269 3531 5325; x_wconf 87' lang='lat' dir='ltr'><strong>transitus</strong></span> <span class='ocrx_word' id='word_1_813' title='bbox 3578 5285 3710 5340; x_wconf 75' lang='lat' dir='ltr'><strong>per.</strong></span> 
     </span>
    </p>
   </div>
   <div class='ocr_carea' id='block_1_109' title="bbox 2096 5358 3696 5432">
    <p class='ocr_par' dir='ltr' id='par_1_109' title="bbox 2096 5358 3696 5432">
     <span class='ocr_line' id='line_1_109' title="bbox 2096 5358 3696 5432; baseline 0.001 -16"><span class='ocrx_word' id='word_1_814' title='bbox 2096 5360 2332 5432; x_wconf 83' lang='lat' dir='ltr'><strong>agimus.</strong></span> <span class='ocrx_word' id='word_1_815' title='bbox 2353 5358 2489 5415; x_wconf 85' lang='lat' dir='ltr'><strong>Nam</strong></span> <span class='ocrx_word' id='word_1_816' title='bbox 2516 5359 2785 5416; x_wconf 89' lang='lat' dir='ltr'><strong>transitus</strong></span> <span class='ocrx_word' id='word_1_817' title='bbox 2807 5360 3123 5431; x_wconf 88' lang='lat' dir='ltr'><strong>motus,qui</strong></span> <span class='ocrx_word' id='word_1_818' title='bbox 3157 5360 3208 5414; x_wconf 90' lang='lat' dir='ltr'><strong>in</strong></span> <span class='ocrx_word' id='word_1_819' title='bbox 3240 5361 3498 5415; x_wconf 87' lang='lat' dir='ltr'><strong>omnibus</strong></span> <span class='ocrx_word' id='word_1_820' title='bbox 3525 5360 3696 5418; x_wconf 88' lang='lat' dir='ltr'><strong>totius</strong></span> 
     </span>
    </p>
   </div>
   <div class='ocr_carea' id='block_1_110' title="bbox 2098 5453 3697 5525">
    <p class='ocr_par' dir='ltr' id='par_1_110' title="bbox 2098 5453 3697 5525">
     <span class='ocr_line' id='line_1_110' title="bbox 2098 5453 3697 5525; baseline -0.002 -14"><span class='ocrx_word' id='word_1_821' title='bbox 2098 5455 2349 5525; x_wconf 90' lang='lat' dir='ltr'><strong>corporis</strong></span> <span class='ocrx_word' id='word_1_822' title='bbox 2378 5453 2631 5524; x_wconf 86' lang='lat' dir='ltr'><strong>partibus</strong></span> <span class='ocrx_word' id='word_1_823' title='bbox 2654 5461 2761 5518; x_wconf 87' lang='lat' dir='ltr'><strong>est,</strong></span> <span class='ocrx_word' id='word_1_824' title='bbox 2791 5468 2920 5508; x_wconf 88' lang='lat' dir='ltr'><strong>cum</strong></span> <span class='ocrx_word' id='word_1_825' title='bbox 2964 5453 3171 5522; x_wconf 86' lang='lat' dir='ltr'><strong>impetu</strong></span> <span class='ocrx_word' id='word_1_826' title='bbox 3209 5453 3302 5516; x_wconf 82' lang='lat' dir='ltr'><strong>ﬁt,</strong></span> <span class='ocrx_word' id='word_1_827' title='bbox 3338 5453 3392 5508; x_wconf 92' lang='lat' dir='ltr'><strong>in</strong></span> <span class='ocrx_word' id='word_1_828' title='bbox 3423 5469 3535 5525; x_wconf 91' lang='lat' dir='ltr'><strong>quo</strong></span> <span class='ocrx_word' id='word_1_829' title='bbox 3573 5454 3697 5510; x_wconf 79' lang='lat' dir='ltr'><strong>olli-</strong></span> 
     </span>
    </p>
   </div>
   <div class='ocr_carea' id='block_1_111' title="bbox 2095 5544 3700 5617">
    <p class='ocr_par' dir='ltr' id='par_1_111' title="bbox 2095 5544 3700 5617">
     <span class='ocr_line' id='line_1_111' title="bbox 2095 5544 3700 5617; baseline 0.002 -17"><span class='ocrx_word' id='word_1_830' title='bbox 2095 5545 2206 5615; x_wconf 90' lang='lat' dir='ltr'><strong>cio,</strong></span> <span class='ocrx_word' id='word_1_831' title='bbox 2237 5544 2561 5617; x_wconf 88' lang='lat' dir='ltr'><strong>principalis</strong></span> <span class='ocrx_word' id='word_1_832' title='bbox 2592 5544 2790 5599; x_wconf 69' lang='lat' dir='ltr'><strong>anima:</strong></span> <span class='ocrx_word' id='word_1_833' title='bbox 2822 5547 2997 5615; x_wconf 85' lang='lat' dir='ltr'><strong>partis</strong></span> <span class='ocrx_word' id='word_1_834' title='bbox 3029 5545 3114 5601; x_wconf 87' lang='lat' dir='ltr'><strong>vis</strong></span> <span class='ocrx_word' id='word_1_835' title='bbox 3159 5546 3505 5601; x_wconf 90' lang='lat' dir='ltr'><strong>dominatum</strong></span> <span class='ocrx_word' id='word_1_836' title='bbox 3554 5547 3700 5603; x_wconf 82' lang='lat' dir='ltr'><strong>obti-</strong></span> 
     </span>
    </p>
   </div>
   <div class='ocr_carea' id='block_1_112' title="bbox 2251 5705 3698 5811">
    <p class='ocr_par' dir='ltr' id='par_1_112' title="bbox 2251 5705 3698 5811">
     <span class='ocr_line' id='line_1_112' title="bbox 2251 5705 3698 5811; baseline 0.003 -50"><span class='ocrx_word' id='word_1_837' title='bbox 2251 5710 2293 5741; x_wconf 75' lang='grc'><strong>⁸⁵</strong></span> <span class='ocrx_word' id='word_1_838' title='bbox 2330 5709 2662 5811; x_wconf 42' lang='grc' dir='ltr'>ἐκσὶχετικῆς</span> <span class='ocrx_word' id='word_1_839' title='bbox 2713 5705 2776 5761; x_wconf 84' lang='lat' dir='ltr'><strong>C.</strong></span> <span class='ocrx_word' id='word_1_840' title='bbox 2835 5709 2901 5759; x_wconf 83' lang='grc' dir='ltr'>ἐκ</span> <span class='ocrx_word' id='word_1_841' title='bbox 2939 5706 3179 5778; x_wconf 79' lang='grc' dir='ltr'>σχέσεως</span> <span class='ocrx_word' id='word_1_842' title='bbox 3226 5707 3347 5779; x_wconf 74' lang='grc' dir='ltr'>ἦτοι</span> <span class='ocrx_word' id='word_1_843' title='bbox 3393 5708 3453 5775; x_wconf 80' lang='grc' dir='ltr'>ἐξ</span> <span class='ocrx_word' id='word_1_844' title='bbox 3488 5710 3561 5777; x_wconf 88' lang='grc' dir='ltr'>ἀγ</span> <span class='ocrx_word' id='word_1_845' title='bbox 3635 5709 3698 5766; x_wconf 81' lang='grc' dir='ltr'>Ρ.</span> 
     </span>
     <span class='ocr_line' id='line_1_113' title="bbox 2251 5775 3676 5811; baseline 0 0"><span class='ocrx_word' id='word_1_846' title='bbox 2251 5779 2330 5811; x_wconf 69' lang='grc' dir='ltr'>ιι)</span> <span class='ocrx_word' id='word_1_847' title='bbox 2456 5783 2474 5811; x_wconf 74' lang='lat' dir='ltr'><strong>I</strong></span> <span class='ocrx_word' id='word_1_848' title='bbox 2506 5777 2815 5811; x_wconf 59' lang='grc' dir='ltr'><strong>Ακιιυιιιιέυιη</strong></span> <span class='ocrx_word' id='word_1_849' title='bbox 2847 5775 2888 5811; x_wconf 70' lang='grc' dir='ltr'><strong>Ω</strong></span> <span class='ocrx_word' id='word_1_850' title='bbox 2987 5779 3033 5809; x_wconf 67' lang='grc'><strong>2³</strong></span> <span class='ocrx_word' id='word_1_851' title='bbox 3063 5777 3155 5811; x_wconf 65' lang='lat' dir='ltr'><strong>Eun</strong></span> <span class='ocrx_word' id='word_1_852' title='bbox 3214 5782 3323 5811; x_wconf 65' lang='grc' dir='ltr'><strong>«μιν</strong></span> <span class='ocrx_word' id='word_1_853' title='bbox 3381 5797 3580 5811; x_wconf 57' lang='grc' dir='ltr'><strong>,ρ’-ολ</strong></span> <span class='ocrx_word' id='word_1_854' title='bbox 3640 5780 3676 5811; x_wconf 72' lang='grc' dir='ltr'>Π</span> 
     </span>
    </p>
   </div>
   <div class='ocr_carea' id='block_1_113' title="bbox 2456 5775 3699 5850">
    <p class='ocr_par' dir='ltr' id='par_1_113' title="bbox 2456 5775 3699 5850">
     <span class='ocr_line' id='line_1_114' title="bbox 2456 5775 3699 5850; baseline 0.004 -21"><span class='ocrx_word' id='word_1_855' title='bbox 2456 5775 2474 5850; x_wconf 51' lang='grc' dir='ltr'>ξ</span> <span class='ocrx_word' id='word_1_856' title='bbox 2506 5775 2815 5850; x_wconf 78' lang='grc' dir='ltr'>ὀδυνομένῳ</span> <span class='ocrx_word' id='word_1_857' title='bbox 2846 5775 2925 5850; x_wconf 83' lang='lat' dir='ltr'><strong>B._</strong></span> <span class='ocrx_word' id='word_1_858' title='bbox 2976 5775 3033 5809; x_wconf 52' lang='grc'><strong>⁷³³</strong></span> <span class='ocrx_word' id='word_1_859' title='bbox 3063 5777 3179 5833; x_wconf 80' lang='grc' dir='ltr'>ἐνθ.</span> <span class='ocrx_word' id='word_1_860' title='bbox 3214 5775 3347 5833; x_wconf 57' lang='lat' dir='ltr'><strong>xix.</strong></span> <span class='ocrx_word' id='word_1_861' title='bbox 3381 5775 3604 5850; x_wconf 66' lang='grc' dir='ltr'>περιτρ.</span> <span class='ocrx_word' id='word_1_862' title='bbox 3640 5780 3699 5835; x_wconf 85' lang='grc' dir='ltr'>Β.</span> 
     </span>
    </p>
   </div>
   <div class='ocr_carea' id='block_1_114' title="bbox 2700 5836 3721 5920">
    <p class='ocr_par' dir='ltr' id='par_1_114' title="bbox 2700 5836 3721 5920">
     <span class='ocr_line' id='line_1_115' title="bbox 2700 5836 3721 5920; baseline 0.033 -27"><span class='ocrx_word' id='word_1_863' title='bbox 2700 5848 2747 5881; x_wconf 74' lang='grc' dir='ltr'>η</span> <span class='ocrx_word' id='word_1_864' title='bbox 2785 5836 2863 5903; x_wconf 77' lang='lat' dir='ltr'><strong>&#39;sic</strong></span> <span class='ocrx_word' id='word_1_865' title='bbox 2888 5847 3025 5903; x_wconf 86' lang='lat' dir='ltr'><strong>Cod.</strong></span> <span class='ocrx_word' id='word_1_866' title='bbox 3065 5852 3130 5904; x_wconf 80' lang='grc' dir='ltr'>Α.</span> <span class='ocrx_word' id='word_1_867' title='bbox 3177 5852 3307 5920; x_wconf 71' lang='grc' dir='ltr'>περὶ</span> <span class='ocrx_word' id='word_1_868' title='bbox 3345 5836 3531 5915; x_wconf 62' lang='grc' dir='ltr'><strong>[10δῖὖά</strong></span> <span class='ocrx_word' id='word_1_869' title='bbox 3552 5836 3603 5915; x_wconf 53' lang='grc' dir='ltr'><strong>’β</strong></span> <span class='ocrx_word' id='word_1_870' title='bbox 3641 5836 3721 5912; x_wconf 22' lang='grc' dir='ltr'><strong>ιὀἱ</strong></span> 
     </span>
    </p>
   </div>
  </div>
