4138 6484
472 455 611 509 1⁸359

1762 429 1808 482 Μ
1818 426 2040 483 ιῖιιίτιι
2082 420 2387 480 MONACIII

3590 422 3732 480 1250

465 582 579 638 net,
607 566 831 640 spiritus
857 580 1007 631 vero,
1034 562 1131 633 qui
1160 562 1213 616 in
1249 557 1433 615 nervis
1485 554 1644 626 124
1670 552 2045 621 musculisqne

2182 549 2261 609 οῖς
2292 546 2506 615 νεύροις
2546 543 2642 595 καὶ
2690 541 2823 610 μυσὶ
2870 538 3202 609 πνεύματοςο
3241 543 3734 609 συνεκτεινομένου

469 662 668 718 insitus
699 668 805 723 est,
839 654 1131 712 ministerii
1156 651 1393 706 alliciunt
1424 647 1624 718 explet,
1656 646 1751 716 qui
1786 662 1890 699 una
1917 659 2042 699 cum

470 756 575 809 illis
615 751 978 816 contenditur,
1017 747 1369 813 membraque
1395 742 1510 811 ipsa
1541 740 1913 809 circumagere
1934 752 2045 791 non

469 846 690 900 desinit.
733 841 1027 896 Enimvero
1051 879 1065 899 .
1117 837 1320 892 motiva
1371 834 1460 889 illa
1496 832 1730 886 facultas
1753 839 1869 891 est,
1903 844 2045 898 quae,

422 1003 424 1006 ν
472 937 690 1008 corpori
724 950 821 989 ceu
853 930 1101 987 vehiculo
1126 927 1408 992 insidens,
1450 927 1506 980 in
1568 922 1752 979 nervis
1826 936 2052 977 muscu-

474 1032 652 1101 iisque
696 1027 939 1083 actiones
979 1038 1108 1079 suas
1160 1020 1418 1075 Ostendit.
1454 1018 1577 1088 Ipsa
1619 1024 1801 1071 autem
1847 1014 2049 1069 motiva

442 1121 723 1183 vfacultas,
762 1124 948 1185 utpote
973 1114 1169 1168 anima:
1191 1115 1273 1165 vis
1294 1151 1308 1175 ,
1342 1118 1513 1165 totum
1556 1122 1758 1178 corpus
1802 1115 2050 1161 nostrum

473 1211 622 1266 vehit
650 1228 663 1263 :
696 1208 789 1262 sed
821 1216 874 1261 et
909 1205 1001 1259 illa
1037 1202 1277 1258 vicissim
1301 1241 1317 1266 ,
1353 1200 1581 1272 pedibus
1616 1198 1884 1253 transitus
1932 1210 2054 1249 mu.

476 1304 566 1357 nia
594 1298 978 1371 peragentibus
1002 1339 1017 1364 ,
1058 1312 1088 1351 a
1127 1309 1355 1365 corpore
1378 1293 1614 1348 vehitur.
1651 1288 1786 1345 Nam
1823 1290 1976 1358 prius
2022 1303 2054 1345 a

476 1393 633 1447 nobis
658 1391 1094 1445 demonstratum
1127 1393 1231 1451 est,
1265 1385 1408 1456 quod
1436 1398 1776 1454 quaecunque
1806 1397 1902 1452 per
1928 1396 2054 1434 nere

476 1500 576 1539 vos
627 1482 1014 1550 musculosque
1062 1488 1372 1545 moventur,
1419 1493 1487 1532 ex
1539 1478 1736 1531 animae
1785 1472 2058 1529 facultati-

477 1578 603 1653 bus.
633 1584 764 1632 sunt
816 1582 980 1645 atque
1034 1572 1102 1627 ad
1150 1570 1325 1626 nostri
1357 1570 1647 1626 arbitrium
1700 1578 2058 1639 peraguntur.

478 1666 604 1720 Pari
663 1665 825 1718 modo
871 1663 1035 1716 etiam
1083 1661 1516 1717 animadvertere
1539 1666 1772 1729 oportet,
1798 1655 2061 1727 quemad-

482 1757 707 1811 modum
757 1751 1196 1808 instrumentalia
1242 1765 1366 1805 cum
1404 1747 1811 1820 magnitudine,
1860 1743 2059 1808 forma,

2147 637 2359 700 τούτοις
2389 636 2485 690 καὶ
2529 633 2924 705 περιφέροντος
2954 631 3025 685 τὰ
3059 633 3198 703 μέλη
3217 648 3231 661 ’
3262 631 3297 700 ἡ
3326 630 3435 702 γὰρ
3469 632 3735 704 κινητική

2146 730 2375 799 δύναμις
2403 727 2543 797 αὓτη
2568 724 2718 778 ἐστὶν
2739 726 2773 794 ἡ
2801 726 2859 777 ὲν
2879 726 2992 786 τοῖς
3016 721 3230 793 νεύροις
3257 723 3353 774 καὶ
3385 721 3550 791 μυσὶν
3578 724 3737 791 ὲνερ-

2148 820 2343 889 γοῦσα,
2374 818 2472 872 καὶ
2499 817 2562 870 τὸ
2592 815 2753 885 σῶμα
2778 813 3009 885 ὀχοῦσαο
3034 816 3118 868 ὅτι
3149 814 3281 867 αὑτό
3307 813 3350 844 ³³
3384 813 3486 882 μὲν
3511 813 3630 883 ὀχεῖ
3656 814 3738 877 ὡς

2148 911 2354 983 ψυχικὴ
2395 910 2659 979 δύναμις·
2691 909 2901 977 ὀχεῖται
2934 907 2993 960 δὲ
3033 907 3154 961 ὅλον
3193 909 3257 959 τὸ
3299 905 3463 975 σῶμα
3499 906 3590 959 διὰ
3628 905 3736 974 τῆς

2149 1005 2259 1059 τῶν
2292 1002 2468 1057 ποδῶν
2500 999 2879 1072 μεταϐάσεως.
2939 998 3186 1068 Ἐδείχθη
3226 998 3336 1069 γὰρ
3371 999 3457 1051 ὅτι
3498 997 3603 1050 ὅσα
3641 995 3739 1049 διὰ

2153 1095 2362 1167 νεύρων
2386 1094 2483 1147 καὶ
2512 1091 2946 1162 μυῶνκινεῖται,
2974 1089 3190 1159 ψυχικά
3213 1088 3273 1140 τέ
3298 1091 3438 1150 ἐστι,
3467 1091 3563 1141 καὶ
3590 1085 3737 1141 κατὰ

2153 1190 2478 1261 προαίρεσιν
2514 1185 2882 1240 ἀποτελεῖται.
2947 1183 3183 1254 Ὁμοίως
3228 1181 3324 1235 καὶ
3364 1181 3434 1234 τὰ
3465 1180 3741 1250 ὀργανικὰ

2155 1284 2335 1339 πάντα
2354 1297 2369 1313 °
2400 1280 2545 1335 τὰδὲ
2570 1278 2841 1351 ὀργανικὰ
2873 1278 3158 1329 σκοπεῖται
3182 1274 3324 1329 κατὰ
3353 1273 3565 1344 σχῆμα,
3593 1273 3740 1326 κατὰ

2159 1372 2413 1445 μέγεθος,
2448 1368 2591 1423 κατὰ
2616 1366 2873 1440 ἀριθμὸν,
2897 1366 3039 1420 κατὰ
3070 1364 3244 1419 θέσιν.
3280 1364 3345 1417 Ei
3377 1363 3487 1432 γὰρ
3515 1362 3613 1416 καὶ
3642 1364 3741 1416 ἀν-

2157 1460 2485 1534 τιληπτικὴν
2516 1462 2549 1531 ἡ
2574 1459 2700 1532 χεὶρ
2730 1460 3015 1528 ἐνέργειαν
3045 1455 3160 1526 ἔχει
3188 1456 3264 1519 ⁸²,
3302 1453 3485 1516 καθὼς
3516 1453 3544 1504 ὀ
3581 1451 3744 1520 λόγος

2160 1553 2393 1607 κατόπιν
2410 1551 2716 1618 ἀπέδειξεν,
2739 1550 2855 1603 ἀλλ’
2877 1549 2976 1601 οὑκ
2998 1547 3065 1600 ἂν
3084 1546 3295 1615 γένοιτο
3314 1545 3453 1615 αὑτῇ
3470 1544 3515 1576 ⁸⁸
3535 1542 3742 1604 καλῶς,

2164 1644 2239 1715 μὴ
2270 1642 2367 1697 τοῦ
2410 1642 2519 1699 τῶν
2549 1641 2832 1695 δακτύλων
2880 1637 3116 1712 ἀριθμοῦ
3165 1637 3373 1692 τελείου
3420 1636 3610 1701 ὄντος,
3648 1633 3743 1688 καὶ

2165 1739 2304 1809 μήτε
2349 1734 2601 1798 ὲλλιποῦς
2625 1735 2692 1795 ⁸⁸.
2747 1734 2885 1805 μήτε
2935 1731 3348 1797 πλεονάζοντος.
3414 1728 3578 1783 Ἀλλὰ
3632 1728 3749 1798 μὴν

488 1863 720 1904 numero
743 1847 961 1916 situque
990 1844 1345 1900 conveniunt.
1387 1840 1501 1897 Nisi
1545 1840 1689 1897 enim
1743 1853 1943 1894 manus
1990 1836 2060 1892 ad

2178 1831 2259 1884 ιαὶ
2291 1828 2388 1884 τοῦ
2424 1829 2723 1900 σχήματος,
2758 1826 2835 1891 ὼς
2864 1821 3006 1880 εἶναι
3039 1823 3450 1895 διηπλωμένην’
3485 1823 3581 1876 καὶ
3617 1823 3748 1883 τοὺς

482 1938 807 2008 rapiendum
838 1905 1033 1990 idonea
1065 1932 1250 1999 fuerit,
1273 1930 1732 2003 quemadmodum
1768 1943 1941 1999 nuper
1964 1942 2062 1981 ex-

2178 1923 2467 1986 5ακτύλους
2499 1922 2575 1994 μὴ
2605 1920 2979 1988 ὲξισάζονταςο
3007 1921 3103 1976 καὶ
3132 1921 3189 1973 ὲν
3220 1918 3297 1990 τῷ
3334 1916 3579 1988 μεγέθει,
3608 1915 3749 1986 μήτε

476 2029 828 2101 plicavimus,
853 2025 999 2080 haud
1030 2032 1175 2079 recte
1207 2023 1292 2094 agi
1320 2036 1443 2076 cum
1473 2020 1590 2091 ipsa
1612 2017 1839 2074 dixeris.
1871 2017 1936 2071 Et
1957 2015 2063 2071 nisi

484 2119 641 2189 digiti
665 2119 768 2189 ipsi
795 2118 944 2172 οιηοί
968 2131 1036 2170 ει
1067 2124 1221 2186 parte
1235 2113 1478 2184 perfecto
1500 2111 1585 2167 sui
1617 2125 1870 2173 numero,
1890 2122 2066 2178 neque

486 2212 761 2269 deﬁcienti
791 2252 805 2276 ,
860 2224 1039 2280 neque
1079 2206 1362 2264 excedenti
1406 2204 1790 2269 constiterint,
1847 2203 2065 2256 vitiatos

2171 2016 2376 2089 μικρὰν
2397 2016 2539 2084 ἄγαν
2573 2010 2732 2079 εἶναι,
2770 2015 2907 2086 μήτε
2942 2013 3206 2085 μεγάλην*
3237 2012 3334 2067 καὶ
3360 2009 3503 2065 κατὰ
3528 2009 3628 2079 τὴν
3654 2007 3716 2060 θὲ
3734 2037 3748 2048 -

2171 2126 2256 2164 σιν
2290 2108 2370 2172 δὲ,
2410 2109 2486 2180 μὴ
2520 2107 2627 2175 ἔξω
2665 2107 2765 2178 τῆς
2794 2107 2938 2161 κατὰ
2983 2106 3144 2177 φύσιν
3178 2105 3350 2175 αὑτῆς
3394 2101 3755 2173 εὑρίσκεσθαι

2173 2198 2581 2273 διαρθρώσεως.

485 2305 757 2361 censebis.
811 2302 918 2360 Sed
950 2312 1006 2358 et
1052 2301 1131 2357 uti
1164 2301 1337 2374 ﬁgura
1372 2316 1569 2356 manus
1601 2298 1908 2365 conveniat,
1932 2312 2072 2368 opus
2103 2305 2209 2359 est,
2238 2308 2294 2352 et
2319 2296 2618 2367 digitorum
2645 2294 2824 2365 impar
2875 2294 3013 2350 ordo
3041 2294 3091 2349 ei
3152 2294 3404 2350 decorem
3427 2288 3759 2355 ali'crat;sed

487 2417 669 2473 neque
710 2401 1013 2472 longiorem
1055 2398 1230 2469 ipsam
1283 2411 1449 2468 quam
1487 2411 1586 2467 par
1649 2394 1741 2459 sit,
1802 2407 1981 2463 neque
2025 2390 2329 2445 breviorem
2365 2404 2486 2444 csse
2538 2397 2771 2459 oportet.
2832 2385 3132 2453 Pmterea,
3171 2396 3225 2440 et
3272 2384 3420 2455 quod
3467 2382 3535 2438 ad
3583 2383 3759 2439 situm

489 2472 708 2559 attinet,
739 2493 816 2548 uti
850 2492 967 2562 ipsa
998 2490 1103 2545 sibi
1131 2504 1160 2542 a
1192 2497 1390 2542 natura
1424 2484 1757 2557 praescriptis
1800 2480 2346 2537 dearticulationibus
2377 2486 2612 2534 constet.
3316 2472 3323 2479 ’

557 2586 818 2641 Eamdem
867 2584 1085 2654 quidem
1141 2583 1410 2638 rationem
1452 2574 1842 2650 sapientissimi
1897 2589 2081 2630 rerum

491 2675 709 2746 opiltcis
771 2671 1108 2743 providentia
1159 2670 1325 2726 etiam
1396 2670 1451 2724 in
1517 2667 1747 2739 pedibus
1803 2663 2079 2728 ostendit,

2253 2572 2426 2627 Τοῦτο
2450 2569 2581 2640 γοῦν
2612 2569 2705 2624 καὶ
2731 2569 2822 2623 ἐπὶ
2853 2567 2961 2623 τῶν
2990 2566 3168 2621 ποδῶν
3190 2567 3225 2637 ἡ
3251 2564 3431 2619 πάντα
3459 2561 3635 2631 σοφῶς
3660 2563 3764 2616 καὶ

2178 2663 2441 2735 ἐντέχνως
2501 2661 2866 2733 οἰκονομοῦσα
2921 2659 3148 2729 πρόνοια
3200 2655 3560 2727 ἐξειργάσατο
3582 2669 3597 2683 ·
3663 2654 3764 2707 καὶ

488 2777 612 2836 qua:
693 2764 824 2819 nulli
894 2760 1037 2832 parti
1106 2774 1219 2815 non
1287 2758 1614 2830 peculiarem
1682 2755 1848 2810 situm
1908 2752 2073 2809 voluit

2178 2758 2394 2827 ἑκάστῳ
2430 2754 2540 2808 τῶν
2574 2755 2781 2825 μορίων
2808 2755 2909 2823 τὴν
2944 2751 3158 2805 οἰκείαν
3192 2749 3362 2804 tam:
3388 2750 3434 2781 ³⁵
3464 2748 3635 2803 θέσιν.
3668 2748 3768 2800 Ei-

490 2857 910 2930 prazscripsisse.
946 2854 1012 2908 Et
1062 2852 1323 2925 quoniam
1362 2851 1491 2907 huic
1537 2848 1785 2916 animali,
1835 2845 2073 2911 homini,

494 2954 742 3019 inquam,
780 2943 1045 3000 transitus
1100 2950 1249 2998 motu
1284 2940 1353 2997 ad
1409 2941 1529 2996 loca
1576 2936 1937 3011 permutanda
1999 2936 2079 2990 uti

494 3057 634 3112 opus
696 3037 905 3100 fuerat;
934 3033 1182 3104 quaedam
1243 3046 1370 3088 ossa
1432 3045 1564 3087 cava
1593 3072 1609 3097 ,
1647 3028 1905 3084 nonnulla
1955 3041 2080 3098 pro-

494 3131 771 3188 inincntiis
826 3126 1069 3197 przedita,
1099 3140 1223 3196 quze
1273 3125 1326 3179 in
1387 3139 1519 3180 cava
1569 3123 1685 3193 ipsa
1735 3119 2085 3191 ingrederen-

2177 2847 2300 2902 δυῖα
2332 2847 2442 2918 γὰρ
2468 2846 2548 2900 ὅτι
2578 2846 2643 2899 τδ
2674 2845 2812 2910 ζῶον
2837 2842 3001 2897 τοῦτο
3029 2845 3059 2896 ὀ
3083 2841 3371 2914 ἄνθρωπος
3405 2843 3472 2912 τῇ
3521 2838 3768 2911 μεταϐα-

2177 2940 2308 3010 τικῇ
2350 2939 2561 3008 κινήσει
2602 2936 2799 3007 ἔμελλε
2841 2934 3116 3008 χρᾶσθαι,
3142 2936 3209 3006 τῇ
3256 2933 3367 2987 ἀπὸ
3401 2934 3568 2986 τόπου
3590 2932 3637 2965 ³⁸
3668 2933 3771 2986 ἐπὶ

2179 3032 2366 3097 τόπον,
2395 3031 2462 3085 τὰ
2495 3030 2593 3100 μὲν
2619 3030 2728 3084 τῶν
2750 3030 2925 3083 ὀστῶν
2955 3030 3111 3082 κοῖλα
3136 3027 3384 3099 εποίησεο
3416 3029 3529 3089 τοῖς
3556 3025 3613 3080 δὲ
3644 3025 3770 3090 ὲξο⁸

2183 3121 2286 3193 χὰς
2316 3121 2630 3195 εἰργάσατο’
2665 3117 3017 3191 ἐμϐάλλουσα
3039 3118 3082 3150 ³⁷
3108 3116 3285 3178 αὑτὰς
3307 3120 3389 3181 εἰς
3409 3115 3509 3181 τὰς
3535 3116 3645 3169 τῶν
3664 3115 3771 3170 ἄλ-

497 3237 585 3281 tur
618 3223 711 3278 Dei
734 3219 1073 3292 providentia
1103 3217 1405 3282 constituit,
1437 3231 1547 3287 quo
1578 3213 1858 3287 quodlibet
1889 3228 1952 3268 os
1985 3213 2073 3266 hu-

2184 3217 2294 3278 λων
2317 3215 2659 3284 κοιλότητας·
2689 3214 2777 3268 ἵνα
2801 3215 2930 3285 περὶ
2951 3213 3124 3276 αὑτὰς
3141 3212 3186 3246 ⁸⁸
3218 3211 3442 3282 ποιῆται
3460 3208 3773 3281 τηνικαῦτα

491 3281 752 3387 ,Ῑυειηοὰί
772 3310 1019 3366 ordinem
1057 3310 1337 3373 sortitum,
1370 3281 1650 3364 decentem
1704 3313 1913 3360 motum
1960 3319 2073 3374 per-

2186 3307 2286 3379 τὴν
2339 3281 2590 3378 κίνησιν·
2628 3281 2919 3377 περιέδησέ
2956 3321 3016 3359 τε
3059 3302 3234 3360 ταῦτα
3274 3281 3631 3375 συνδεσμοῖς,
3672 3304 3777 3355 καὶ

497 3416 719 3478 ageret;
752 3413 813 3459 ut
847 3416 978 3458 vero
1006 3411 1188 3458 motus
1222 3415 1454 3458 securus
1506 3398 1690 3462 ﬁeret,
1745 3398 1860 3453 haec
1892 3395 2080 3453 omnia

498 3501 813 3573 ligamentis
843 3506 898 3553 et
949 3495 1163 3568 laqueis
1201 3493 1529 3566 quibusdam
1572 3506 1695 3564 quae
1739 3490 1958 3562 ἄμωνες
2012 3487 2081 3543 ab

501 3593 610 3648 illis
635 3592 874 3647 exterius
906 3588 1170 3654 devinxit,
1204 3586 1420 3657 ἄμωνες
1471 3592 1652 3639 autem
1699 3582 1941 3638 exterius
1981 3595 2081 3651 po-

503 3685 623 3740 sitae
663 3681 1046 3753 prominentia:
1073 3686 1227 3740 sunt,
1259 3692 1382 3747 qua:
1408 3689 1507 3747 pro
1536 3688 1789 3737 numero,
1824 3671 1892 3726 ad
1923 3685 2083 3727 exar-

502 3778 850 3834 ticulationes
894 3771 1224 3829 coercendas
1273 3766 1606 3822 consistunt.
1659 3761 1881 3817 Similes
1915 3775 2083 3831 quas-

501 3873 625 3924 dam
682 3866 896 3923 ferrarii
964 3863 1188 3933 opiilces
1258 3859 1324 3913 ad
1396 3858 1585 3928 jugem
1649 3863 2085 3925 perpetuumque

502 3971 784 4025 valvarum
827 3974 1036 4021 motum
1086 3960 1218 4017 ferri
1263 3970 1560 4029 compages
1605 3955 1869 4026 levigatas
1904 3950 2085 4006 moliri

505 4063 703 4117 solent.
731 4058 1026 4114 Femorum
1071 4055 1236 4122 igitur
1268 4049 1654 4113 rotunditates,
1692 4061 1816 4118 quae
1840 4045 1908 4099 ad
1931 4053 2088 4101 nates

499 4154 804 4212 circulares
839 4159 989 4213 sunt,
1012 4164 1151 4217 quas
1170 4145 1429 4216 γλουτοὺς
1462 4141 1672 4207 dicunt,
1702 4140 1944 4211 ipsorum
1970 4150 2091 4193 mo-

508 4261 622 4304 tum
664 4256 855 4302 natura
904 4240 1062 4313 125
1110 4236 1416 4294 constituit.
1479 4232 1802 4305 Sphericum
1853 4244 2090 4301 namque

508 4343 639 4398 illud
675 4336 953 4394 femoralis
991 4334 1155 4397 ossis,
1192 4328 1436 4399 γλουτὸν,
1468 4327 1520 4382 id
1541 4334 1624 4381 est
1656 4336 1827 4389 nates,
1856 4338 1953 4379 seu
1978 4322 2091 4376 clu-

512 4447 624 4485 nem
670 4425 985 4497 appellant;
1038 4423 1093 4476 in
1146 4418 1292 4491 quod
1348 4425 1529 4471 autem
1578 4414 1709 4468 illud
1766 4408 2089 4482 ingreditur,

512 4522 766 4591 κοτύλην,
814 4517 917 4571 hoc
957 4523 1041 4569 est
1087 4509 1422 4566 acetabulum
1476 4500 2092 4575 ιιιιηωριιιιιεκοτύλην

509 4613 657 4667 enim
714 4607 807 4662 διὰ
860 4604 1177 4673 κοιλότητα,
1206 4601 1267 4655 ob
1311 4616 1425 4670 ejus
1455 4610 1738 4652 concavum
1791 4592 2089 4655 dixerunt;

512 4705 737 4775 γλουτὸν
764 4717 892 4756 vero
919 4740 934 4766 ,
967 4700 1038 4755 ob
1067 4698 1183 4753 leve
1233 4710 1298 4751 ac
1329 4693 1557 4749 ﬂuidum
1588 4689 1735 4762 quod
1767 4688 1821 4740 in
1863 4686 1981 4756 ipso
2013 4684 2096 4738 vi-

2186 3404 2300 3463 τοίς
2343 3397 2450 3464 ἔξω
2480 3398 2797 3469 γενομένοις
2839 3397 3057 3467 ἄμωσιν
3082 3397 3148 3430 ³⁸·
3193 3396 3415 3468 ἄμωνες
3438 3396 3486 3429 δ’
3527 3395 3588 3449 δέ
3628 3397 3776 3448 εἰσιν

2188 3489 2372 3562 ὲξοχαί
2398 3489 2442 3523 ⁸⁸
2470 3507 2636 3555 τινες,
2664 3483 2778 3544 οἷον
2798 3490 2960 3560 τείχη
2989 3488 3273 3543 κωλύοντα
3290 3488 3337 3519 “
3360 3485 3460 3549 τὰς
3488 3484 3764 3557 ὲξαρθρὼ-

2190 3602 2305 3659 σεις
2347 3583 2616 3651 γίνεσθαι.
2660 3580 2835 3636 Τοῦτο
2875 3581 2934 3635 δὲ
2962 3583 3013 3635 οἱ
3050 3583 3289 3653 τεχνῖται
3310 3580 3356 3613 ⁸⁸
3389 3578 3641 3633 ποιοῦσιν
3680 3576 3775 3631 ἐπὶ

2187 3676 2298 3730 τῶν
2334 3676 2423 3730 ἀεὶ
2453 3672 2719 3729 κινεῖσθαι
2750 3673 3057 3746 μελλόντων
3085 3673 3287 3745 θυρῶν,
3318 3670 3591 3744 στροφέας
3620 3670 3778 3733 τινὰς

2195 3766 2335 3839 μετὰ
2353 3766 2631 3836 λειότητος
2657 3766 3185 3830 κατασκευάζοντες
3214 3764 3312 3836 τὴν
3331 3763 3646 3835 ἀεικίνητον
3663 3760 3781 3814 τῶν

2193 3857 2376 3929 θυρῶν
2426 3856 2667 3921 εὐκόλως
2715 3856 3006 3929 ἐνέργειαν
3058 3855 3472 3930 προνοούμενοι.
3514 3855 3599 3909 Τὰ
3641 3852 3782 3922 γοῦν

2192 3950 2300 4007 τῶν
2341 3949 2581 4005 κοτυλῶν
2633 3949 3028 4022 σφαιρώματα,
3077 3951 3246 4022 ἧγουν
3283 3950 3411 4013 τοὺς
3443 3946 3782 4017 λεγομένους

2193 4043 2510 4115 γλουτοὺς,
2528 4046 2648 4108 ταῖς
2682 4042 2935 4107 κοτύλαις
2970 4042 3309 4115 ἔνήρθρωσε·
3342 4040 3440 4114 τὴν
3466 4039 3564 4095 τοῦ
3597 4036 3784 4111 μηροῦ

2195 4136 2413 4208 κίνησιν
2445 4136 2842 4208 μηχανωμένη.
2874 4134 3141 4190 Γλουτοι
3163 4131 3255 4189 οὖν
3285 4134 3542 4204 λέγονται
3570 4130 3640 4185 τὰ
3665 4128 3784 4183 τῶν

2196 4225 2442 4280 κοτυλῶν
2481 4229 2852 4298 σφαιρώματα
2871 4244 2885 4258 ο
2918 4226 3145 4281 κοτύλαι
3175 4225 3231 4280 δὲ
3255 4227 3390 4280 ὅπου
3417 4225 3694 4295 ἐγκεινται
3722 4221 3786 4275 αἱ

2197 4319 2434 4388 κεφαλαὶ¹
2478 4320 2587 4373 τῶν
2634 4318 2843 4391 μηρῶν’
2897 4318 2985 4372 διὰ
3022 4318 3083 4372 δὲ
3126 4317 3226 4390 τὴν
3271 4319 3451 4372 ἐκεῖσε
3490 4317 3789 4387 κοιλότητα

2200 4415 2429 4480 κοτύλη
2469 4411 2700 4482 ἐκλήθη.
2745 4413 2809 4466 Οἱ
2849 4411 2907 4465 δὲ
2943 4412 3191 4482 γλουτοὶ,
3235 4412 3328 4467 διὰ
3354 4413 3656 4485 τρυφερίαν
3684 4414 3791 4466 καὶ

2201 4503 2479 4575 ὑγρότητα
2504 4545 2518 4568 ,
2550 4499 2664 4557 οἷον
2692 4504 2848 4573 γλυοι
2874 4504 2919 4539 ⁸⁸
2952 4521 3099 4568 τινες
3141 4504 3329 4568 ὀντεςο
3369 4504 3463 4557 καὶ
3489 4504 3598 4574 γὰρ
3632 4494 3789 4558 οὗτοι

2209 4596 2347 4666 μετὰ
2379 4596 2656 4667 λειότητος
2698 4597 2917 4669 ἔνυγροί
2944 4599 3086 4664 εισι,
3114 4596 3203 4651 διὰ
3232 4596 3332 4669 τὴν
3372 4594 3654 4666 εὐθύτητα
3685 4594 3788 4649 τοῦ

2206 4685 2538 4758 στρέφεσθαι
2568 4688 2661 4739 καὶ
2695 4687 2998 4752 κινεῖσθαι,
3044 4687 3299 4761 καθάπερ
3332 4690 3382 4742 οἱ
3428 4687 3787 4760 στρόφιγγες.

513 4772 675 4854 situr.
709 4794 991 4851 Circulare
1020 4789 1293 4862 siquidem
1348 4786 1527 4856 ipsius
1559 4783 1704 4839 ossis
1731 4778 1954 4850 γλουτὸν
1985 4772 2073 4832 οἷο·

2206 4778 2380 4832 Τοῦτο
2402 4778 2512 4848 γὰρ
2536 4777 2702 4849 ἔργον
2723 4778 2822 4849 τῆς
2846 4779 3255 4851 διαρθρώσεως.

516 4888 741 4963 γλουτόν
769 4904 889 4941 τινα
919 4884 1050 4939 ὄντα
1074 4882 1162 4937 διὰ
1184 4880 1474 4953 τριφέριαν
1504 4875 1599 4933 καὶ
1626 4873 1881 4943 λειότητα
1899 4910 1915 4936 ,
1948 4887 2073 4927 nunt

2178 4880 2290 4934 ant,
2343 4871 2498 4941 quasi
2552 4869 2615 4924 ob
2674 4872 2758 4925 sui
2787 4871 3047 4926 leuitatem
3106 4873 3443 4942 politiemque
3501 4870 3790 4942 levigatam

516 4984 785 5058 quoddam
813 4983 903 5036 sit.
931 4978 1143 5033 Etenim
1178 4970 1491 5045 hujusmodi
1516 4982 1666 5033 ossa,
1700 4973 1894 5037 praeter
1922 4979 2086 5035 quam
2125 4963 2272 5034 quod
2327 4963 2464 5018 levia
2493 4972 2624 5018 sunt
2648 5002 2663 5029 ,
2702 4963 2867 5019 etiam
2897 4963 3119 5019 humida
3176 4964 3466 5032 habentur,
3507 4978 3638 5035 quo,
3671 4963 3791 5019 vel-

521 5055 595 5135 uti
636 5085 917 5148 portarum
968 5069 1224 5127 cardines
1246 5106 1262 5134 ,
1308 5064 1442 5120 verti
1488 5061 1809 5131 moverique
1850 5057 2192 5114 commodius
2222 5067 2446 5127 queant.
2478 5055 2611 5112 Tale
2639 5057 2861 5129 quidem
2891 5058 3361 5115 dearticulationis
3376 5072 3513 5128 opus
3528 5068 3644 5113 est:

587 5171 725 5242 Ejus
767 5166 967 5223 etenim
1012 5162 1224 5235 species
1265 5168 1376 5214 tres
1401 5167 1560 5220 sunt,
1587 5155 1778 5218 altera,
1796 5167 1917 5224 quae
1940 5166 2101 5207 enar-

524 5263 745 5323 tbrosis,
766 5260 816 5315 id
839 5267 923 5313 est
941 5252 1328 5316 inarticulatio,
1354 5250 1574 5316 dicitur,
1595 5264 1720 5304 cum
1738 5262 1930 5301 cavum
1953 5244 2101 5314 quod

2277 5150 2409 5221 Εῑδη
2445 5150 2503 5203 δὲ
2529 5150 2699 5221 αὐτῆς
2720 5150 2871 5223 τρία.
2905 5150 2979 5204 Τὸ
3006 5149 3128 5222 μὲν,
3159 5151 3547 5220 ὲνάρθρωσις,
3587 5150 3721 5203 ὅταν
3757 5151 3793 5221 ἡ

2208 5243 2459 5313 κοιλότης
2504 5245 2541 5314 ἡ
2582 5244 2959 5315 ὑποδεχομένη
3008 5243 3171 5314 βάθος
3221 5243 3406 5297 ἱκανὸν
3448 5241 3568 5315 ἔχῃ,
3614 5241 3710 5295 καὶ⁸
3757 5245 3793 5312 ἡ

524 5355 734 5417 subest,
763 5350 1034 5423 profunda
1062 5356 1147 5401 est
1167 5343 1504 5400 concavitate
1535 5341 1843 5411 praeditum,
1870 5345 2073 5406 etcapu

2208 5335 2684 5405 ὲγκαταϐαίνουσα
2727 5335 2940 5406 κεφαλὴ
2985 5337 3276 5407 προμήκης
3318 5334 3563 5406 ὑπάρχῃ,
3598 5332 3796 5407 ὥσπερ

523 5444 674 5517 quod
702 5443 756 5497 in
789 5443 963 5512 ipsum
1000 5435 1283 5494 descendit
1309 5431 1715 5505 longiusculum
1735 5426 2107 5498 sit,qnetnad-

2210 5430 2245 5499 ἠ
2273 5428 2483 5500 κεφαλὴ
2509 5427 2603 5481 τοῦ
2636 5428 2812 5501 μηροῦ
2842 5428 2939 5481 καὶ
2971 5429 3005 5499 ή
3044 5427 3279 5498 κοτύλη.,
3305 5424 3688 5496 ’Apﬁpwa'tc“
3711 5425 3793 5494 δὲ,

529 5516 751 5592 modum
784 5533 837 5588 in
861 5530 1039 5602 capite
1063 5528 1333 5585 femorum
1354 5565 1369 5590 ,
1406 5534 1464 5581 et
1489 5524 1545 5579 in
1585 5520 1872 5578 acetabulo
1900 5534 2073 5575 coxen

2211 5522 2340 5576 ὅταν
2378 5524 2414 5593 ἠ
2438 5521 2686 5591 κοιλότης
2710 5519 3028 5586 ἐπιπόλαιος
3050 5516 3108 5594 ᾖ,
3138 5521 3173 5592 ἥ
3196 5537 3254 5574 τε
3279 5519 3491 5591 κεφαλὴ
3520 5518 3761 5589 ταπεινὴ
3778 5575 3797 5601 ν

530 5739 822 5864 1.525%?“
860 5739 1074 5862 3A.;
1090 5739 1287 5863 ίὺἶίεὶιξ

531 5894 622 5944 τες
654 5880 723 5933 Α.
796 5877 842 5910 ⁸³
873 5879 970 5930 καὶ
1026 5879 1076 5929 οἱ
1122 5894 1173 5931 τ.
1212 5877 1274 5931 Β.
1352 5875 1412 5908 “
1428 5875 1600 5944 γλοιοὶ
1633 5875 1696 5931 P.

1334 5739 1415 5807 ἐχ,
1449 5737 1633 5807 ,ὲνεργἶ
1666 5734 1725 5788 Β.
1768 5732 1871 5807 4⁸³,
1886 5730 2025 5801 αὕτη
2180 5728 2664 5807 _f‘_é).).st1:obc__B._
2717 5729 2761 5807 ξ’
2786 5728 2986 5807 δέδωκε
3009 5725 3084 5807 Β...
3216 5726 3391 5807 τότεοχ
3403 5723 3463 5779 Β.
3491 5723 3586 5807 u”
3614 5722 3803 5807 ἐμβα-

1316 5791 1597 5908 ἄμμωσιν
1621 5805 1683 5869 Β,
1756 5791 2112 5907 aptatum/(1.,
2176 5802 2223 5833 ‘°
2247 5791 2603 5873 ἄμμωνες-Β,
2633 5799 2888 5872 ᾶμόωνες
2907 5799 2969 5855 C.
3045 5801 3086 5833 “
3125 5795 3328 5869 ἐξωχαὶ
3350 5795 3413 5850 Β.
3489 5795 3534 5827 ⁸⁸
3558 5791 3808 5849 κωλύον-

1378 5881 1398 5907 δ
1428 5875 1600 5944 γλοιοὶ
1633 5875 1696 5931 Ρ.
1827 5876 1846 5905 ⁵
1874 5872 2150 5946 αρθρωδια
2186 5870 2248 5926 Β.
