4138 6466
360 408 497 471 1261

1612 411 1702 470 οε
1735 410 2029 469 unum
2073 411 2382 470 IIOMINIS.
3030 395 3079 437 ⁸

3535 418 3554 472 l
3566 416 3676 473 361

358 528 551 600 ὥσπερ
580 527 614 599 ἡ
658 524 754 582 τοῦ
790 526 1080 601 βραχίονος
1115 528 1256 597 πρὸς
1294 527 1394 599 τὴν
1427 526 1765 599 ὠμοπλάτην
1784 529 1853 583 ⁸⁸.
1895 531 1970 584 Τὸ

2088 527 2261 585 lieum
2303 527 2524 584 visitur.
2558 526 2745 583 Altera
2771 542 2902 585 vero
2931 528 3404 585 dearticulutionis
3438 529 3671 600 species,

360 615 419 670 δὲ
451 616 640 687 τρίτον
667 613 810 682 εἶδος
847 619 951 688 τῆς
977 617 1370 690 διαρθρώσεως
1400 619 1757 690 τιγγλισμός
1802 619 1968 689 λέγε-

360 725 475 763 ται·
511 707 727 778 γίνεται
763 709 821 764 δὲ
855 708 966 765 τῶν
1011 711 1470 780 συνταττομένων
1505 711 1764 784 ἀλλήλοις
1793 713 1970 767 ὀστῶν

362 800 878 873 ἀντεμὸαινόντων,
940 802 1198 876 καθάπερ
1255 803 1348 857 ὲπί
1388 821 1448 858 τε
1492 803 1603 858 τῶν
1652 805 1971 860 σπονδύλων

363 892 503 965 ἔχει,
535 894 633 949 καὶ
674 897 773 966 τῆς
800 895 897 950 τοῦ
936 899 1160 969 πήχεως
1191 899 1330 969 πρὸς
1362 897 1456 952 τὸν
1504 898 1772 971 βραχίονα
1815 898 1971 973 διαρο

365 987 645 1059 θρώσεως.
677 990 760 1043 Τὰ
803 991 862 1045 δὲ
893 991 1266 1063 σφαιρώματα
1298 990 1476 1046 ταῦτα
1498 1032 1514 1057 ,
1558 993 1692 1047 ποτὲ
1739 993 1841 1064 μὲν
1871 1011 1974 1048 κα-

366 1077 542 1134 λεῖται
577 1080 855 1151 κεφαλὴ,
891 1082 1028 1137 ποτὲ
1064 1082 1123 1138 δὲ
1165 1085 1402 1156 αὐχὴν,
1442 1087 1574 1140 ποτὲ
1613 1084 1672 1140 δὲ
1710 1085 1967 1156 κορώνη,

367 1172 501 1224 ποτὲ
531 1172 589 1226 δὲ
618 1175 897 1244 γλουτός.
946 1178 1013 1231 Al
1055 1174 1114 1231 δὲ
1162 1178 1479 1250 κοιλότητες
1533 1179 1667 1234 ποτὲ
1725 1179 1828 1251 μὲν
1873 1197 1973 1234 κο-

368 1261 524 1331 τύλη
545 1301 561 1325 ,
592 1264 724 1318 ποτὲ
758 1264 816 1318 δὲ
849 1265 1069 1336 ’Μήνη-
1104 1268 1384 1325 καὶέστιν
1414 1272 1448 1342 ἡ
1490 1270 1592 1341 μὲν
1630 1271 1837 1345 κοτύλη
1872 1271 1971 1343 βα-

369 1349 512 1414 θεῖα,
545 1354 579 1424 ἡ
609 1353 668 1407 δὲ
699 1354 873 1429 γλήνη
906 1357 1179 1431 ἐπιπολῆς
1198 1359 1264 1413 ⁸⁷.

2075 622 2380 688 arthrodia,
2402 621 2457 676 id
2474 629 2559 677 est
2586 622 2899 677 articulatio
2921 620 3144 688 dicitur,
3161 637 3192 677 a
3226 622 3403 693 prima
3433 622 3675 688 diversa,

2073 732 2197 788 quae
2243 715 2331 783 tit,
2368 730 2495 771 cum
2530 715 2851 770 concavitas
2882 714 2936 769 in
2977 715 3121 771 ossis
3162 715 3544 770 tantummodo
3580 730 3675 769 su-

2075 767 2300 881 perficie
2332 817 2451 876 est,
2491 816 2657 878 caput
2690 822 2822 863 vero
2866 807 3190 878 depressum
3239 807 3568 871 admodum,
3616 767 3706 895 uti

2077 905 2135 959 in
2202 902 2417 958 brachii
2465 901 2783 972 iuncturis,
2831 916 2956 956 cum
3010 901 3252 971 scapulis
3298 916 3526 957 cernere
3567 910 3675 958 est.

2081 997 2271 1054 Tertia
2298 1011 2432 1053 vero
2468 996 2590 1068 ejus
2637 996 2849 1068 species
2891 1002 3011 1064 est,
3068 1011 3236 1067 quam
3287 995 3678 1067 ginglismum,

2080 1092 2135 1147 id
2160 1099 2244 1147 est
2271 1090 2663 1147 cohaerentiam
2710 1089 2936 1155 dicunt;
2971 1090 3090 1146 haec
3128 1104 3372 1159 namque
3400 1098 3521 1154 est,
3553 1104 3681 1145 cum

2079 1185 2313 1240 alterum
2345 1200 2408 1240 os
2441 1200 2509 1239 ex
2535 1183 2768 1238 adverso
2798 1182 2853 1237 in
2882 1182 3112 1237 alterum
3145 1181 3684 1254 ingreditur,quem-

2080 1278 2378 1353 admodum
2413 1277 2467 1333 in
2514 1276 2688 1348 spina:
2747 1277 3019 1334 vertebris
3057 1288 3111 1333 et
3164 1276 3335 1333 cubili
3385 1292 3510 1332 cum
3559 1275 3684 1330 bra-

2081 1371 2191 1427 chii
2216 1370 2675 1428 dearticulatione
2707 1370 2975 1427 cernitur.
3008 1369 3103 1425 Hae
3131 1386 3265 1426 vero
3293 1370 3680 1431 rotunditates.

371 1457 777 1517 nonnunquam
815 1451 1016 1522 capitis
1055 1451 1315 1521 nomine,
1362 1454 1665 1527 aliquando
1700 1460 1972 1522 cervicis,
2029 1464 2363 1536 quandoque
2391 1479 2652 1529 corones,
2703 1463 3034 1535 plerumque
3072 1477 3207 1519 vero
3231 1463 3683 1535 sphaerulmnun-

370 1543 663 1605 cupantur.
700 1538 770 1594 At
795 1541 1005 1598 ossium
1047 1546 1421 1603 concavitatcs
1470 1550 1805 1622 quandoque
1862 1554 2170 1624 acetabula,
2239 1557 2573 1627 quandoque
2597 1556 2791 1628 glenaa,
2824 1556 2929 1612 hoc
2966 1565 3052 1611 est
3083 1555 3231 1611 leves
3273 1555 3641 1611 concavitates
3666 1599 3681 1620 ,

372 1627 633 1697 appellari
654 1631 853 1688 solent.
874 1633 1008 1701 Qua:
1028 1637 1132 1693 sub
1162 1639 1433 1695 acetabuli
1481 1656 1682 1698 nomen
1711 1644 2012 1705 cadunt.et
2039 1658 2164 1718 qua:
2191 1647 2393 1719 κοτύλη
2445 1627 2729 1714 dicuntur,
2768 1646 3158 1719 profundiores
3189 1655 3350 1712 sunt,
3391 1663 3515 1717 qua:
3553 1660 3684 1701 vero

373 1727 720 1794 superficiem
757 1729 893 1786 levis
927 1735 1293 1792 concavitatis
1345 1736 1566 1807 habent,
1594 1742 1787 1813 glenas
1809 1740 2092 1799 dictitant.

443 1865 519 1917 Τὸ
545 1858 641 1919 οὖν
668 1865 764 1922 τοῦ
801 1872 979 1943 μηροῦ
1011 1875 1225 1943 ὀστοῦν,
1253 1877 1466 1934 ἔνεστιν
1493 1879 1687 1955 ὥσπερ
1715 1882 1814 1937 καὶ
1844 1882 1908 1937 τὸ
1930 1883 1978 1916 ⁵⁸

2148 1881 2225 1940 Os
2284 1882 2556 1955 siquidem
2618 1881 3220 1949 femoris,maximum
3281 1878 3530 1935 omnium
3562 1895 3687 1951 quae

371 1958 467 2012 τοῦ
497 1960 807 2031 βραχίονοςο
841 1965 1106 2037 μέγιστον
1131 1969 1189 2024 δέ
1220 1971 1374 2025 ἐστιν
1401 1973 1665 2028 ἁπάντων
1688 1973 1801 2028 τῶν
1835 1975 1981 2031 κατὰ

373 2049 435 2102 τὸ
462 2050 604 2114 ζῶον
652 2052 828 2109 ὀστῶν
852 2057 920 2091 ⁸³·
979 2058 1339 2133 διαρθροῦται
1391 2065 1451 2118 δὲ
1501 2066 1616 2121 ἄνω
1668 2067 1792 2139 μὲν,
1843 2069 1982 2142 πρὸς

378 2143 549 2216 ίσχίον
578 2147 677 2202 καὶ
708 2148 984 2220 βουϐῶνα,
1010 2154 1165 2208 κάτω
1191 2155 1270 2221 δὲ,
1302 2157 1441 2229 πρὸς
1464 2158 1565 2232 τὴν
1598 2162 1838 2233 κνήμην.
1871 2162 1984 2215 Καὶ

374 2236 489 2308 εχει
509 2239 622 2294 ἄνω
647 2241 768 2313 μὲν,
791 2244 1058 2316 ἐπίφυσιν
1077 2249 1326 2321 κεφαλῆς
1348 2251 1598 2325 ἀκριϐῶς
1619 2255 1978 2326 περιφεροῦς.

378 2330 535 2385 κάτω
570 2332 629 2387 δὲ
673 2337 757 2401 είς
800 2337 896 2393 δύο
945 2341 1243 2408 κονδύλους
1284 2345 1543 2419 τελευτᾷ·
1577 2350 1673 2403 καὶ
1708 2349 1983 2405 συνδεῖται

378 2425 516 2497 πρὸς
562 2428 667 2500 τὴν
712 2432 970 2504 κνήμην,
1021 2437 1082 2489 οὐ
1138 2437 1231 2492 διά
1292 2439 1405 2493 τῶν
1454 2441 1750 2511 ὑμενωδῶν
1818 2445 1984 2516 μόνον

377 2522 698 2593 συνδέσμων
748 2525 861 2580 τῶν
902 2528 962 2582 ὲν
1014 2529 1205 2600 κύκλῳ
1256 2533 1439 2586 πᾶσαν
1500 2533 1838 2609 διάρθρωσιν
1886 2555 1984 2593 πε-

381 2615 775 2705 ριειληφότων,
818 2618 956 2679 ἀλλὰ
1021 2623 1116 2675 καὶ
1155 2622 1224 2677 δι’
1271 2624 1447 2681 ἄλλων
1469 2627 1515 2660 ⁵⁰
1563 2629 1732 2700 τριῶν
1786 2649 1985 2705 στρογ-

381 2704 564 2773 γύλων
608 2708 705 2762 καὶ
750 2709 1019 2769 δυνατῶν.
1067 2715 1272 2784 Μηρὸς
1323 2717 1381 2770 δὲ
1444 2720 1696 2775 καλεῖται
1747 2704 1986 2796 ὁτιμε-

384 2796 765 2889 ρίςεταιᾲκαΐ
820 2802 1000 2855 ὲκείνο
1052 2804 1114 2857 τὸ
1167 2806 1336 2877 μέρος
1387 2809 1449 2862 τὸ
1502 2810 1703 2881 σῶμα·
1758 2814 1819 2867 τὸ
1874 2816 1987 2889 γὰρ

379 2886 491 2939 ἀπὸ
557 2885 654 2941 τοῦ
704 2891 982 2963 τραχήλου
1047 2892 1226 2965 μῆκος
1245 2899 1290 2930 ⁸¹
1355 2900 1521 2972 μέχρι
1569 2902 1680 2956 τῶν
1733 2885 1985 2974 αἰδοίων,

378 2975 570 3047 ὅλμος
619 2980 869 3037 καλεῖται
924 2985 1015 3041 διὰ
1060 2987 1162 3059 τὴν
1200 2990 1552 3065 εὐρυχωρίαν
1610 2995 1705 3050 τοῦ
1776 2999 1984 3055 τόπου.

381 3069 842 3143 ἁποκεκλιμένων
911 3078 1022 3148 γὰρ
1088 3078 1201 3131 τῶν
1282 3081 1485 3153 χειρῶν
1538 3082 1691 3156 ὅλμῳ
1763 3085 1942 3142 ἔοικεν
1969 3108 1982 3120 ·

381 3160 594 3217 ἔστιδὲ
632 3165 753 3229 ὅλος
797 3169 827 3220 ὀ
881 3170 1060 3241 μηρδς
1114 3169 1196 3242 τῷ
1234 3174 1480 3244 σχήματι
1505 3176 1577 3242 ⁸⁸,
1627 3179 1828 3251 κυρτὸς
1887 3182 1989 3251 μὲν

381 3256 443 3309 ὲν
492 3256 609 3322 τοῖς
660 3261 855 3333 πρόσω
915 3263 1012 3317 καὶ
1071 3263 1179 3331 ἔξω
1207 3284 1220 3299 υ
1268 3269 1428 3340 σιμὸς
1461 3270 1520 3324 δὲ
1565 3272 1626 3325 ἐν
1662 3277 1777 3338 τοῖς
1807 3274 1985 3330 ὀπίσω
2016 3252 2060 3310 C

381 3350 479 3402 καὶ
531 3349 702 3407 ἔνδον.
760 3354 1093 3426 Ἀποφύσεις
1129 3355 1186 3411 δὲ
1215 3356 1332 3430 ἔχει
1377 3360 1473 3415 δύο
1508 3365 1588 3426 εἰς
1628 3364 1798 3435 ἄκρον
1852 3385 1984 3438 μικ-

386 3439 480 3511 ρὸν
549 3441 811 3498 ὑποκάτω
874 3446 970 3499 τοῦ
1012 3449 1303 3520 ἀὐχένος⁶
1372 3451 1441 3517 ἃς
1502 3457 1920 3527 τροχαντῆρας
1940 3458 1986 3492 ⁸³

385 3531 644 3586 καλοῦσι·
676 3534 861 3609 πολλῷ
893 3538 951 3593 δὲ
993 3540 1200 3612 μείζων
1237 3545 1270 3615 ὴ
1309 3542 1420 3599 ἔσω
1465 3547 1567 3619 τῆς
1600 3548 1804 3617 ἔξωθέν
1842 3554 1982 3607 ἐστι·

385 3624 546 3719 καὶὴ
587 3627 689 3698 μὲν
737 3629 878 3700 ἔσω,
911 3632 1247 3709 διήρθρωται
1294 3640 1376 3705 είς
1414 3638 1509 3696 τὸν
1554 3642 1830 3715 βουϐῶναο
1864 3648 1897 3719 ἡ
1928 3646 1987 3702 δὲ

384 3714 513 3783 ἔξω,
537 3721 621 3785 είς
646 3723 747 3796 τὴν
770 3727 1027 3799 κοτύλην.
1161 3725 1164 3728 ’

2085 1976 2140 2031 in
2175 1975 2400 2032 homine
2435 1982 2567 2032 sunt
2596 1974 2806 2032 ossium
2852 1973 3108 2039 habetur,
3140 1972 3291 2043 quod
3321 1972 3545 2041 quidem
3589 1988 3683 2027 su-

2083 2086 2256 2142 perne
2306 2082 2433 2125 cum
2484 2068 2703 2139 pectine
2726 2110 2744 2135 ,
2788 2076 2845 2124 et
2876 2067 3310 2131 coxendieibus,
3359 2062 3499 2118 infra
3532 2078 3685 2128 vero,

2084 2179 2210 2219 cum
2269 2162 2403 2218 tibia
2447 2160 2869 2217 dearticulatur.
2911 2159 3028 2216 Hoc
3068 2159 3339 2231 siquidem
3377 2173 3461 2223 os,
3495 2156 3551 2211 in
3594 2173 3690 2213 ευυ

2086 2254 2293 2328 periori
2323 2261 2509 2325 parte,
2554 2253 2610 2309 in
2641 2263 2805 2324 caput
2838 2262 3033 2310 exacte
3059 2251 3429 2307 orbiculatqu
3464 2249 3687 2311 desinit,

2087 2349 2231 2406 infra
2259 2363 2410 2415 vero,
2446 2349 2503 2403 in
2534 2348 2815 2419 geminum
2852 2346 3196 2403 tuberculum
3231 2344 3441 2399 finitur.
3475 2341 3688 2397 Etcum

2090 2444 2245 2512 tibia,
2283 2456 2393 2498 non
2428 2441 2595 2498 modo
2623 2440 2999 2496 membraneis
3025 2435 3541 2510 1261igamentis,
3566 2450 3690 2505 quae

2090 2545 2257 2594 totam
2310 2536 2822 2595 dearticulationcm
2870 2533 3129 2590 circulari
3199 2531 3393 2587 ordine
3444 2527 3691 2598 comple-

2088 2628 2334 2696 CIunlur,
2366 2631 2462 2688 sed
2493 2629 2562 2685 ad
2595 2646 2682 2693 ea,
2721 2629 2902 2685 tribus
2931 2627 3058 2683 aliis
3083 2625 3337 2682 rotundis
3363 2635 3419 2680 et
3449 2623 3688 2679 fortibus

2089 2723 2295 2794 alioqui
2327 2721 2663 2778 adnectitur.
2693 2719 2898 2776 Femur
2924 2735 3075 2785 vero,
3093 2719 3162 2773 ab
3187 2716 3322 2788 ipsis
3351 2716 3560 2788 μηροὺς
3581 2713 3691 2768 ἀπὸ

2087 2815 2183 2870 τοῦ
2246 2812 2607 2887 μερίζεσθαι,
2671 2813 2812 2884 quod
2858 2811 3089 2866 dividere
3154 2809 3388 2879 faceret,
3443 2822 3572 2861 nam
3627 2822 3691 2862 ca

2089 2921 2245 2980 parte
2294 2923 2497 2979 corpus
2530 2916 2784 2964 nostrum
2838 2905 3092 2961 bifariam
3138 2903 3378 2958 divisum
3420 2898 3695 2970 conspici-

2093 3019 2202 3065 tur.
2245 3009 2495 3080 Spatium
2522 3023 2657 3065 vcro
2680 3007 2825 3078 quod
2860 3021 2889 3060 a
2923 3005 3050 3062 colli
3092 3005 3290 3060 finibus
3333 3002 3400 3058 ad
3436 2998 3695 3072 pudenda

2094 3115 2269 3172 usque
2329 3098 2617 3164 defertur,
2669 3098 2742 3153 ob
2791 3097 2897 3153 loci
2937 3096 3285 3152 latitudinem
3323 3090 3691 3147 mortuarium

2092 3200 2468 3264 nuncupatur.
2503 3191 2641 3248 Nam
2674 3193 2721 3247 si
2753 3204 2949 3248 manus
2978 3189 3293 3253 flectantur,
3330 3184 3580 3256 corporis
3602 3182 3695 3238 illa

2094 3303 2220 3356 pars
2257 3286 2350 3341 tali
2395 3287 2764 3342 instrumento
2792 3285 2990 3342 similis
3024 3285 3115 3341 sit.
3150 3283 3350 3337 Totum
3393 3289 3574 3335 autem
3616 3276 3695 3332 fe-

2094 3393 2240 3442 mur,
2266 3379 2658 3444 exterioribus,
2691 3387 2747 3434 et
2773 3392 2897 3448 quae
2923 3377 3232 3432 anteriores
3263 3382 3394 3430 sunt
3419 3371 3692 3442 partibus,

2093 3468 2358 3524 devexam
2384 3468 2646 3539 exprimit
2672 3467 2910 3524 formam
2942 3487 2955 3525 :
2992 3467 3046 3521 in
3087 3467 3197 3522 illis
3227 3479 3383 3527 vero,
3412 3477 3536 3532 qua:
3565 3474 3693 3530 pos-

2092 3560 2347 3626 teriores,
2378 3574 2433 3617 et
2464 3562 2754 3618 interiores
2784 3570 2936 3629 sunt,
2970 3560 3170 3618 simam
3202 3559 3472 3614 obtinent.
3503 3553 3693 3610 (lentia

2094 3668 2198 3711 nos
2227 3665 2408 3712 autem
2445 3670 2737 3727 processus
2765 3672 2986 3727 parvos,
3023 3670 3053 3710 a
3084 3654 3299 3711 cervice
3330 3650 3692 3709 declinantes,

2096 3747 2300 3804 habere
2345 3748 2524 3804 femur
2575 3750 2842 3815 cernitur,
2880 3765 3023 3820 quos
3073 3748 3457 3804 troehanteras
3509 3739 3698 3811 appel-

388 3808 521 3913 lant,
550 3828 614 3868 ex
643 3815 846 3886 quibus
876 3819 964 3913 ille
995 3819 1088 3913 qui
1121 3820 1353 3878 interior
1384 3832 1492 3889 est,
1520 3827 1658 3883 satis
1704 3828 2000 3886 admodum
2069 3838 2451 3909 magnitudine
2489 3840 2639 3894 illum
2707 3841 2804 3912 qui
2829 3808 3004 3895 extra
3047 3846 3134 3895 est
3170 3836 3413 3901 excedit,
3456 3843 3513 3890 et
3547 3808 3695 3887 inte-

385 3911 536 3973 Ποῖ,
586 3922 714 3963 cum
757 3911 972 3980 pectine
1020 3912 1452 3985 dearticulatur,
1502 3919 1600 3990 qui
1649 3935 1782 3978 vero
1832 3932 1987 3980 extra
2019 3936 2125 3999 εει,
2160 3932 2340 4005 coter
2395 3932 2684 3998 videlicet,
2728 3911 3108 3989 acetabulum
3176 3940 3280 3988 est.
3331 3927 3457 3984 llaec
3508 3925 3697 3994 itaque

387 4010 516 4057 sunt
544 4020 666 4075 qua:
695 4006 835 4062 inter
863 4008 1089 4068 femoris
1121 4027 1248 4069 ossa
1281 4014 1738 4075 adnumerantur.

456 4149 539 4204 Τὰ
564 4149 621 4205 δὲ
650 4150 746 4204 τοῦ
784 4152 1014 4218 σκέλους
1052 4154 1190 4210 ὀστᾶ
1215 4155 1282 4222 ⁵⁸,
1315 4157 1377 4211 τὸ
1423 4158 1527 4230 μὲν
1563 4158 1623 4214 ἓν
1656 4162 1857 4233 κνήμη
1896 4163 1989 4217 λέ-

386 4255 568 4308 γεται,
589 4241 651 4294 τὺ
679 4241 738 4295 δὲ
767 4242 899 4298 ἄλλο
918 4246 963 4279 ⁵⁵
989 4248 1242 4317 περόνη.
1274 4249 1385 4302 Καὶ
1414 4249 1568 4305 ἔστιν
1601 4253 1634 4323 ή
1664 4253 1765 4324 μὲν
1797 4254 1988 4326 κνήμη

386 4333 700 4405 ἔμπροσθεν
731 4338 827 4391 καὶ
861 4339 1078 4412 μεγάλη
1106 4342 1154 4374 ⁸⁸
1179 4358 1190 4371 ·
1222 4342 1403 4396 ὀπίσω
1452 4343 1512 4397 δὲ
1543 4346 1577 4416 ή
1612 4345 1822 4419 περόνη
1853 4348 1993 4402 ἁπο-

384 4426 581 4511 δέου-σα
605 4428 706 4499 τῆς
728 4431 948 4504 κνήμης
976 4435 1070 4488 καὶ
1093 4434 1174 4506 τῷ
1206 4436 1372 4507 πάχει
1401 4437 1499 4491 καὶ
1522 4438 1601 4510 τῷ
1625 4439 1792 4511 μήκει
1817 4458 1831 4471 ο
1865 4458 1992 4495 συν-

2162 4161 2232 4217 At
2252 4176 2375 4233 quae
2407 4159 2588 4217 cruris
2627 4175 2754 4216 ossa
2783 4170 2935 4226 sunt,
2968 4158 3117 4213 intus
3152 4168 3201 4211 et
3236 4169 3423 4222 extra,
3461 4155 3696 4212 alterum

2090 4254 2244 4320 tibia,
2301 4255 2536 4309 alterum
2578 4268 2710 4309 vero
2748 4267 2880 4310 sura
2929 4251 3151 4307 dicitur.
3180 4247 3246 4303 Et
3277 4247 3408 4304 tibia
3433 4247 3655 4321 quidem
3679 4290 3694 4318 ,

2088 4347 2334 4405 anterior
2371 4362 2520 4419 pars,
2541 4355 2598 4402 et
2631 4361 2754 4419 qua:
2815 4343 3194 4418 magnitudine
3251 4342 3438 4414 aliqua
3470 4341 3698 4413 praedita

2090 4448 2175 4497 est
2195 4448 2564 4510 nuncupatur.
2587 4439 2632 4492 A
2663 4437 2959 4510 posteriori
2981 4451 3113 4493 vero
3132 4445 3287 4506 parte
3308 4449 3438 4492 sura
3464 4442 3549 4491 est
3573 4450 3699 4506 qua!

385 4507 692 4591 αρθροῦται
727 4523 785 4577 δὲ
824 4526 892 4596 τῇ
923 4526 1113 4599 κνήμῃ
1147 4528 1287 4600 πρὸς
1322 4529 1494 4601 ἄμφω
1540 4507 1885 4606 τάνπέραταν
1917 4535 1985 4590 τὰ

2095 4540 2210 4588 tum
2228 4507 2616 4596 crassitudine,
2631 4507 2744 4586 tum
2762 4528 3101 4599 longitudine
3117 4528 3261 4585 tibia:
3283 4527 3552 4584 concedit.
3570 4525 3700 4585 Ηίεο

383 4613 441 4666 δὲ
472 4614 533 4667 ὲν
561 4614 641 4686 τῷ
672 4616 827 4688 μέσῳ
856 4620 1241 4691 ἀφεστήκασιν
1276 4622 1531 4696 ἀλλήλοις
1554 4626 1625 4681 ⁸⁷.
1671 4628 1784 4682 Καὶ
1813 4629 1848 4700 ἡ
1885 4629 1987 4701 μὲν

388 4707 578 4779 κνήμη
627 4711 994 4768 συντέτακται
1042 4714 1123 4786 τῷ
1177 4718 1376 4790 μηρῷ,
1423 4719 1676 4793 μεγάλην
1725 4722 1992 4792 ἐπίφυσιν

387 4797 591 4868 ἔχουσα
634 4801 781 4855 κατὰ
807 4802 870 4855 τὸ
903 4804 1017 4858 ἄνω
1065 4806 1242 4878 πέρας
1288 4811 1484 4882 αὐτῆς·
1528 4813 1626 4866 καὶ
1665 4813 1992 4887 ὑποδέχεται

386 4892 478 4945 τὸν
514 4891 694 4964 μηρὸν
716 4893 811 4948 δύο
840 4896 1153 4969 κοιλότησιν
1191 4901 1367 4973 αὐτῆς
1395 4904 1776 4962 ἐπιϐαίνοντα.

472 5100 597 5157 Ἐπὶ
621 5102 678 5157 δὲ
707 5105 823 5170 τοῖς
854 5104 1009 5158 κάτω
1036 5104 1235 5175 μέρεσι
1260 5106 1484 5177 κνήμης
1509 5124 1569 5159 τε
1594 5108 1688 5161 καὶ
1713 5108 1951 5179 περόνης
1972 5146 1987 5172 ,

388 5195 420 5247 ὀ
452 5195 806 5267 ἀστράγαλος
856 5196 1358 5270 περιλαμϐάνεται.
1396 5199 1635 5269 Λέγεται
1680 5200 1736 5253 δὲ
1776 5200 1839 5254 τὸ
1868 5200 1992 5254 ὅλον

393 5286 564 5361 μέρος
595 5288 759 5343 τοῦτο
799 5290 911 5344 ἀπὸ
957 5291 1053 5345 τοῦ
1100 5293 1331 5361 γόνατος
1361 5292 1467 5357 ἕως
1507 5290 1602 5346 τοῦ
1633 5293 1991 5365 ἀστραγάλου

391 5382 626 5452 κνήμη,
661 5383 772 5438 ἀπὸ
814 5384 911 5438 τοῦ
939 5385 1306 5457 ὑπερέχοντος
1326 5385 1375 5418 ⁸⁸
1407 5385 1746 5457 ὀνομασθέν
1778 5388 1905 5442 ὅσον
1932 5387 1992 5442 δὲ

390 5476 638 5547 ᾶσαρκον
670 5476 839 5531 αὐτοῦ
868 5477 965 5532 καὶ
1001 5477 1201 5531 λεπτὸν
1225 5520 1238 5543 ,
1271 5478 1332 5532 ὲν
1365 5482 1479 5543 τοῖς
1509 5480 1696 5550 πρόσω
1724 5479 1827 5551 τῆς
1858 5481 1992 5551 κνή-

396 5585 507 5641 μης
526 5611 542 5635 ,
573 5570 974 5642 ἀντικνήμιον
1003 5570 1336 5643 ὀνομάζεται
1358 5589 1371 5601 ο
1403 5572 1466 5627 τὸ
1495 5573 1543 5628 δ’
1577 5572 1809 5627 ὄπισθεν
1850 5572 1991 5644 μετὰ

462 5746 512 5819 ξ’
538 5718 875 5819 ὠμοπλάτιν-
897 5741 957 5798 Β.

1078 5742 1120 5776 ’⁵⁷
1148 5746 1446 5817 ἐπιπολλῆς
1476 5744 1532 5801 Β.

392 5889 781 5956 καὶέξωΒΡ.
861 5889 903 5920 υτ
958 5875 1209 5960 αλλήλων
1265 5888 1396 5943 np.
1478 5875 1522 5921 εδ
1553 5875 1902 5961 περιέχοντος
1936 5888 1996 5942 u.

1647 5745 1692 5778 ιε

462 5746 512 5781 ⁸⁸
538 5745 859 5819 ὠμοπλάτιν
897 5745 957 5798 Β.
1078 5745 1120 5776 ’⁵⁷
1148 5746 1446 5817 ἐπιπολλῆς
1476 5745 1532 5801 Β.
1647 5745 1692 5778 ιδ
1722 5745 1782 5799 τὸ
1815 5762 1925 5800 otn.
1958 5745 2016 5798 Β.
2157 5745 2200 5779 ⁵³
2228 5748 2376 5800 ἐστιν
2401 5747 2510 5799 τῶν
2553 5764 2586 5800 κ

391 5817 569 5873 ἄλλων
598 5822 661 5873 Α.
739 5819 782 5850 ⁸⁸
813 5815 976 5881 κῦτος
1006 5816 1128 5870 BC.
1205 5819 1251 5849 ⁵⁸
1276 5818 1334 5870 ὲν
1361 5835 1410 5871 τ.
1451 5835 1538 5888 az.
1582 5818 1640 5870 Β.
1720 5818 1765 5849 ⁸³
1796 5816 1862 5879 ἂς
1898 5821 1995 5871 καὶ
2027 5835 2115 5888 τρ.
2152 5819 2211 5874 Β.
2291 5818 2337 5849 "‘
2366 5819 2497 5871 ὀστᾶ
2531 5818 2588 5873 Β.

2088 4625 2362 4695 siquidem
2398 4640 2564 4690 ossa,
2610 4622 2829 4679 tametsi
2872 4630 3110 4692 utroque
3156 4628 3408 4675 extremo
3462 4620 3696 4678 invicem

2088 4725 2287 4773 coeant
2307 4759 2324 4783 ,
2361 4725 2603 4772 attamen
2640 4715 2823 4771 medio
2846 4712 3025 4784 spatio
3048 4713 3193 4769 inter
3228 4729 3288 4769 se
3317 4713 3655 4770 dirimuntur
3684 4730 3696 4766 :

2090 4823 2216 4864 nam
2262 4809 2420 4871 tibia,
2463 4809 2520 4863 in
2557 4808 2915 4865 immodicam
2960 4806 3317 4878 appendicem
3346 4821 3696 4873 excrescens,

2092 4900 2289 4957 femori
2324 4918 2355 4957 a
2389 4910 2547 4973 parte
2578 4900 2866 4973 superiore
2895 4901 3205 4970 cepulatur,
3244 4905 3300 4952 et
3335 4897 3571 4969 geminis
3600 4914 3699 4954 ca-

2096 4992 2177 5047 vis
2211 4992 2391 5063 ipsum
2439 4991 2836 5064 superveniens
2886 4988 3069 5044 femur
3119 4985 3370 5057 suspicit.

2164 5106 2249 5162 Ab
2297 5106 2559 5163 inferiore
2584 5121 2716 5162 vero
2749 5104 2895 5161 tibiae
2922 5112 2977 5159 et
3004 5118 3148 5159 surae
3182 5101 3516 5174 partc,talus
3547 5115 3701 5155 com-

2096 5198 2455 5270 prehenditur
2491 5216 2507 5266 ;
2540 5207 2596 5254 et
2644 5198 2801 5270 pedis
2843 5197 3063 5269 quidem
3108 5203 3317 5251 tractes
3363 5192 3568 5258 omnis,
3603 5191 3697 5263 qui

2097 5309 2128 5348 ει
2159 5309 2303 5364 genu
2353 5294 2421 5349 ad
2453 5293 2624 5348 talum
2659 5308 2838 5362 usque
2867 5289 3173 5351 descendit,
3201 5303 3230 5343 a
3269 5295 3422 5358 parte
3446 5283 3702 5342 videlicet

2096 5385 2237 5442 alias
2252 5393 2641 5457 exsuperante,
2658 5385 2784 5439 tibia
2803 5390 3156 5453 nuncupatur
3181 5401 3195 5437 :
3216 5380 3376 5451 cujus
3397 5378 3616 5451 quidem
3636 5395 3701 5434 ea

2100 5478 2282 5549 portio
2316 5477 2579 5541 anterior,
2610 5491 2733 5548 quae
2762 5475 2943 5531 carnis
2968 5489 3164 5545 expers
3201 5489 3267 5528 ac
3287 5472 3446 5529 exilis
3483 5470 3701 5534 visitur,

2102 5571 2422 5627 antetibialo
2447 5571 2651 5625 dicitur
2677 5587 2691 5624 :
2723 5584 2848 5639 quae
2880 5584 3013 5624 vero
3030 5567 3305 5639 posterior
3333 5574 3440 5634 est,
3469 5580 3703 5637 magnos

2157 5745 2200 5779 ⁵³
2228 5748 2376 5800 ἐστιν
2401 5747 2510 5799 τῶν
2553 5747 2694 5800 κατὰ
2738 5744 2799 5798 τὸ
2830 5743 2973 5809 ζῶον
3016 5748 3116 5801 ἀπ.
3148 5746 3265 5800 ὀστ.
3319 5746 3379 5799 Β.
3515 5744 3564 5777 ⁸⁸
3609 5742 3698 5795 διὰ

2697 5817 2742 5856 ⁵³
2769 5815 2931 5871 ἄλλον
2961 5816 3027 5874 Α.
3106 5818 3152 5851 ⁸⁸
3199 5817 3374 5887 ὲμπρ.
3412 5833 3539 5889 μεγ.
3592 5813 3701 5866 ἔσω
