4142 6470
359 433 502 493 {265

1614 421 1703 477 DE
1743 417 2034 475 N\TUBA
2070 413 2377 473 llOMiNlS.

3542 412 3680 469 {1‘66

361 546 856 620 ἐξασφαλιζόμενοι
889 547 986 601 καὶ
1017 542 1551 616 περιφυλάττοντες.
1601 540 1677 594 Ού
1710 539 1822 609 γάρ
1871 536 1967 610 μό-

2092 534 2246 587 mlari
2298 533 2495 589 ordine
2537 533 2833 599 ambiunt,
2889 547 3024 604 quae
3056 532 3316 588 universa
3372 532 3675 588 roborandi

362 661 455 699 νον
502 642 636 716 περὶ
684 640 756 695 τὰ
811 638 994 712 ἄρθρα
1048 637 1222 707 αὐτῆς
1255 637 1290 707 ἡ
1344 634 1656 704 ἀσφάλεια,
1702 631 1841 685 ἀλλὰ
1873 630 1971 683 καὶ

363 736 706 807 πανταχόθεν
730 751 746 766 ο
784 733 857 788 τὰ
894 734 1004 805 γὰρ
1035 731 1146 786 τῶν
1183 730 1351 801 ῶμων
1378 728 1475 782 καὶ
1507 724 1839 798 μασχαλῶν,
1874 723 1972 779 καὶ

364 828 475 882 τῶν
504 827 706 896 ἰγνύων
735 826 832 879 καὶ
870 824 1123 896 σφυρῶν,
1154 821 1249 875 κοιλ⁸
1274 820 1459 874 πάντα
1487 819 1556 872 τὰ
1582 819 1648 870 ὲκ
1691 815 1846 889 μυῶν
1876 815 1973 868 καὶ

371 918 510 989 μετὰ
569 917 722 988 μυῶν
790 915 1095 985 κινούμενα
1151 912 1362 984 νεῦρα,
1430 909 1711 973 τένοντες
1772 905 1976 975 ὀνομά-

368 1011 588 1074 ζονται·
628 1008 787 1080 παρὰ
828 1008 889 1062 τδ
926 1008 1130 1060 τείνειν
1168 1006 1240 1059 τὰ
1276 1008 1446 1076 μόρια
1480 1001 1619 1073 πρὸς
1649 999 1972 1071 ἑνέργειαψ

370 1104 453 1156 ὅτι
483 1104 576 1155 καὶ
601 1105 756 1173 τρεῖς
787 1102 899 1155 εἰσι
931 1098 1043 1153 τῶν
1067 1096 1282 1168 νεύρων
1305 1092 1599 1165 διαφοραί*
1636 1090 1706 1145 τὰ
1739 1090 1842 1161 μὲν
1866 1088 1977 1159 γὰρ

370 1198 432 1265 ἐξ
458 1197 769 1267 ἐγκεφάλου
799 1196 898 1250 καὶ
927 1194 1162 1247 νωτιαῖα
1188 1188 1479 1260 πεφυκότα
1504 1227 1519 1253 ,
1552 1186 1742 1255 νεῦρα
1770 1184 1979 1255 κυρίως

374 1288 883 1362 προσαγορεύοντες
918 1287 999 1355 ²⁷τ
1036 1285 1108 1339 τὰ
1140 1284 1198 1338 δὲ
1230 1286 1296 1338 ὲκ
1340 1280 1493 1354 μυῶν
1544 1279 1861 1344 τένοντες·
1909 1276 1981 1331 τὰ

373 1382 432 1436 δὲ
464 1383 522 1450 ἐξ
570 1383 781 1445 ὀστῶν,
815 1379 1176 1448 σύνδεσμοι.
1242 1376 1303 1430 '0
1355 1375 1413 1428 δὲ
1477 1373 1574 1428 τοῦ
1627 1371 1978 1443 ἀστραγάλου

375 1475 541 1539 τόπος
572 1474 669 1528 καὶ
705 1471 910 1543 σφυρὰ
943 1470 1190 1539 λέγεται,
1227 1467 1383 1540 παρὰ
1412 1467 1473 1521 τὸ
1517 1462 1880 1535 συνεσφίχθαι
1911 1462 1984 1517 τὰ

375 1567 558 1638 ἄρθρα
611 1569 679 1639 τῇ
733 1564 990 1619 συνθέσει
1028 1580 1043 1596 ο
1076 1564 1175 1616 καὶ
1229 1556 1344 1616 οἷον
1404 1562 1613 1630 σφαῖρα
1641 1560 1755 1621 τοῖς
1801 1558 1984 1620 ὀστοῖς

380 1661 623 1723 καὶτοῖς
670 1658 889 1730 νεύροις
940 1656 1224 1728 πεπῆχθαι
1266 1653 1692 1724 ἀστράγαλος·
1738 1651 1894 1720 παρὰ
1923 1651 1985 1705 τὸ

376 1752 635 1824 ἀστραϐῆ
667 1753 762 1805 καὶ
804 1751 976 1822 ὀρθὴν
1017 1749 1312 1820 φυλάττειν
1344 1747 1444 1818 τὴν
1476 1746 1637 1819 βάσιν
1668 1744 1763 1799 τοῦ
1796 1744 1980 1809 ποδός.

380 1843 588 1897 κυκλοῖ
619 1843 677 1897 δὲ
708 1845 799 1899 τὸν
837 1843 1188 1915 ἀστράγαλον
1211 1842 1274 1897 τὸ
1307 1840 1663 1907 κυκλοειδές
1688 1838 1985 1910 λεγόμενον

377 1938 613 1991 όστοῦνσ
657 1940 715 1991 ὲν
765 1930 811 2007 ᾧ
857 1936 918 1990 τὸ
957 1936 1257 2006 λεγόμενον
1294 1933 1526 1995 κότζῖον
1558 1932 1605 1966 ⁷⁸
1654 1933 1745 1987 διὰ
1790 1931 1981 1986 συνδέ-

382 2046 538 2100 σμων
572 2033 640 2102 τῇ
692 2030 902 2103 περόνῃ
942 2027 1371 2101 προσαρμοσθὲν
1402 2027 1551 2093 ἄνω,
1588 2024 1653 2080 τὸ
1697 2024 1983 2094 κυφοειδὲς

382 2122 631 2177 κάτωθεν
683 2123 1052 2192 ὑποκείμενον
1075 2123 1119 2154 ⁷³
1154 2120 1304 2193 ἔχει,
1361 2121 1460 2175 καὶ
1507 2118 1821 2173 συνδὲδεται
1863 2119 1982 2189 μετ’

381 2214 549 2269 αὐτοῦ
585 2216 720 2283 πρὸς
749 2215 778 2269 ὃ
806 2217 839 2286 ἡ
874 2215 1033 2286 βάσις
1059 2214 1168 2269 τῶν
1194 2213 1420 2286 σφυρῶν
1454 2214 1547 2267 καὶ
1577 2211 1680 2280 τῆς
1717 2211 1981 2283 πτέρνης.

380 2308 529 2381 Λύτη
590 2308 702 2380 γὰρ
761 2309 1057 2363 ὑπόκειται
1111 2308 1210 2373 τὰς
1265 2306 1571 2379 όφρυὼδεις
1632 2305 1828 2376 ὲξθχὰς
1885 2305 1984 2376 τῆς

382 2401 604 2472 κνήμης
631 2419 690 2454 τε
711 2402 807 2455 καὶ
831 2402 1092 2473 περόνης,
1126 2403 1223 2454 καὶ
1250 2401 1319 2455 τὰ
1351 2403 1626 2473 περιφερῆ
1656 2400 1749 2454 τοῦ
1774 2402 1982 2472 ἀστρα-

382 2494 552 2560 γάλου
602 2494 1123 2565 περιλαμϐάνουσα,
1166 2494 1260 2548 δύο
1305 2494 1461 2557 τινας
1513 2493 1708 2563 ἐξοχὰς
1739 2495 1822 2556 εἰς
1864 2495 1987 2547 ὲπι-

381 2587 628 2658 τηδείους
673 2587 995 2659 κοιλότητας
1029 2587 1416 2659 ἐναρμόζειδθ.
1444 2588 1519 2640 Τὸ
1571 2587 1628 2640 δὲ
1665 2587 1986 2661 κατέμπρο-

392 2680 521 2731 σθεν
555 2680 718 2750 μέρος
737 2681 907 2752 αὐτῆς
930 2684 963 2752 ὴ
993 2682 1136 2752 ἀρχή
1164 2683 1285 2735 ἐστι
1307 2681 1405 2735 τοῦ
1430 2683 1729 2754 λεγομένου
1754 2684 1985 2756 ταρσοῦ.

384 2770 521 2822 Μετ’
552 2771 715 2824 αὑτὸν
748 2771 808 2824 δὲ
838 2772 1069 2843 ἄρχεται
1098 2775 1160 2827 τὸ
1192 2775 1410 2838 πεδίον,
1462 2777 1528 2828 ὲκ
1566 2775 1730 2829 πέντε
1763 2778 1987 2845 συγκεὶ-

389 2877 554 2929 μενον
584 2862 762 2916 ὀστῶν
784 2881 800 2897 ο
834 2864 927 2935 ἀφ’
977 2860 1039 2920 οὗ
1069 2868 1118 2919 οἱ
1148 2867 1397 2922 κόνδυ).οι
1427 2868 1536 2922 τῶν
1569 2870 1850 2926 δακτύλων
1888 2872 1990 2942 τὴν

388 2954 661 3025 ἁρμονίαν
713 2956 1117 3028 λαμϐάνοντες,
1148 2961 1243 3013 ἐπὶ
1272 2962 1345 3016 τὰ
1385 2963 1515 3027 τοὺς
1551 2964 1754 3035 ὄνυχας
1795 2964 1991 3034 ἔχοντα

390 3045 789 3131 μετακονδύλια
832 3047 1155 3104 τελευτῶσι.
1214 3051 1480 3105 Συνδοῢσι
1534 3052 1592 3106 δὲ
1636 3055 1737 3119 τὰς
1781 3056 1992 3108 τούτων

385 3134 788 3208 διαρθρώσεις,
839 3140 1147 3212 ύμενὼδεις
1204 3143 1350 3206 τινὲς
1406 3144 1741 3217 σύνδεσμον
1788 3146 1887 3211 τὰς
1934 3147 1991 3200 δὲ

2080 626 2379 697 tuendique
2426 635 2611 681 motus
2660 625 2909 696 ipsorum
2962 624 3173 696 gratia,
3217 632 3509 694 procreata
3554 639 3678 679 esse

2079 727 2313 773 constat.
2347 716 2466 771 Non
2496 716 2646 771 enim
2678 717 2829 773 tendi
2863 718 2967 786 ipsi
3015 716 3262 772 articulis
3299 715 3681 771 tantummodo

2080 810 2397 866 securitatis
2447 825 2652 875 causa,
2698 809 2794 863 sed
2838 809 3098 865 omnibus
3146 809 3397 879 corporis
3427 807 3681 878 partibus

2080 902 2315 957 adhibiti
2348 911 2480 957 sunt
2511 921 2524 955 :
2557 900 2831 972 siquidem
2867 916 3103 969 nervos,
3153 900 3248 971 qui
3301 901 3355 954 in
3394 899 3640 955 humeris
3664 941 3678 962 ,

2082 994 2208 1056 alis,
2234 994 2556 1064 poplitibus,
2589 992 2863 1048 malleolis
2888 1001 2943 1047 et
2967 992 3183 1048 cunctis
3207 991 3480 1062 partibus,
3505 1005 3629 1061 quae
3651 1005 3682 1043 a

2083 1088 2374 1152 musculis,
2408 1101 2474 1142 ac
2505 1101 2610 1140 una
2640 1100 2767 1161 eum
2801 1084 3070 1139 musculis
3111 1093 3422 1161 moventur,
3461 1083 3681 1143 tendos,

2083 1182 2229 1253 quod
2260 1180 2326 1236 ad
2353 1179 2600 1235 actiones
2628 1160 2962 1249 negetiaque
2993 1175 3304 1248 peragenda
3322 1160 3508 1246 partes
3537 1173 3683 1243 ipsas

2083 1275 2430 1337 distendant,
2467 1271 2730 1343 appellari
2774 1278 2925 1326 recte
2963 1270 3140 1325 decet.
3180 1266 3489 1323 Nervorum
3534 1265 3680 1319 enim

2086 1366 2285 1437 triplex
2311 1363 2620 1420 diﬂ‘erentia
2653 1368 2739 1418 est
2767 1380 2781 1416 :
2817 1376 2943 1416 nam
2976 1360 3071 1431 qui
3102 1375 3134 1414 a
3167 1358 3395 1415 cerebro
3425 1372 3491 1412 ac
3532 1356 3682 1411 dorsi

2087 1457 2328 1513 medulla
2357 1454 2613 1512 oriuntur
2641 1450 2902 1523 peculiari
2932 1448 3155 1504 nomine
3199 1445 3351 1502 nervi
3398 1444 3683 1515 appellan-

2087 1560 2180 1608 tur
2214 1569 2227 1606 :
2259 1558 2315 1605 at
2357 1548 2447 1620 qui
2484 1563 2515 1603 a
2553 1545 2824 1603 musculis
2870 1544 3058 1609 tendi;
3093 1542 3189 1600 sed
3219 1541 3313 1613 qui
3350 1541 3420 1595 ab
3464 1539 3685 1594 ossibus

2089 1648 2421 1717 procedunt,
2449 1642 2762 1713 ligamenta.
2783 1639 2851 1693 At
2879 1638 3006 1695 talis
3024 1637 3179 1693 locus
3204 1643 3260 1691 et
3283 1634 3571 1690 malleolus
3599 1631 3685 1685 di-

2089 1738 2253 1802 citur,
2288 1735 2432 1808 quod
2459 1735 2535 1789 illi
2571 1732 2806 1806 σφυράν,
2836 1732 2935 1788 καλ⁹
2960 1728 3073 1785 οἷον
3106 1733 3345 1801 σφαῖραν
3384 1726 3686 1798 appellant,

2089 1832 2361 1903 quasique
2390 1827 2639 1885 membra
2669 1826 3075 1896 compositione
3107 1823 3535 1894 constringatac
3563 1835 3688 1875 ner-

2089 1925 2175 1979 vis
2210 1930 2499 1993 compacta
2537 1921 2744 1976 reddat.
2783 1918 2890 1975 Sed
2930 1919 3100 1973 talum
3144 1925 3201 1973 et
3226 1913 3575 1989 ἀστράγαλον
3610 1910 3686 1965 illi

2092 2018 2368 2082 dictitant,
2393 2015 2481 2071 διὰ
2506 2013 2567 2068 τὸ
2593 2012 2866 2086 ἀστραϐῆ,
2902 2014 2998 2066 καὶ
3022 2010 3191 2085 ὀρθὴν
3217 2009 3508 2081 φυλάττειν
3534 2004 3690 2067 ποδὸς

2095 2110 2273 2179 βάσιν,
2306 2105 2445 2179 quod
2479 2105 2731 2161 videlicet
2756 2106 2905 2176 pectis
2932 2106 3104 2159 nostri
3132 2110 3368 2165 motum,
3400 2117 3462 2154 ne
3487 2099 3689 2153 distor-

2094 2197 2264 2267 queri,
2290 2195 2380 2250 sed
2412 2203 2550 2249 recte
2593 2194 2872 2264 procedere
2907 2194 3074 2263 possit
3113 2200 3348 2247 tuentur.
3384 2188 3460 2244 Os
3506 2197 3690 2243 autem

2095 2291 2242 2362 quod
2273 2288 2585 2344 orbiculare
2608 2297 2983 2357 nurieupatur,
3017 2287 3186 2341 talum
3212 2284 3563 2341 circulariter
3584 2298 3695 2337 am-

2097 2395 2207 2462 bit;
2241 2395 2295 2448 in
2319 2408 2430 2463 quo
2452 2391 2681 2459 κόκκυξ,
2712 2391 3012 2447 ossiculum
3044 2389 3317 2453 videlicet,
3344 2387 3491 2458 quod
3519 2401 3693 2441 enen--

2099 2490 2184 2543 lus
2216 2487 2441 2546 dicitur,
2491 2502 2729 2556 superne
2769 2484 3082 2553 ligamentis
3113 2498 3239 2537 cum
3273 2490 3518 2535 extrema
3549 2494 3694 2533 sura:

2098 2592 2251 2655 parte
2288 2583 2668 2646 connectitur;
2703 2588 2758 2634 ct
2786 2578 2930 2649 quod
2966 2578 3256 2648 gibhosum
3293 2577 3347 2628 in
3377 2589 3437 2628 se
3465 2580 3570 2637 est,
3610 2570 3695 2624 iu-

2098 2679 2180 2732 lra
2229 2675 2574 2745 suppositum
2630 2673 2822 2738 habet,
2855 2681 2911 2727 et
2939 2671 3233 2742 colligatur
3267 2683 3391 2724 cum
3427 2665 3569 2736 ipso,
3603 2665 3695 2718 uln

2099 2770 2478 2826 malleolorum
2511 2775 2565 2822 et
2595 2766 2837 2822 caleanei
2872 2765 3019 2820 basis
3069 2772 3173 2818 est.
3212 2762 3518 2818 Calcaueus
3542 2772 3694 2819 vero,

2099 2860 2550 2933 superciliaribus
2579 2858 2988 2930 prominentiis,
3027 2856 3175 2911 tibiae
3206 2867 3463 2924 suraeque
3493 2866 3689 2922 suppo-

2102 2966 2285 3029 nitur,
2356 2962 2518 3033 cujus
2573 2961 2915 3016 orbiculares
2971 2937 3181 3031 partes
3227 2954 3702 3031 comprehendunt

2101 3056 2240 3112 duas
2273 3055 2540 3125 quasdam
2575 3054 2666 3109 tali
2698 3053 3122 3124 prominentias,
3156 3068 3298 3123 quas
3353 3051 3409 3105 in
3443 3048 3701 3104 decentes

2101 3150 2475 3206 concavitates
2507 3147 2907 3202 accommodat.
2927 3144 3142 3201 Etenim
3176 3145 3424 3209 anterior
3457 3142 3699 3198 caleanei

388 3229 533 3283 κατὰ
562 3231 655 3284 τὸν
694 3234 1049 3305 ἀστράγαλον
1084 3235 1182 3290 καὶ
1220 3236 1325 3308 τὴν
1366 3238 1615 3310 πτέρναν
1638 3281 1651 3305 ,
1688 3239 1901 3310 ἰσχυροί
1930 3257 1983 3292 τε

2105 3257 2233 3312 pars
2264 3257 2295 3296 a
2339 3242 2492 3311 pedis
2523 3240 2736 3295 devexo
2778 3238 3109 3310 principium
3149 3239 3349 3303 habet;
3387 3244 3513 3315 post
3558 3233 3704 3288 hanc

388 3322 555 3385 πάνυ,
588 3327 682 3379 καὶ
702 3327 746 3358 ⁸¹
779 3328 1130 3399 στρογγύλοι,
1163 3331 1260 3384 καὶ
1290 3332 1804 3403 νευροχονδρώδεις.

2099 3345 2280 3391 autem
2315 3335 2539 3405 planum
2575 3334 2748 3403 pedis,
2778 3333 2925 3403 quod
2959 3333 3032 3386 illi
3059 3332 3242 3387 πεδίον
3277 3332 3491 3395 dicunt,
3515 3327 3702 3400 quinis

388 3414 644 3519 ossiculis
683 3419 1082 3485 constitutum,
1116 3421 1329 3491 incipit,
1364 3438 1393 3477 a
1443 3424 1649 3494 quibus
1716 3427 2014 3488 digitorum
2080 3428 2313 3496 surculi,
2372 3428 2425 3482 in
2480 3443 2692 3498 ungues
2741 3426 2903 3497 129
2946 3427 3205 3482 concordi
3269 3425 3507 3495 quadam
3558 3421 3702 3478 serie

389 3505 707 3613 desiit-entes
763 3510 1033 3579 originem
1095 3523 1326 3568 sumunt
1364 3532 1377 3570 :
1415 3525 1470 3570 at
1520 3518 1727 3572 surculi
1773 3520 1877 3590 ipsi
1936 3520 2173 3576 invicem
2221 3521 2595 3592 cartilagineis
2674 3521 3009 3591 quibusdam
3070 3519 3383 3591 ligamentis
3429 3516 3699 3584 copulan-

390 3610 498 3654 tur.
535 3599 858 3672 Ligamenta
918 3621 1088 3672 vero,
1122 3607 1325 3677 quibus
1368 3610 1516 3667 talus
1563 3612 1993 3684 calcaueumqne
2026 3617 2367 3683 vinciuntur,
2424 3615 2590 3671 fortia
2648 3615 2948 3674 admodum
3016 3614 3464 3684 orbiculariaque
3537 3620 3698 3678 sunt,

389 3699 446 3745 et
483 3706 546 3745 ex
592 3693 840 3750 nervosis
885 3698 1300 3770 cartilaginibus
1344 3702 1790 3760 constitutionem
1848 3708 2045 3763 sortita
2081 3718 2232 3766 sunt.

466 3784 630 3839 Ἔστι
675 3786 784 3858 γὰρ
829 3788 1063 3843 καθόλου
1121 3790 1217 3844 τοῦ
1255 3794 1417 3855 ποδὸς
1471 3796 1532 3848 οὐ
1572 3796 1734 3866 μόνον
1778 3800 1985 3870 συνάρο

391 3876 597 3947 θρωσις
646 3880 746 3934 καὶ
777 3881 1147 3956 διάρθρωσις,
1179 3884 1317 3939 ἀλλὰ
1354 3889 1449 3941 καὶ
1487 3889 1864 3961 συννεύρωσις
1892 3894 1988 3946 καὶ

393 3969 798 4041 συγχόνδρωσις
821 3990 836 4005 ·
874 3974 1011 4029 πολὺ
1042 3975 1154 4047 γὰρ
1184 3976 1336 4048 αὐτῷ
1365 3980 1613 4049 ἀσφαλὲς
1641 3981 1800 4054 ἐδόθη
1817 3984 1865 4016 ⁸³
1897 3985 1989 4039 διὰ

388 4062 488 4133 τὴν
523 4064 657 4135 όχὴν
683 4066 808 4121 ὅλου
837 4068 932 4121 τοῦ
964 4068 1245 4139 σώματος,
1278 4072 1374 4125 καὶ
1402 4074 1492 4126 τὸν
1529 4074 1984 4148 ἀναδασταγμὺν,

389 4156 486 4210 καὶ
520 4157 621 4228 τὴν
650 4153 763 4213 οἷον
797 4161 1159 4232 ἐπικειμένην
1191 4164 1499 4236 βαρύτητα.
1540 4167 1636 4221 καὶ
1668 4167 1769 4232 τὰς
1792 4168 1988 4235 λοιπὰς

388 4250 676 4322 ἐνεργείας
707 4253 909 4318 πάσας.
935 4255 1172 4325 Λέγεται
1197 4257 1256 4312 δὲ
1285 4258 1463 4325 ποὺς,
1496 4260 1651 4331 παρὰ
1671 4262 1735 4314 τὺ
1771 4262 1990 4316 πεπαῦ-

391 4342 516 4397 σθαι
553 4345 665 4399 άπὸ
693 4347 789 4401 τοῦ
824 4348 949 4402 ὅλου
983 4349 1238 4421 σώματος
1267 4350 1314 4385 ⁸³
1338 4352 1371 4424 ἢ
1403 4353 1464 4407 τὸ
1489 4358 1665 4409 παῦον
1693 4356 1790 4410 καὶ
1818 4355 1987 4428 λῆγον

388 4435 482 4489 τοῦ
513 4437 802 4510 σώματος.
864 4443 1100 4512 Λέγεται
1143 4443 1200 4499 δὲ
1247 4445 1344 4500 καὶ
1401 4447 1598 4516 ἴχνος,
1651 4448 1804 4521 παρὰ
1842 4450 1904 4503 τὸ
1940 4450 1990 4482 ⁸⁵

2164 3800 2230 3857 Ει
2284 3818 2395 3871 quo
2459 3802 2714 3857 universa
2761 3801 2828 3856 de
2869 3801 3004 3872 pede
3054 3799 3333 3866 dicantur,
3370 3814 3476 3853 non
3538 3797 3701 3852 modo

2093 3894 2146 3948 in
2179 3896 2297 3964 ipso
2327 3893 2460 3964 pede
2502 3892 2713 3949 ossium
2757 3892 3086 3963 Compositio
3132 3899 3253 3958 est,
3307 3906 3472 3961 quam
3502 3888 3697 3953 Graeci,

2093 3984 2470 4059 συνάρθρωσιν
2497 4028 2510 4048 ,
2535 3986 2631 4042 καὶ
2690 3986 3046 4059 διάρθρωσιν,
3076 3986 3182 4041 hoc
3237 3992 3341 4047 est,
3375 3981 3703 4037 coarticula-

2092 4080 2287 4134 tionem
2321 4086 2369 4132 et
2399 4078 2903 4133 dearticulationem
2964 4078 3203 4144 dicunt;
3264 4090 3455 4131 verum
3511 4073 3699 4130 etiam.

2094 4193 2325 4235 nervosa
2371 4179 2836 4251 cartilagineaque
2879 4180 3191 4243 consertio,
3265 4176 3708 4246 coluerentiaque

2094 4273 2308 4338 visitur,
2329 4286 2492 4344 quam
2529 4273 2605 4329 illi
2624 4274 3014 4347 συννεύρωσιν,
3052 4274 3145 4329 καὶ
3176 4271 3580 4345 συγχόνδρωσιν
3606 4286 3706 4340 ap-

2096 4367 2320 4438 pellant.
2374 4366 2585 4437 Atqui,
2635 4368 2802 4439 pedes
2864 4368 3014 4436 ipsos
3059 4384 3166 4424 non
3228 4367 3447 4424 modico
3508 4365 3708 4421 robore

2097 4458 2451 4515 stabiliendos
2510 4475 2633 4516 esse
2704 4462 2986 4530 oportuit,
3040 4478 3150 4531 quo
3215 4461 3385 4517 totius
3457 4458 3707 4529 corporis

392 4538 565 4604 ἴσχειν
611 4538 707 4590 καὶ
735 4538 986 4611 συνέχειν
1021 4541 1143 4598 ὅλον
1171 4542 1264 4596 τὸν
1308 4544 1450 4598 πόδα
1473 4561 1487 4576 ·
1521 4545 1553 4615 ἦ
1587 4545 1698 4600 ἀπὸ
1730 4547 1826 4600 τοῦ
1867 4546 1983 4601 ἀνέ-

2095 4548 2333 4606 ferendte
2374 4550 2503 4605 moli
2530 4594 2545 4619 ,
2572 4559 2626 4606 et
2675 4552 2838 4607 veluti
2892 4553 3178 4608 aceliuatis
3226 4552 3328 4607 sibi
3371 4549 3708 4622 ponderibus

378 4628 583 4697 ’χεσθαι
620 4632 720 4701 τῆς
762 4634 886 4705 γῇς.
931 4634 989 4688 Ὀ
1019 4635 1075 4688 δὲ
1109 4636 1332 4705 ταρσὸς
1363 4636 1453 4692 διὰ
1486 4639 1545 4691 τὸ
1576 4638 1744 4711 ξηρὸν
1773 4639 1868 4693 τοῦ
1904 4639 1992 4693 τό·

390 4740 492 4775 που
523 4725 617 4776 καὶ
647 4726 893 4797 ἄσαρκον
915 4727 1091 4793 οὕτως
1120 4730 1326 4801 ἐκλήθη
1354 4750 1366 4762 ·
1405 4732 1501 4786 καὶ
1537 4724 1791 4805 ’Όμηρος
1811 4734 1859 4766 ⁸⁸
1898 4752 1912 4766 ⁸

2100 4643 2450 4713 exterisque,
2483 4660 2605 4714 qua:
2642 4645 2944 4700 necessitas
2977 4644 3170 4716 exigit,
3204 4643 3531 4720 peragendis
3558 4683 3573 4708 ,
3609 4657 3706 4695 va-

2100 4732 2208 4789 lide
2238 4749 2303 4789 ac
2335 4731 2550 4788 fortiter
2576 4733 2920 4791 sullicerent:
2948 4751 3042 4809 pes
3069 4735 3289 4805 quidem
3319 4736 3388 4791 ab
3412 4734 3542 4799 illis,
3570 4732 3708 4794 ποὺς

388 4814 540 4885 παρὰ
561 4814 623 4869 τὸ
652 4818 966 4872 πεπαῦσθαι
1000 4821 1110 4874 ἀπὸ
1135 4822 1229 4876 τοῦ
1261 4823 1384 4878 ὅλου
1415 4823 1692 4895 σώματος.
1725 4826 1983 4897 quasiqut

2092 4827 2261 4894 iipso
2301 4842 2329 4878 a
2384 4832 2502 4880 toto
2530 4842 2766 4898 corpore
2817 4842 3090 4884 cessatum
3111 4826 3317 4883 sit.Vel
3340 4827 3486 4898 quod
3508 4823 3702 4883 παῦον,

389 4908 483 4962 καὶ
516 4908 683 4980 λῆγον
716 4910 812 4965 τοῦ
845 4910 1119 4983 σώματος,
1148 4915 1293 4985 quod
1331 4933 1460 4988 pars
1494 4919 1750 4976 videlicet
1809 4920 1916 4985 sit,
1956 4919 1983 4973 il

2092 4934 2233 4989 luam
2304 4933 2508 4987 corpus
2563 4920 2781 4979 desinat
2853 4919 3241 4988 terminetque.
3281 4917 3388 4973 Sed
3437 4926 3489 4972 et
3555 4917 3701 4986 ἴχνος

389 5013 762 5074 nuncupatur,
799 5006 953 5077 παρὰ
978 5006 1038 5061 τὸ
1068 5009 1261 5079 ἴσχειν,
1290 5012 1389 5064 καὶ
1427 5012 1677 5084 συνέχειν
1716 5015 1810 5069 τὸν
1853 5011 1983 5066 πόδα

2092 5027 2161 5077 av,
2216 5012 2365 5082 quod
2396 5020 2572 5067 totum
2628 5014 2821 5085 pedem
2877 5014 3194 5079 contineat,
3245 5010 3703 5081 comprehendah

388 5117 537 5169 que,
587 5102 704 5159 sive
749 5104 894 5175 quod
941 5122 971 5161 a
1018 5115 1161 5162 terra
1215 5123 1410 5179 gressu
1443 5109 1496 5165 iu
1532 5110 1657 5182 ipso
1688 5111 1983 5176 attollitur,

2095 5108 2163 5164 od
2196 5108 2272 5163 illi
2304 5107 2597 5181 ἀνέχεσθαι
2629 5109 2738 5180 ἀπὸ
2782 5110 2882 5181 τῆς
2921 5111 3026 5186 γῆς
3079 5108 3290 5164 dicunt.
3366 5107 3551 5162 Prima
3568 5121 3697 5162 vero

389 5195 544 5263 pedis
579 5212 741 5267 pars,
789 5198 1030 5270 ταρσδς,
1063 5215 1093 5255 a
1135 5201 1281 5257 sicca
1318 5201 1439 5273 ejus
1474 5202 1580 5259 loci
1623 5202 1889 5274 qualitate
1927 5211 1982 5259 et
2007 5201 2192 5256 carnis
2223 5211 2471 5272 experte,
2504 5202 2775 5277 appellata
2807 5211 2910 5267 est,
2942 5210 3000 5256 ut
3034 5200 3307 5254 Homerus
3349 5217 3363 5254 :

413 5329 542 5385 Νῦν
597 5330 665 5387 δέ
715 5333 778 5404 μ’
829 5335 1173 5405 ἐπιγράψας
1241 5338 1471 5409 ταρσὸν
1535 5340 1724 5430 πρδός
1756 5342 1987 5485 (effem

1528 5428 1724 5479 αυτως
1778 5431 1805 5465 ο
1838 5454 1851 5467 .

1528 5428 1724 5479 actm;
1756 5428 1851 5479 (ο).

389 5532 609 5588 Πεδίον
639 5535 697 5589 δὲ
737 5535 800 5589 τὸ
850 5535 1215 5611 ἔμπροσθεν,
1240 5539 1329 5595 διὰ
1379 5539 1440 5594 τό
1483 5540 1688 5611 ὁμαλόν
1708 5541 1756 5574 ⁸⁸
1782 5560 1794 5573 ·
1829 5542 1892 5596 τὸ
1932 5544 1990 5598 δὲ

462 5699 509 5733 ⁷⁷
533 5703 1037 5776 προσαγορεύονται
1071 5705 1111 5758 Β
1160 5706 1221 5763 Ρ.
1300 5709 1347 5740 ⁷⁸
1376 5709 1560 5776 κότζιν
1594 5709 1633 5761 Β
1663 5710 1702 5762 (ἶ
1736 5709 1795 5763 Ρ.

1895 5711 1939 5743 ⁷³
1970 5711 2135 5766 ύποκ.
2165 5730 2290 5767 κατ.
2326 5713 2381 5766 Β.

2210 5337 2314 5394 Sed
2342 5339 2472 5393 milii
2505 5340 2866 5410 perstringens
2901 5346 3108 5394 tersum
3134 5337 3198 5410 in
3236 5335 3366 5405 pede
3398 5334 3572 5410 gloria

3133 5408 3358 5481 [quanta
3389 5408 3521 5461 lucc.

2100 5546 2445 5602 Autcriorem
2506 5554 2690 5601 autent
2740 5553 2950 5616 partem
3009 5547 3081 5601 ob
3119 5544 3239 5616 ejus
3274 5544 3576 5608 levitatem,
3625 5543 3702 5598 illi

2483 5713 2529 5745 ⁸ο
2560 5713 2896 5784 συναρμόζει
2927 5712 2990 5767 Β.
3071 5711 3116 5745 ⁸⁸
3143 5714 3237 5767 καὶ
3264 5712 3405 5768 πάνυ
3432 5710 3489 5765 Β.
3563 5711 3611 5743 ⁸⁸
3645 5708 3699 5762 τό

391 5768 524 5841 ἁσφ.
552 5768 800 5846 ἐδωρήθη
836 5774 893 5828 Β.
928 5777 973 5808 ⁸³
999 5776 1080 5832 ὄλ.
1111 5779 1201 5832 τοῦ
1237 5796 1377 5845 σωμ.
1419 5768 1501 5836 Βί
1564 5780 1610 5811 ⁸³
1641 5781 1699 5835 τὸ
1733 5800 1840 5837 om.
1878 5784 1938 5836 .-\.

2096 5787 2191 5839 cit.
2223 5801 2333 5840 om.
2368 5785 2406 5838 li
2440 5785 2498 5840 (ἶ.
2580 5785 2626 5817 ⁸⁵
2660 5768 2773 5841 1»ὼέ
2803 5768 2967 5841 etiam
2997 5800 3106 5840 om.
3148 5783 3184 5837 Β
3246 5783 3308 5839 C.

466 5927 542 5999 (ο)
573 5926 637 5987 ll.
677 5930 743 5999 Α,
770 5931 896 5988 588.
