4142 6512
378 446 551 509 ’ίὶῖῦ

1660 453 1749 508 DE
1788 449 2079 512 NATURA
2124 453 2427 512 HOMINIS.

3560 457 3699 517 1ὶῖίό

407 562 643 631 νητήρια
668 563 712 597 ³⁸
746 560 978 636 ὄργανα,
1021 560 1190 635 ἧγουν
1231 564 1513 637 ήγλῶσσα
1545 568 1638 620 καὶ
1689 570 1749 621 τὸ
1776 569 1876 639 τῆς
1904 586 1997 638 γο-

2110 571 2272 638 risus,
2327 569 2585 636 oli‘actus,
2653 572 2899 635 auditus,
2970 580 3165 644 gustus
3224 580 3279 627 et
3324 578 3526 627 tactus.
3583 571 3699 645 Yo-

406 652 508 723 γῆς
533 654 579 686 ⁸⁵⁸
605 655 989 725 ἀποκριτικόν.
1024 656 1197 711 Πάλιν
1227 656 1482 729 σώματος
1529 661 1780 731 κινήσεις
1824 662 1998 714 ἐτττά’

405 747 679 816 ὀργανικᾶ
703 748 804 817 μὲν
818 748 879 814 ἒξ
907 767 920 780 ·
957 750 991 821 ἡ
1031 750 1167 813 ἄνω,
1203 752 1236 822 ἡ
1271 750 1446 816 κάτω,
1487 752 1521 822 ἡ
1552 750 1684 816 ἔσω,
1709 754 1742 824 ἡ
1769 751 1999 825 δεξιά,ἠ

406 837 699 908 ἀριστερὰ,
743 842 840 894 καὶ
897 842 931 913 ἡ
989 842 1225 914 κυκλική
1255 861 1268 873 ·
1310 842 1343 914 ἦ
1399 842 1618 908 οὕτως⁹
1670 843 2000 915 γέννησις,

407 934 692 1004 αὔξησις,
724 940 991 1007 μείωσις,
1033 943 1244 1011 φθορὰ.
1269 943 1625 1009 ἀλλοίωσις,
1664 943 1999 1013 μεταϐολὴ,

409 1026 502 1078 καὶ
532 1026 774 1094 στάσις.
808 1029 880 1082 Δῖ
932 1047 994 1084 τε
1043 1031 1370 1102 ἀποκρίσεις
1402 1031 1498 1085 τοῦ
1527 1031 1786 1102 σώματος
1816 1032 1964 1085 ἑπτά
1988 1047 2002 1061 ·

408 1116 663 1188 δάκρυα.
690 1120 963 1191 μύξαιδί,
995 1123 1227 1189 σίελος.
1258 1122 1707 1194 σπέρμα,διττο“ι
1740 1138 2007 1193 περιττω-

413 1212 602 1284 μάτων
629 1216 830 1286 ὀχετοὶ,
881 1218 977 1273 καὶ
1012 1221 1041 1274 ὀ
1088 1219 1157 1274 δι’
1196 1219 1322 1275 ὅλου
1379 1218 1477 1275 τοῦ
1519 1219 1775 1292 σώματος
1803 1220 2001 1290 ἱδρώς.

413 1304 628 1379 Ὥσπερ
656 1308 714 1362 δὲ
742 1308 962 1364 πάντων
999 1311 1045 1345 ⁸⁸
1067 1312 1178 1366 τῶν
1214 1313 1274 1366 ἐν
1322 1313 1402 1385 τῷ
1429 1314 1624 1386 κόσμῳ
1665 1314 2001 1386 γενομένων,

411 1399 481 1452 τὰ
508 1399 609 1470 μὲν
637 1400 706 1454 δι’
759 1403 930 1457 ἑαυτὰ
965 1403 1161 1474 γέγονε
1191 1421 1208 1438 ·
1248 1406 1347 1460 καὶ
1376 1404 1445 1460 δι’
1498 1408 1674 1461 ἑαυτὰ
1701 1406 1768 1473 ⁸³,
1801 1406 1903 1461 καὶ
1935 1406 2002 1461 δι’

409 1486 576 1562 ἕτερα
596 1510 611 1524 ·
643 1493 827 1559 καθὼς
872 1497 931 1549 ὲν
962 1499 1079 1561 τοῖς
1125 1497 1498 1569 προλαϐοῦσιν
1545 1497 1796 1569 ἐδείχθη’
1828 1498 2006 1563 οὕτως

412 1586 510 1639 καί
547 1585 641 1669 ἐπὶ
689 1586 800 1641 τῶν
853 1587 1062 1661 μορίων
1096 1590 1193 1644 τοῦ
1240 1588 1382 1656 ζώου
1438 1588 1720 1663 εὑρήσεις,
1781 1592 1842 1646 ὲν
1892 1594 2007 1657 τοῖς

411 1675 764 1748 ἄρχουσικαὶ
792 1680 977 1745 ἐντοῖς
1004 1682 1355 1753 ἀρχομένοις.
1376 1681 1566 1739 Ταῦτα
1594 1685 1705 1757 γὰρ
1737 1702 2010 1757 προηγου-

413 1767 592 1838 μένως
622 1771 719 1825 καὶ
745 1772 889 1827 κατὰ
920 1774 1140 1846 πρῶτον
1169 1776 1328 1846 λόγον
1346 1777 1789 1832 κατεσκεύασται
1812 1794 1824 1810 ·
1850 1778 1887 1834 ἃ
1913 1778 2009 1833 καὶ

411 1862 553 1918 κατᾶ
586 1863 748 1933 φύσιν
773 1867 979 1937 κυρίως
1016 1867 1258 1938 λέγεται.

2082 665 2222 719 'eale
2274 663 2727 731 instrumentum,
2780 665 2968 737 lingua
3008 674 3126 731 est,
3193 673 3249 720 et
3301 665 3449 736 quod
3522 663 3698 736 ipsam

2103 770 2295 812 vocem
2328 756 2548 811 emittit.
2579 756 2691 812 Sed
2717 765 2772 812 et
2795 759 3045 828 corporis
3094 766 3281 814 motus
3334 762 3542 826 septem
3577 772 3702 811 esse

2105 846 2361 914 dicimus,
2404 847 2546 903 inter
2583 862 2727 918 quos
2766 848 3218 902 instrumentales
3255 862 3352 900 sex
3396 857 3702 900 connume-

2106 950 2303 995 rantur
2334 958 2347 994 :
2376 956 2623 1009 sursum,
2652 942 2937 1006 deorsum,
2957 948 3104 1021 ante,
3128 950 3299 1005 retro,
3323 940 3698 1001 dextrorsum,

2066 1032 2486 1089 'sinistrorsum
2534 1041 2590 1090 et
2634 1034 2940 1090 circularis.
2984 1031 3079 1088 Vel
3107 1033 3181 1088 ita
3219 1051 3234 1086 :
3267 1032 3572 1103 generatio,
3620 1030 3704 1085 in-

2106 1134 2450 1181 crementum
2471 1168 2486 1193 ,
2534 1125 2953 1181 decrementum
2975 1165 2992 1190 ,
3045 1125 3329 1194 corruptio
3349 1164 3364 1189 ,
3405 1118 3662 1177 alteratio
3688 1164 3700 1180 .

2106 1218 2341 1273 mutatio
2370 1226 2425 1273 et
2457 1226 2655 1275 status.
2688 1217 2795 1274 Sed
2828 1227 2882 1274 et
2916 1216 3168 1288 corporis
3198 1215 3361 1288 135.
3388 1213 3562 1270 nostri
3603 1229 3704 1267 οχ-

2106 1311 2382 1367 cretiones
2411 1320 2618 1382 septem
2656 1319 2787 1367 sunt
2824 1330 2837 1367 :
2875 1313 3131 1384 laeryma:
3156 1352 3171 1376 ,
3217 1325 3451 1372 mucus,
3495 1306 3700 1368 saliva,

2108 1417 2295 1460 semen
2316 1403 2574 1475 genitale,
2592 1413 3004 1460 excrementum
3025 1403 3260 1464 siccum,
3289 1406 3700 1456 excrementum
3770 1430 3775 1437 .

2109 1497 2431 1562 humidum,
2473 1497 2642 1553 totius
2687 1497 2940 1569 corporis
2985 1496 3177 1552 sudor.
3222 1490 3698 1561 Quemadmodum

2107 1591 2298 1659 enim,
2349 1604 2413 1646 ex
2465 1591 2726 1647 omnibus
2777 1590 2946 1646 rebus
2993 1606 3118 1661 qua:
3163 1588 3217 1643 in
3269 1600 3453 1642 rerum
3502 1588 3698 1637 natura

2109 1690 2309 1737 creata
2341 1681 2614 1747 visuntur,
2640 1681 2889 1752 quwdam
2933 1680 3017 1736 sui
3047 1694 3215 1736 causa
3239 1719 3254 1745 ,
3293 1674 3574 1731 nonnulla:
3609 1672 3695 1726 sui

2109 1782 2165 1830 et
2191 1774 2447 1841 aliorum,
2472 1782 2533 1829 ut
2560 1775 2713 1846 prius
2733 1773 3088 1839 adduximus,
3118 1778 3422 1844 procreata:
3450 1774 3599 1831 sunt,
3621 1766 3698 1820 ita

2113 1876 2169 1923 et
2196 1867 2265 1923 de
2296 1866 2551 1924 animalis
2574 1868 2825 1939 partibus
2851 1882 2976 1924 esse
2995 1867 3254 1931 dicimus,
3288 1879 3521 1935 quarum
3552 1875 3703 1933 qua:-

410 1956 535 2012 dam
563 1967 711 2023 sunt,
747 1973 869 2031 qua:
902 1962 1232 2034 principales
1267 1965 1561 2031 habentur,
1614 1967 1865 2038 quaedam
1918 1981 2050 2022 vero
2109 1979 2233 2035 quae
2284 1961 2682 2035 principalibus
2732 1965 3061 2022 inserviunt.
3115 1961 3309 2018 Partes
3358 1975 3528 2023 vero,
3578 1970 3702 2029 qua:

410 2050 775 2122 principatum
795 2055 1086 2125 quemdam
1105 2072 1136 2112 a
1157 2067 1351 2113 natura
1377 2059 1648 2127 obtinent,
1685 2061 1837 2131 prius
1866 2058 2176 2116 constituta:
2200 2067 2352 2113 sunt.

491 2140 556 2197 Ἡ
584 2142 641 2196 δὲ
671 2143 839 2215 ξανθὴ
889 2146 1046 2216 χολὴ.
1080 2148 1175 2201 καὶ
1221 2145 1290 2203 δι’
1329 2147 1531 2220 ἑαυτὴν
1565 2152 1779 2220 γέγονε,
1806 2152 1903 2204 καὶ
1926 2149 1994 2203 δι’

2172 2149 2242 2203 At
2281 2149 2433 2206 ﬂavae
2478 2150 2606 2206 bilis
2676 2147 3000 2205 constitutio
3026 2187 3041 2212 ,
3081 2153 3199 2201 tum
3250 2140 3360 2210 sui,
3402 2152 3515 2198 tum
3563 2143 3702 2199 alte-

407 2233 538 2289 ᾶλλο
561 2251 579 2268 ⁸
611 2237 705 2289 καὶ
741 2238 852 2309 γὰρ
881 2238 1018 2310 πρὸς
1050 2240 1213 2310 πέψιν
1250 2244 1499 2297 συντελεῖ
1531 2244 1602 2306 ⁸⁵,
1635 2244 1731 2298 καὶ
1764 2241 2003 2315 ὲρεθίζει

406 2326 508 2400 τὴν
536 2327 810 2400 ἔκκρισιν,
842 2330 937 2383 καὶ
969 2329 1178 2399 γίνεται
1212 2333 1417 2402 τρόπον
1456 2335 1582 2389 τινὰ
1616 2335 1725 2387 τῶν
1774 2336 2003 2405 θρεπτι-

407 2419 522 2474 κῶν
553 2421 612 2474 ἓν
639 2438 695 2475 τι
732 2421 922 2494 μόριον
955 2422 1023 2477 ⁸⁸.
1092 2423 1255 2478 Ἀλλὰ
1285 2427 1382 2479 καὶ
1431 2424 1740 2498 θερμασίαν
1771 2425 2003 2496 παρέχει

405 2513 487 2585 τῷ
512 2514 752 2585 σώματι,
802 2514 1059 2587 καθάπερ
1104 2517 1137 2588 ή
1173 2517 1384 2588 ζωτικὴ
1431 2518 1697 2590 δύναμιςο
1745 2518 2004 2590 καθαίρει

405 2607 466 2662 δὲ
497 2609 591 2663 καὶ
624 2608 685 2662 τὸ
713 2604 874 2680 αἷμα,
903 2611 1044 2684 ὅπερ
1060 2610 1128 2665 δι’
1151 2610 1281 2666 ἄλλο
1300 2610 1451 2664 δοκεῖ
1477 2628 1564 2665 πω
1575 2630 1593 2675 ;
1618 2611 1666 2643 ⁸⁸
1695 2610 2003 2680 γεγονέναι.

410 2701 522 2754 Καὶ
550 2703 579 2755 ὀ
605 2701 780 2775 σπλὴν
803 2703 880 2768 δὲ,
918 2707 1012 2758 καὶ
1038 2703 1106 2758 δι’
1125 2703 1318 2758 ἑαυτὸν
1350 2704 1568 2772 γέγονε,
1610 2705 1705 2758 καὶ
1740 2704 1807 2758 δι’
1838 2705 2002 2760 ἄλλο’

405 2790 474 2844 δι’
506 2791 700 2844 ἑαυτὸν
732 2792 850 2862 μὲν,
874 2793 959 2846 ὅτι
1002 2795 1196 2865 μόριον
1247 2791 1487 2864 ὑπάρχει
1517 2793 1628 2847 τῶν
1665 2790 2004 2865 θρεπτικῶν,

407 2882 505 2935 καὶ
548 2882 757 2955 δοχείον
781 2884 874 2939 τοῦ
912 2884 1144 2956 μέλανος
1182 2884 1392 2957 χυμοῦο
1422 2884 1511 2939 διὰ
1552 2885 1610 2940 δὲ
1672 2885 1734 2939 τὸ
1775 2887 2010 2941 ἐπισπᾶ-

410 2976 537 3031 σθαι
565 2978 635 3032 τὰ
662 2979 898 3050 περιττὰ
926 2979 1022 3033 τοῦ
1053 2978 1290 3050 ἥπατος,
1331 2979 1426 3032 καὶ
1468 2975 1580 3032 οἷον
1622 2978 2009 3052 διακαθαίρειν

408 3069 563 3134 αὐτὸ,
606 3070 675 3124 δι’
709 3070 839 3125 ἄλλο
900 3088 1020 3134 πως
1071 3070 1170 3125 καὶ
1208 3070 1374 3133 αὐτὸς
1431 3069 1731 3140 ὑφιστάναι
1760 3071 1807 3104 ’⁵⁷
1833 3069 2005 3127 δοκεῖ.

410 3163 522 3216 Καὶ
554 3164 603 3217 οἱ
634 3165 825 3235 νεφροὶ
859 3162 942 3227 δὲ,
975 3162 1072 3217 τοῦ
1104 3180 1164 3218 τε
1200 3163 1436 3233 αἵματος
1475 3163 1780 3236 καθάρσιον
1812 3160 1881 3231 ⁸⁸,
1915 3165 2013 3219 καὶ

409 3257 512 3327 τῆς
566 3257 709 3311 κατὰ
744 3255 1035 3312 συνουσίαν
1070 3254 1308 3327 ὀρέξεως
1360 3255 1547 3310 αἴτιοι.
1594 3258 1706 3310 Καὶ
1744 3258 1795 3313 οἱ
1823 3257 2013 3322 ἀδένες

370 3414 373 3417 _
407 3349 598 3422 ὀχημά
641 3352 751 3406 εἱσι
800 3352 910 3406 τῶν
935 3351 1177 3423 ἀγγείων
1203 3368 1217 3383 ·
1271 3353 1370 3407 καὶ
1423 3357 1456 3424 ὴ
1498 3352 1637 3422 σὰρξ
1678 3352 2009 3423 σκέπασμα·

411 3445 509 3498 καὶ
527 3444 591 3497 τὸ
623 3444 805 3515 δέρμα
843 3445 1049 3515 ὁμοίως
1083 3444 1407 3515 περίϐλημα
1432 3461 1447 3475 ·
1479 3444 1573 3497 καὶ
1602 3444 1672 3504 τὰ
1705 3444 1841 3497 ὀστᾶ
1874 3446 2012 3514 στή-

2109 2246 2222 2302 rius
2279 2246 2454 2317 gratia
2520 2244 2788 2309 habetur;
2845 2243 2958 2312 ipsa
3037 2241 3183 2296 enim
3246 2248 3301 2294 et
3359 2236 3699 2294 concoctioni

2106 2337 2387 2401 conducit,
2418 2345 2473 2391 et
2501 2333 2913 2390 excrementitia
2966 2330 3196 2386 materia
3227 2329 3296 2384 ab
3349 2328 3537 2383 eadem
3577 2326 3701 2382 irri-

2107 2437 2275 2493 tatur,
2333 2444 2398 2483 ae
2441 2442 2550 2483 una
2605 2439 2672 2480 ex
2732 2421 3080 2495 vegetalihus.
3130 2418 3542 2492 quodammodo
3583 2417 3698 2473 eiii-

2107 2524 2271 2579 citur.
2299 2523 2379 2577 Ad
2416 2522 2550 2581 inec.
2584 2528 2637 2575 et
2659 2519 2898 2574 calorem
2934 2517 3152 2587 corpori
3177 2556 3191 2580 ,
3226 2510 3700 2586 quemadmodum

2108 2628 2161 2671 et
2187 2616 2368 2671 vitalis
2400 2613 2634 2670 facultas
2665 2612 2927 2685 suggerit,
2964 2610 3060 2666 sed
3093 2618 3146 2664 et
3177 2604 3441 2680 purgandi
3473 2598 3700 2675 Sangui-

2113 2708 2202 2764 nis
2257 2707 2496 2764 ofﬁcium
2561 2708 2783 2777 explet,
2839 2711 2899 2760 ut
2946 2705 3018 2760 ob
3067 2703 3120 2757 id
3166 2712 3218 2757 et
3251 2696 3481 2755 alterius
3510 2711 3701 2757 causa,

2110 2803 2561 2858 constitutionem
2635 2800 2833 2856 sortita
2905 2814 3030 2854 esse
3096 2796 3374 2853 credatur.
3436 2790 3598 2862 Atqui
3650 2798 3705 2844 et

2110 2897 2253 2959 iicn,
2287 2903 2400 2949 tum
2431 2894 2515 2949 sui
2558 2893 2754 2965 gratia,
2799 2902 2915 2947 tum
2951 2891 3185 2946 aliorum
3222 2893 3546 2958 procreatus
3582 2887 3698 2938 est:

2113 2988 2198 3044 sui
2231 2986 2475 3059 Quidem,
2510 2985 2659 3057 quod
2700 3000 2806 3038 una
2836 2983 3166 3055 regetaiium
3191 2980 3452 3052 partium,
3491 2984 3545 3031 ct
3573 2984 3706 3030 atrm

2113 3080 2240 3136 bilis
2280 3078 2689 3150 receptaculum
2723 3084 2840 3142 est;
2878 3075 3024 3147 quod
3057 3084 3240 3129 autem
3284 3075 3702 3139 exsuperantem

2115 3173 2406 3245 sanguinis
2437 3172 2721 3227 materiam
2755 3168 2822 3226 ad
2859 3186 2918 3225 se
2941 3167 3191 3229 attrahit,
3220 3176 3275 3221 et
3297 3164 3476 3234 ipsum
3502 3157 3707 3228 alioqui

2114 3272 2394 3344 puriorem
2421 3270 2621 3333 reddit,
2641 3266 2709 3324 ad
2734 3269 2839 3324 hoc
2864 3265 3023 3339 quasi
3054 3276 3107 3321 et
3140 3264 3376 3319 aliorum
3401 3275 3566 3315 causa
3594 3259 3709 3329 ipse

2116 3363 2449 3420 constitutus
2507 3361 2741 3417 videtur.
2796 3358 2862 3413 Et
2899 3374 3060 3414 rencs
3093 3357 3195 3428 ipsi
3234 3350 3538 3425 depurandi
3574 3365 3708 3405 san.

2118 3455 2305 3526 guinis
2338 3453 2528 3508 munia
2563 3451 2819 3526 explent,
2849 3458 2904 3506 ct
2944 3447 3207 3505 desiderii
3249 3443 3485 3501 coeundi
3538 3456 3708 3499 causa

413 3550 622 3606 ριγμα·
662 3536 758 3588 καὶ
798 3538 847 3589 οἱ
884 3532 1078 3606 ὄνυχες
1114 3537 1276 3607 χάριν
1309 3533 1406 3589 τοό
1437 3535 1763 3607 κνήθεσθαι,
1800 3537 1899 3590 καὶ
1929 3536 2009 3601 εἰς

2117 3545 2408 3602 exsistunt.
2443 3543 2575 3602 item
2609 3545 2793 3601 carnis
2824 3541 3196 3600 revolutioncs
3216 3580 3231 3606 ,
3260 3538 3312 3594 id
3341 3549 3426 3594 est
3452 3532 3706 3601 tonsillae,

411 3628 728 3699 ἀντίληψιν·
768 3631 863 3683 καὶ
895 3630 950 3683 ai
984 3631 1172 3701 τρίχες
1191 3631 1397 3700 ὁμοίως
1430 3632 1510 3694 εἰς
1545 3630 1762 3699 σκέπην
1783 3630 1880 3683 καὶ
1918 3630 2012 3684 κό-

414 3733 588 3791 σμον·
636 3721 686 3775 οἱ
724 3721 997 3793 ὀφθαλμοὶ
1037 3723 1127 3777 διὰ
1179 3724 1279 3795 τὴν
1315 3722 1513 3795 ὅρασιν
1536 3738 1551 3753 ⁸
1600 3723 1672 3777 τὰ
1710 3717 1828 3778 ὦτα
1851 3725 2033 3797 χάριν.

413 3814 515 3885 τῆς
548 3816 722 3887 ἀκοῆς
745 3832 760 3848 ’
793 3816 825 3888 ή
859 3817 945 3890 ῥὶς
977 3816 1065 3872 διὰ
1092 3818 1192 3890 τὴν
1220 3817 1500 3889 ἀναπνοὴν
1535 3817 1632 3872 καὶ
1669 3816 1770 3890 τὴν
1797 3817 2010 3891 ὀσφρη-

416 3923 501 3963 σιν
526 3925 540 3940 ·
574 3911 602 3963 ὁ
641 3909 827 3982 θώραξ
858 3911 948 3966 διὰ
1002 3910 1106 3984 τὴν
1157 3909 1262 3983 τῆς
1295 3910 1526 3982 καρδίας
1571 3910 1885 3984 ὑπηρεσίαν
1909 3929 1924 3945 ο
1957 3912 2012 3967 αἱ

414 4004 597 4076 χεῖρες
626 4004 713 4059 διὰ
751 4007 850 4070 τὰς
898 4005 1196 4078 εἰρημένας
1226 4005 1416 4078 χρείας
1437 4021 1452 4037 ο
1508 4008 1607 4061 καὶ
1633 4007 1682 4060 οἱ
1730 4005 1893 4068 πόδες
1924 4004 2015 4060 διὰ

413 4099 515 4170 τὴν
556 4098 862 4168 μετάὸασιν
887 4111 901 4130 ⁶
941 4101 974 4170 ἡ
1017 4100 1244 4169 γλῶσσα
1294 4098 1385 4154 διὰ
1414 4095 1517 4172 τὴν
1566 4099 1761 4155 λαλιάν
1786 4099 1856 4153 δ’.
1901 4098 2014 4172 Τὴν

414 4189 672 4261 γλῶσσαν
693 4191 751 4246 δὲ
773 4191 863 4247 διὰ
898 4192 961 4247 τὸ
993 4192 1269 4265 προπετὲς
1308 4193 1483 4265 αὐτῆς
1531 4193 1628 4248 καὶ
1674 4190 2011 4263 ἀφύλακτον,

416 4285 512 4340 καὶ
543 4284 686 4340 ὥστε
719 4284 794 4357 μὴ
829 4286 1158 4360 προτρέχειν
1183 4287 1288 4358 τῆς
1310 4286 1574 4354 διανοίας,
1606 4286 1810 4352 δισσῶς
1842 4287 2014 4357 αὐτὴν

414 4376 785 4449 ἠσφαλίσατο·
819 4380 919 4450 τὴν
948 4379 1057 4433 τῶν
1079 4379 1311 4433 ὀδόντων
1334 4378 1652 4450 πυκνότητα
1689 4379 1880 4452 ὥσπερ
1908 4396 2014 4450 φυ-

415 4468 590 4542 λακὴν
625 4471 658 4544 ἢ
694 4473 902 4544 τειχίον
933 4471 1074 4544 αὑτῇ
1120 4472 1448 4543 ἐπιστήσας,
1477 4472 1575 4526 καὶ
1614 4472 1683 4526 τὰ
1727 4472 1883 4545 χείλη
1921 4470 2016 4526 θυ-

419 4563 641 4635 ροῦντα,
668 4566 767 4619 καὶ
812 4568 870 4619 ἐν
901 4568 1131 4637 περιοχῇ
1181 4564 1386 4634 ταύτην
1420 4564 1783 4635 φυλάττοντα,
1823 4566 1910 4620 ἵνα
1938 4565 2015 4639 μὴ

417 4657 628 4721 ἁπλῶς,
676 4658 773 4712 καὶ
827 4658 903 4721 ὡς
941 4656 1133 4730 ἔτυχεν
1162 4658 1208 4692 ⁵⁸³
1260 4657 1595 4728 φθέγγηται,
1647 4659 1759 4713 Καὶ
1793 4659 2012 4726 ἁπαξα·

417 4747 569 4812 πλῶς
610 4749 679 4816 ⁸¹,
709 4749 864 4803 οὐδὲν
911 4750 1066 4818 παρὰ
1126 4748 1330 4804 σκοπὸν
1375 4747 1409 4821 ἢ
1457 4747 1692 4821 ἁνεργὲς
1724 4750 1879 4824 παρὰ
1914 4751 2013 4806 τοῦ

414 4840 678 4897 δεσπότου
702 4840 1190 4913 δεδημιούργηται.

2120 3640 2348 3695 vascula
2394 3638 2510 3710 ipsa
2544 3655 2669 3710 qum
2703 3637 2756 3692 in
2793 3651 3025 3707 corpore
3052 3641 3240 3690 nostro
3279 3642 3406 3688 sunt
3449 3643 3709 3701 superre-

2116 3734 2296 3799 niunt,
2327 3746 2459 3787 caro
2494 3744 2624 3786 vero
2656 3745 2756 3801 pro
2791 3727 3062 3785 velamine
3090 3734 3194 3791 est,
3227 3722 3282 3779 al
3321 3720 3460 3779 cutis
3507 3735 3713 3791 propu—

2120 3824 2365 3898 gnaculi,
2397 3841 2523 3881 ossa
2553 3839 2682 3879 vero
2717 3820 3051 3877 ﬁrmamenti
3092 3818 3267 3875 vicem
3306 3813 3527 3887 explent
3552 3854 3568 3879 ,
3609 3826 3709 3866 un-
3760 3818 3765 3821 '

2103 3915 2251 3991 gues
2282 3916 2560 3989 scalpendi
2587 3915 2950 3989 capicndique
2985 3930 3075 3970 res
3098 3913 3274 3985 gratia
3306 3909 3604 3966 exsistunt.
3628 3903 3709 3958 Ad

2104 4006 2255 4071 inec.
2284 4012 2381 4083 pili
2426 4011 2532 4082 ipsi
2562 4026 2671 4065 non
2708 4009 2872 4065 modo
2941 4002 3240 4079 tegumenti
3270 4017 3436 4058 causa
3460 4042 3475 4067 ,
3516 4012 3706 4053 verum

2104 4106 2280 4160 etiam
2300 4103 2518 4160 deceris
2533 4110 2685 4169 sunt;
2709 4100 2878 4167 oculi,
2904 4101 2981 4156 uti
3007 4096 3150 4156 visui
3184 4096 3506 4161 inserviant;
3527 4106 3710 4157 aures,

2106 4198 2192 4253 'ob
2225 4198 2506 4265 auditum;
2536 4211 2879 4268 nasus;quo
2909 4191 3260 4265 respirationi
3284 4198 3338 4244 et
3370 4185 3595 4243 olfactui
3635 4184 3714 4236 fa-

2118 4289 2358 4345 muletur
2388 4306 2403 4342 :
2438 4290 2634 4345 thorax
2661 4327 2676 4354 ,
2712 4295 2773 4344 ut
2820 4285 3005 4344 cordis
3044 4281 3313 4340 inserviat
3366 4275 3710 4339 ministerio;

2122 4397 2344 4447 manus,
2378 4382 2456 4436 uti
2487 4397 2584 4437 eos
2616 4395 2758 4451 quos
2787 4376 3032 4434 diximus
3063 4392 3197 4433 usus
3218 4373 3492 4445 expleant.
3519 4367 3712 4432 Pedes,

2121 4474 2197 4530 uti
2251 4473 2319 4529 ad
2373 4474 2664 4529 transitum
2698 4470 3042 4536 suilicereut,
3079 4469 3412 4525 constitutos
3437 4479 3561 4518 esse
3598 4476 3718 4531 per-

2118 4574 2367 4636 spectum
2410 4565 2662 4621 habetur.
2699 4564 2970 4636 Linguam
3022 4569 3206 4616 autem
3239 4558 3414 4629 ipsam
3461 4554 3533 4608 ob
3564 4553 3717 4607 iocu-

2120 4661 2347 4726 ti0nem,
2375 4656 2469 4714 sed
2494 4666 2549 4712 et
2580 4657 2652 4712 ob
2684 4657 2804 4727 ejus
2838 4655 3200 4728 petulantiam
3226 4694 3240 4719 ,
3287 4660 3341 4706 ct
3382 4647 3529 4721 quod
3563 4661 3719 4702 com-

2118 4753 2267 4822 pesci
2299 4751 2592 4807 diilieulter
2613 4760 2801 4821 queat,
2834 4761 2889 4806 et
2920 4767 2987 4806 ne
3009 4749 3396 4819 cogitationem
3423 4739 3715 4815 praced'at.

2118 4848 2340 4916 gemino
2380 4855 2536 4916 septo
2589 4860 2846 4902 coercere
2905 4856 3117 4901 natura:
3165 4843 3344 4896 visum
3388 4848 3512 4901 est,
3545 4837 3719 4888 altero

416 4938 681 5007 quidem,
730 4937 975 4993 dentium
1028 4937 1419 5009 spissitudine,
1467 4936 1669 5010 quibus
1730 4955 1852 4995 eam
1912 4941 2057 4996 muri
2114 4941 2234 4999 vice
2268 4939 2426 5014 135
2462 4941 2881 5013 circumsepsit,
2939 4940 3112 4995 altero
3142 4936 3411 4992 iahiorum
3452 4947 3575 5003 qua:
3622 4944 3719 4983 cu-

417 5034 612 5091 stodia:
645 5033 789 5105 ejus,
820 5050 920 5090 ceu
959 5034 1141 5089 aeditui
1172 5034 1460 5102 assistunt,
1490 5034 1791 5106 quominus
1813 5045 2042 5104 temere,
2064 5047 2229 5110 atque
2263 5047 2322 5093 ut
2368 5054 2493 5094 sors
2556 5038 2773 5103 tulerit,
2816 5036 2869 5090 in
2918 5034 3083 5090 verba
3155 5035 3496 5102 prorumpat.
3550 5021 3613 5076 Et
3661 5033 3719 5075 ut

416 5126 472 5184 in
507 5144 778 5184 summam
819 5128 886 5184 de
919 5126 1193 5185 universis
1223 5128 1511 5195 dicamus,
1554 5129 1689 5184 nihil
1735 5146 1766 5186 a
1818 5146 2004 5187 rerum
2035 5133 2231 5205 opiiiee
2259 5141 2488 5201 temere,
2517 5143 2571 5188 et
2608 5132 2755 5203 quod
2794 5130 2981 5201 aliqua
3023 5125 3182 5183 ollicii
3231 5122 3513 5178 iunctione
3537 5121 3715 5170 vacet.

418 5231 764 5293 procreatum
803 5230 908 5277 est.

486 5314 675 5367 Ταῦτα
711 5311 806 5368 οὖν
860 5314 1039 5369 πάντα
1082 5314 1178 5368 καὶ
1233 5315 1302 5369 τὰ
1340 5315 1505 5370 λοιπὰ
1529 5312 1573 5348 ⁸⁵
1606 5312 1701 5370 τοῦ
1756 5312 2017 5388 σώματος
2050 5319 2093 5375 D

422 5403 588 5479 μόρια
615 5406 738 5481 τότε
765 5407 1034 5475 ὑγιαίνειν
1057 5405 1199 5460 αὖτὰ
1221 5409 1315 5462 καὶ
1346 5404 1530 5472 καλῶς
1564 5405 1709 5480 ἔχειν
1742 5408 2009 5481 λέγομεν,

419 5497 550 5552 ὅταν
581 5497 882 5570 εὐκρασίαν
941 5499 1043 5569 μὲν
1086 5499 1189 5572 ἔχῃ
1236 5503 1295 5554 ἐν
1350 5502 1462 5565 τοῖς
1513 5501 1873 5574 ὁμοιομερέσι
1913 5505 2012 5559 καὶ

421 5588 613 5653 ἁπλοῖς
632 5605 647 5621 '
663 5591 1020 5663 συμμετρίων
1043 5591 1101 5645 δὲ
1123 5591 1169 5624 ⁸³
1197 5592 1257 5644 ἐν
1278 5595 1391 5657 τοῖς
1421 5592 1700 5655 συνθέτοις
1719 5593 1816 5646 καὶ
1839 5595 2014 5665 ὀργα-

496 5772 539 5805 ⁶⁹
583 5773 869 5847 φωνητικὰ
904 5773 998 5847 Βη
1044 5775 1307 5847 πφωνῆς

423 5843 470 5877 ⁸⁸
519 5843 723 5913 μορίων
747 5843 790 5897 Β
822 5844 880 5898 Ρ.
955 5845 1000 5876 ⁸⁸
1033 5846 1147 5909 πῶς
1187 5843 1333 5899 δοκεῖ
1363 5846 1420 5899 Β.

420 5912 466 5948 ’ί
491 5914 793 5980 ἁπαξπλῶς
816 5916 880 5971 Α.
959 5918 1003 5949 ⁵³
1024 5919 1116 5971 καὶ
1140 5918 1315 5970 πάντα
1344 5918 1409 5970 τὰ
1431 5917 1482 5972 λ,
1507 5916 1564 5971 Β.
1639 5919 1686 5950 ⁵³
1710 5917 1767 5971 δὲ
1788 5935 1899 5972 orn.
1922 5916 1980 5973 Β.

1486 5775 1529 5807 ⁵¹
1565 5776 1717 5842 μῖξαι
1741 5776 1804 5831 Λ.

1888 5776 1931 5807 θ’
1974 5778 2069 5831 καὶ
2119 5778 2340 5833 πάντων
2378 5779 2439 5833 Β.

1521 5847 1564 5877 ’⁵⁷
1600 5848 1897 5911 ὑφεστάναι
1923 5847 1961 5897 Β
2007 5848 2065 5906 Ρ.

2196 5308 2307 5370 llas
2335 5321 2518 5370 autem
2543 5328 2737 5369 «mines
2769 5320 2823 5368 et
2845 5310 3089 5381 reliquas
3121 5307 3290 5362 latius
3317 5303 3565 5375 corporis
3590 5318 3718 5374 par-

2126 5417 2207 5464 tes
2228 5449 2242 5474 ,
2298 5418 2429 5464 tunc
2477 5418 2624 5463 recte
2658 5406 2876 5472 valere,
2916 5420 2982 5461 ac
3008 5418 3134 5460 esse
3164 5399 3437 5472 perfectas
3455 5396 3715 5461 dicimus,

2123 5517 2250 5557 cum
2284 5496 2551 5555 similaria
2576 5515 2641 5554 ac
2662 5498 2934 5568 simplicia
2951 5497 3158 5553 bonum
3197 5498 3714 5562 temperamentum,

2124 5594 2429 5665 composita
2458 5608 2588 5648 vero
2614 5608 2682 5647 ac
2718 5589 3162 5647 instrumentalia
3194 5587 3537 5643 moderatum
3575 5583 3720 5639 ordi-

2518 5777 2564 5810 ⁸³
2596 5776 2665 5830 τὰ
2712 5776 2769 5830 δὲ
2814 5776 2882 5829 δι’
2925 5777 3096 5832 ἑαυτὰ
3144 5776 3208 5830 Β.
3284 5775 3328 5807 ³⁸
3360 5775 3614 5845 συνεργεῖ
3653 5772 3713 5845 Β.

2171 5849 2213 5881 ⁷⁵⁸
2251 5849 2376 5905 καο.
2430 5851 2537 5904 εἰσὶ
2572 5849 2611 5900 Β
2638 5847 2702 5902 Ρ.
2799 5847 2844 5881 ⁸⁵³
2873 5848 2987 5904 h:l:c
3012 5868 3119 5904 um.
3160 5850 3222 5902 Α.
3326 5847 3371 5879 ⁵⁰
3395 5841 3552 5917 ἔτυχε
3579 5842 3617 5897 Β
3651 5841 3712 5900 ι’.
