4142 6472
498 408 638 466 1⁸2³15

1730 413 2013 471 υειετιι
2056 410 2366 469 MONACIII

3622 414 3643 469 Ι
3656 412 3769 473 376

494 543 620 583 nem
691 529 999 583 sortiuntur
1033 546 1047 583 :
1078 528 1390 601 siquidem,
1445 545 1572 587 cum
1627 531 2072 588 instrumentales

2178 516 2368 592 νικοῖς.
2417 527 2514 582 Ἐκ
2544 527 2654 600 γὰρ
2675 527 2785 582 τῶν
2811 527 3159 599 ὁμοιομερῶν
3189 526 3529 599 συγκείμενα
3565 528 3638 611 τά
3675 529 3767 600 όρο

495 625 677 687 partes
698 634 765 674 ex
789 619 1126 676 similarihus
1158 621 1473 691 composita:
1508 621 1638 685 sint,
1661 639 1850 679 eorum
1891 634 1945 679 et
1975 624 2073 678 mi-

494 708 782 765 nisterium
842 712 1106 766 sentiunt.
1149 710 1308 767 Verbi
1354 713 1528 783 gratia
1561 753 1576 779 ,
1637 730 1735 770 cor
1767 754 1784 781 ,
1812 731 1938 771 cum
1987 716 2072 770 in-

497 801 878 858 slrumentalis
905 820 1031 873 pars
1051 842 1066 864 .
1111 803 1277 859 totius
1307 804 1555 872 corporis
1595 806 1752 874 origo
1780 817 1833 861 et
1870 797 2074 877 princi-

496 893 646 963 pium
670 892 762 960 sit,
787 896 1002 950 arteria:
1024 910 1090 950 ac
1129 895 1322 949 thorax
1358 894 1435 949 illi
1476 894 1806 963 inserviunt,
1841 913 1970 953 nam
1999 897 2073 953 al)

497 983 716 1038 arteriis
743 992 915 1038 totum
941 999 1144 1054 corpus
1167 984 1490 1055 sanguinem
1528 985 1662 1052 sibi,
1694 1002 1760 1042 ac
1792 987 2070 1059 spiritum,

496 1088 618 1142 qua:
639 1088 670 1127 a
704 1073 869 1128 corde
890 1082 1217 1144 suggerunt,
1248 1074 1492 1130 vindicat
1520 1094 1535 1131 :
1568 1077 1765 1132 thorax
1799 1094 1951 1145 vero,
1984 1080 2073 1136 sui

495 1164 919 1233 compressione.
937 1164 1380 1236 dilatationeque,
1397 1183 1592 1237 purum
1606 1184 1786 1225 aerem
1805 1170 1871 1225 ad
1890 1170 2070 1241 ipsum

494 1270 591 1308 cor
641 1255 896 1313 demittit.
944 1256 1182 1313 Cerebro
1238 1258 1427 1329 utique
1473 1260 1626 1315 nervi
1675 1271 1730 1317 et
1765 1261 1915 1318 dorsi
1957 1277 2074 1316 me-

494 1345 663 1412 dulla,
716 1332 949 1417 jecinori
1000 1364 1192 1415 venae,
1236 1350 1468 1407 testibus
1524 1352 1819 1408 seminales
1855 1362 2073 1409 meatus

398 1424 401 1429 ’
496 1434 853 1493 famulantur.
882 1436 1008 1496 Haec
1036 1442 1182 1496 enim
1210 1443 1456 1512 corporis
1489 1442 1775 1513 principia,
1798 1453 1853 1499 et
1879 1444 2073 1500 dicun-

496 1537 613 1592 tur,
666 1541 722 1585 et
773 1541 933 1596 sunt,
985 1543 1045 1589 ut
1086 1534 1237 1604 prius
1295 1535 1639 1592 ostendimus
1681 1538 2073 1608 :cartilagines

495 1632 700 1689 autem,
724 1639 844 1693 quae
868 1640 965 1694 per
988 1632 1161 1681 totum
1196 1642 1396 1698 corpus
1418 1637 1567 1694 sunt,
1588 1644 1818 1699 corpora
1851 1630 2072 1686 ossibus

494 1713 743 1769 molliora
770 1755 785 1780 ,
823 1718 1085 1773 carnibus
1136 1734 1265 1774 vero
1316 1719 1474 1790 longe
1507 1720 1738 1775 sicciora
1777 1721 2069 1776 habentur.

493 1804 565 1859 At
593 1806 777 1861 carnis
809 1810 1201 1874 revolutiones,
1236 1824 1332 1866 seu
1364 1812 1597 1867 tonsilla:
1631 1815 1922 1882 spongiosa
1952 1830 2075 1868 cor-

2171 619 2377 690 γανικά
2430 618 2538 673 ὑπὸ
2588 619 2795 674 τούτων
2833 621 3212 693 ὑπηρετεῐται.
3259 615 3421 686 οἷον,
3469 622 3505 691 η
3561 622 3767 693 καρδία

2171 711 2316 781 ἀρχή
2355 712 2473 763 ἱστι
2503 709 2600 763 τοῦ
2629 709 2907 782 σώματος,
2946 714 3043 766 καὶ
3079 712 3406 783 ὁργανικόν·
3453 712 3769 784 ὑπηρετοῦ-

2174 815 2260 854 σιν
2284 800 2379 854 οὗν
2406 801 2544 872 αὐτῇ
2584 801 2850 872 ἀρτηρίαι
2895 802 2992 856 καὶ
3041 800 3247 872 θώραξ.
3318 802 3612 873 ’Δρτηρίαι
3660 800 3766 871 μὲν

2172 891 2509 962 χορηγοῦσαι
2534 892 2614 965 τῷ
2653 893 2821 947 παντὶ
2843 893 3062 965 σώματι
3090 890 3254 968 αἷμα,
3304 896 3399 949 καὶ
3437 894 3659 967 πνεῦμα
3698 894 3767 947 τὸ

2173 984 2233 1051 se
2261 984 2432 1054 αὐτῆς
2462 1000 2477 1016 ο
2509 985 2694 1056 θώραξ
2720 984 2799 1051 δὲ,
2822 986 2912 1040 διά
2941 987 3041 1057 τῆς
3060 988 3328 1059 συστολῆς
3355 988 3450 1042 καὶ
3470 987 3767 1056 διαστολῆς

2173 1076 2484 1144 ἐπεισάγων
2529 1077 2668 1147 αὐτῇ
2691 1078 2739 1110 ⁸⁸
2772 1078 2911 1149 ἀέρα
2964 1079 3227 1151 καθαρόν.
3273 1080 3571 1151 Ὑπηρετεῖ
3617 1080 3679 1133 δὲ
3711 1079 3765 1112 ³⁵

2175 1166 2482 1236 ἐγκεφάλου
2517 1167 2586 1220 τά
2620 1167 2809 1240 νεῦρα,
2851 1167 2947 1221 καὶ
2979 1169 3009 1221 6
3040 1171 3296 1233 νωτιαϊος
3321 1186 3336 1201 ·
3368 1170 3545 1241 ἥπατι
3587 1170 3667 1235 δὲ,
3701 1172 3765 1225 αι

2174 1255 2369 1325 φλέϐες
2384 1273 2398 1288 ”
2418 1260 2535 1321 τοῖς
2558 1258 2615 1311 δὲ
2643 1257 2885 1329 ὄρχεσιν,
2907 1260 2957 1312 oi
2981 1262 3355 1331 σπερματικοὶ
3374 1261 3555 1333 πόροι.
3573 1260 3762 1315 Ταῦτα

2172 1347 2284 1418 γάρ
2309 1349 2476 1419 ἀρχαὶ
2516 1347 2613 1403 τοῦ
2647 1350 2906 1421 σώματος
2952 1352 3050 1406 καὶ
3098 1351 3147 1385 ⁸⁸
3175 1352 3450 1422 λέγονται,
3487 1354 3585 1408 καὶ
3628 1355 3760 1417 είσὶ,

2175 1436 2357 1499 καθὼς
2387 1437 2673 1508 ὶδείξαμεν
2712 1438 2941 1494 ὄπισθεν
2967 1440 3013 1472 ³⁷
3034 1457 3049 1472 ο
3081 1442 3131 1494 oi
3154 1441 3211 1495 δὲ
3245 1442 3390 1496 κατά
3420 1442 3623 1505 παντὸς
3660 1442 3763 1496 τοῦ

2176 1530 2428 1601 σώματος
2466 1531 2704 1603 χόνδροι,
2744 1530 2976 1603 σώματα
3024 1533 3155 1601 εἰσὶ,
3188 1533 3283 1588 τοῦ
3319 1535 3421 1605 μὲν
3448 1535 3610 1588 ὀστοῦ
3658 1552 3767 1604 μα-

2171 1621 2481 1693 λακώτερα,
2517 1621 2620 1693 τῆς
2646 1622 2706 1675 δὲ
2740 1624 2945 1695 σαρκὸς
2966 1624 3340 1696 διαφερόντως
3371 1624 3664 1696 ξηρότερα.
3698 1626 3769 1680 Οἱ

2172 1713 2229 1767 δὲ
2251 1713 2456 1779 ἀδένες,
2495 1713 2728 1786 σώματα
2756 1715 3051 1787 σπογγώδη
3096 1716 3228 1782 είσὶ,
3278 1716 3377 1769 τοῦ
3411 1716 3509 1785 μιν
3536 1716 3769 1787 χόνδρου

2176 1804 2569 1877 μαλακώτερα,
2624 1807 2971 1878 σκληρότερα
3021 1806 3077 1861 δὲ
3101 1809 3206 1878 τῆς
3238 1807 3463 1878 σαρκός.
3495 1807 3771 1876 Διάφορος

494 1912 626 1964 pora
656 1907 818 1963 sunt,
854 1916 977 1971 qua:
1006 1903 1327 1974 cartilagine
1360 1904 1581 1974 quidem
1622 1904 1738 1975 ipsa
1795 1906 2066 1971 iiiolliora,

2181 1895 2239 1948 δὲ
2271 1894 2479 1950 τούτων
2509 1897 2543 1967 ἡ
2576 1896 2759 1967 χρεία.
2788 1898 2852 1951 Ol
2883 1897 2984 1968 μὲν
3018 1897 3126 1968 γάρ
3154 1897 3276 1950 ἀντὶ
3307 1896 3531 1965 στοιΰῆς
3565 1896 3775 1966 ὲτάγη-

494 1990 741 2044 carnium
790 2007 919 2047 vero
965 2002 1160 2048 natura
1208 1995 1373 2065 paulo
1418 1995 1643 2050 duriora
1685 2007 1833 2061 sunt,
1874 1996 2070 2052 harum

492 2081 696 2152 quippe
752 2099 888 2141 usus
941 2086 1190 2142 diversus
1236 2088 1486 2143 habetur.
1544 2087 1679 2143 Nam
1714 2091 1962 2159 qumdmn
2004 2108 2072 2145 ex

494 2180 647 2250 ipsis,
674 2184 885 2248 mediae,
914 2184 1052 2239 inter
1099 2186 1321 2241 vascula
1365 2202 1488 2256 qua:
1520 2201 1691 2243 venas
1730 2191 2073 2258 arteriasque

497 2273 866 2342 appellamus,
902 2276 1245 2342 consistunt,
1292 2278 1541 2349 quaedam
1569 2294 1722 2342 vero,
1758 2295 1855 2335 ceu
1895 2282 2076 2337 cubile

495 2362 631 2431 ipsis
664 2363 972 2434 subjacent.
994 2366 1146 2423 Alias
1176 2366 1329 2434 item,
1361 2367 1628 2424 obeunda:
1654 2369 1887 2439 alicujus
1908 2372 2077 2426 actio-

493 2455 580 2510 nis
612 2472 778 2511 causa
823 2467 1019 2514 natura
1060 2461 1307 2529 protulit,
1343 2470 1402 2516 ut
1430 2477 1552 2530 quae
1583 2461 1634 2516 in
1664 2463 1878 2533 papillis
1910 2472 2077 2531 sunt,

491 2562 730 2616 quarum
759 2548 937 2606 ollicio
990 2553 1216 2623 sanguis
1239 2553 1292 2608 in
1325 2553 1410 2607 lac
1436 2564 1827 2611 commutatur.
1854 2556 1925 2611 At
1952 2557 2077 2612 alia:

494 2642 548 2693 in
596 2642 826 2698 testibus
875 2651 1032 2708 sunt,
1085 2661 1208 2715 quae.
1252 2645 1489 2717 genitale
1531 2662 1714 2702 semen
1759 2648 2071 2719 perﬁciunt.

496 2731 637 2787 Sunt
669 2742 725 2788 et
750 2733 803 2788 in
850 2735 967 2791 oris
1008 2738 1279 2807 angustiis
1324 2738 1555 2793 tonsillae
1602 2739 1755 2807 aliae,
1797 2755 1828 2795 a
1873 2741 2076 2809 quibus

494 2821 666 2877 saliva
707 2825 1021 2880 necessario
1049 2828 1424 2882 constituitur.
1461 2827 1526 2883 Et
1571 2830 1831 2899 quoniam
1867 2831 2075 2884 vocali-

492 2912 599 2968 bus
647 2913 1060 2982 instrumentis,
1104 2933 1171 2971 ex
1194 2918 1416 2972 assiduo
1446 2927 1593 2973 motu
1620 2919 2074 2985 siccescentibus,

496 3014 599 3053 vox
622 2998 968 3073 intercipi,et
990 3019 1125 3059 usus
1143 3005 1431 3060 verborum
1462 3007 1692 3064 deﬁcere
1724 3008 1887 3075 solet,
1912 3008 2077 3081 hujus

496 3092 696 3161 gratia,
735 3094 968 3149 musculi
1002 3097 1097 3167 qui
1124 3097 1386 3153 salivares
1407 3099 1665 3155 dicuntur
1689 3116 1813 3155 cum
1843 3102 2078 3158 tonsillis

499 3183 554 3237 in
602 3199 699 3240 ore
740 3186 1090 3251 consistunt,
1123 3200 1183 3243 ut
1214 3196 1332 3244 toto
1359 3205 1454 3245 ore
1483 3191 1553 3245 ab
1582 3190 1718 3262 ipsis
1744 3192 2073 3258 humectato,

495 3287 689 3346 aspera
712 3281 914 3333 arteria
934 3282 999 3336 ad
1020 3281 1268 3337 eamdem
1286 3296 1497 3344 vocem,
1530 3299 1595 3337 ac
1626 3285 1895 3340 sermonis
1916 3300 2077 3339 usum

497 3367 737 3438 vegetior
803 3371 1189 3441 actuosiorque
1237 3372 1517 3428 reddatur.
1580 3372 1698 3429 Nisi
1743 3375 1888 3431 enim
1951 3375 2082 3430 huic

2184 2004 2284 2040 σαν
2313 1983 2453 2041 εἶναι
2488 1987 2694 2057 μεταξὺ
2725 1988 2835 2041 τῶν
2868 1988 3139 2058 ἀγγείωνο
3168 1989 3220 2042 oi
3249 1988 3306 2043 δὲ
3335 1987 3774 2059 ὑπεστρώθησαν

2181 2082 2295 2144 τοῖς
2324 2078 2588 2149 ἀγγείοις,
2618 2077 2731 2134 οἷον
2760 2080 2923 2150 φλεψὶ
2949 2082 3047 2134 καὶ
3072 2081 3370 2152 ἀρτηρίαις
3388 2097 3403 2112 ο
3427 2081 3578 2135 ἄλλοι
3597 2080 3656 2133 δὲ
3674 2081 3775 2133 καὶ

2182 2173 2347 2244 χάριν
2427 2173 2714 2244 ἐνεργείας
2785 2174 3076 2242 ὲγένοντο,
3132 2173 3324 2245 ὥσπερ
3385 2176 3436 2227 ol
3511 2177 3571 2227 ὲν
3650 2175 3776 2235 τοῖς

2180 2266 2385 2329 τιτθοῖς
2405 2266 2451 2298 ⁵⁸
2477 2266 2527 2319 οἳ
2559 2265 2621 2319 τὸ
2650 2258 2789 2336 αἷμα
2821 2266 2903 2328 είς
2939 2265 3001 2319 τὸ
3032 2266 3077 2298 ³⁸
3107 2265 3253 2335 γάλα
3285 2266 3728 2337 μεταϐάλλουσιν
3757 2282 3771 2294 ο

2181 2359 2277 2412 καὶ
2308 2357 2358 2412 oi
2390 2359 2448 2411 ἐν
2477 2360 2591 2422 τοῖς
2620 2357 2861 2428 ὄρχεσιν,
2894 2358 2945 2412 οἶ
2976 2357 3195 2413 ποιοῦσι
3217 2359 3279 2411 τὸ
3307 2358 3530 2430 σπέρμα
3550 2375 3565 2389 ο
3594 2358 3690 2411 καὶ
3718 2360 3776 2412 oi

2180 2452 2240 2503 ἐν
2265 2453 2379 2511 τοῖς
2410 2450 2787 2519 παρισθμίοις,
2812 2450 2862 2504 οἳ
2896 2451 2987 2505 τὸν
3021 2450 3197 2505 σίελον
3231 2450 3549 2518 ἀναγκαίως
3580 2449 3777 2503 ποιοῦ-

2183 2559 2287 2599 σιν.
2328 2542 2547 2613 Ἐπειδὴ
2581 2543 2692 2613 γάρ
2722 2546 2785 2596 ὲκ
2815 2545 2918 2613 τῆς
2952 2540 3212 2613 συνεχοῦς
3261 2542 3533 2613 κινήσεως
3555 2542 3625 2595 τά
3654 2559 3779 2609 φω-

2181 2632 2381 2702 νητικά
2405 2632 2615 2703 ὄργανα
2638 2632 3008 2703 ξηραινόμενα
3034 2632 3157 2703 ίστᾷ
3180 2633 3283 2699 τὴν
3307 2633 3515 2704 φωνὴν,
3544 2633 3641 2686 καὶ
3667 2633 3777 2703 τὴν

2180 2724 2400 2794 ὁμιλίαν
2424 2725 2729 2796 διακρατεῖ,
2759 2724 2953 2778 τούτου
2971 2723 3133 2795 χάριν
3165 2725 3215 2777 οἱ
3239 2724 3471 2777 σιελίται
3505 2724 3641 2793 μῦες
3669 2726 3779 2779 σὺν

2181 2814 2364 2869 ἀδέσιν
2419 2814 2583 2883 ἐντὸς,
2600 2814 2696 2868 τοῦ
2740 2815 3011 2886 στόματος
3044 2816 3089 2847 ⁸⁸
3132 2817 3346 2869 κεῖνται
3374 2816 3442 2877 σί,
3470 2815 3557 2869 ἵνα
3595 2815 3777 2869 καθυ-

2183 2907 2497 2979 γραινουσιν
2524 2908 2568 2940 ⁵³
2597 2908 2722 2961 ὅλον
2756 2906 2818 2959 τὸ
2847 2910 3024 2977 στόμα
3058 2907 3153 2961 καὶ
3185 2906 3286 2977 τὴν
3307 2908 3597 2978 ἀρτηρίαν,
3635 2907 3780 2977 πρὸς

2184 3001 2524 3069 ἐκφωνήσεις
2553 3000 2651 3052 καὶ
2681 2998 2922 3070 ὁμιλίας,
2963 2997 3060 3052 καὶ
3098 2998 3444 3069 παρέκτασιν
3473 2999 3673 3065 λόγων.
3711 2999 3781 3053 Ei

2187 3090 2263 3162 μὴ
2318 3091 2425 3162 γάρ
2466 3089 2511 3121 ⁸³
2541 3087 2701 3143 τοῦτο
2753 3090 2906 3162 παρά
2937 3088 3034 3143 τοῦ
3086 3090 3350 3160 Τεχνίτου
3394 3090 3496 3160 τῆς
3552 3090 3783 3159 φύσεως

2185 3185 2479 3256 ἐπενοήθη,
2506 3183 2565 3251 ἐξ
2590 3182 2812 3256 ὁμιλίας
2848 3184 3076 3256 μικρᾶς,
3119 3183 3153 3255 ἢ
3196 3184 3457 3255 ῥημάτων
3477 3182 3702 3251 ὀλίγων,
3742 3182 3781 3254 ἢ

2190 3275 2460 3349 μελῳδίας
2494 3276 2594 3347 οὐχ
2637 3275 2852 3346 ἱκανῆς,
2900 3275 3118 3345 ἄφωνος
3151 3276 3181 3329 6
3239 3274 3529 3347 ἄνθρωπος
3568 3274 3785 3339 εὐθέως

2187 3369 2425 3439 ἐγένετο.

495 3458 593 3526 rei,
627 3468 838 3517 naturae
882 3463 1096 3534 Opincis
1141 3479 1275 3519 cura
1311 3464 1472 3536 136
1542 3466 1650 3522 hoc
1703 3476 1863 3537 pacto
1937 3464 2326 3531 consuluisset,
2362 3463 2529 3519 homo
2589 3475 2658 3517 es
2683 3459 2904 3516 modico
2929 3459 3128 3531 quovis
3194 3457 3469 3515 sermonis
3513 3471 3646 3524 usu,
3681 3471 3779 3512 nec

493 3552 667 3607 multo
699 3555 849 3611 vocis
875 3556 1268 3624 modulamine,
1301 3558 1355 3612 in
1381 3575 1510 3615 voce
1538 3560 1654 3630 ipsa
1682 3560 1956 3631 jacturam
1981 3569 2278 3633 pateretur.

568 3643 673 3700 Sed
713 3662 838 3701 cum
878 3647 994 3704 haec
1063 3650 1377 3722 hujusmodi
1427 3650 1696 3725 disposita
1746 3656 2077 3723 habeantur,

495 3734 562 3791 ad
586 3750 782 3794 sonum
811 3738 1110 3806 edendum,
1136 3758 1404 3813 quantum
1432 3745 1652 3815 expedit
1680 3762 1785 3801 vox
1804 3744 2082 3803 sulllciens

497 3829 765 3898 redditur,
789 3848 954 3903 quam
986 3849 1091 3891 nos
1123 3844 1180 3891 et
1222 3835 1388 3892 altius
1423 3838 1694 3902 attollere,
1725 3847 1779 3893 et
1805 3839 1923 3910 ejus
1950 3854 2083 3893 con-

2269 3651 2432 3707 ’Δλλά
2488 3651 2695 3704 τούτων
2739 3646 2916 3713 οὕτως
2965 3648 3262 3721 κειμένων,
3306 3648 3403 3702 καὶ⁵
3450 3645 3538 3716 ἔφ’
3593 3645 3785 3699 ἱκανὸν

2147 3731 2155 3737 ’
2189 3745 2516 3816 φθέγγεται,
2543 3744 2640 3796 καὶ
2664 3743 2721 3805 ἐς
2756 3740 2890 3811 ὕψος
2912 3741 3060 3812 αἴρει
3089 3739 3299 3810 φωνὴν,
3332 3739 3428 3792 καὶ
3459 3739 3519 3791 ὲν
3548 3736 3785 3807 ὴδὺτητι

2182 3838 2369 3908 φωνῆς
2397 3838 2632 3908 διαρκεῖ·
2667 3836 2762 3889 καὶ
2788 3835 2917 3899 τοὺς
2947 3833 3254 3897 ἀκούοντας
3278 3831 3496 3903 τέρπει,
3531 3830 3628 3882 καὶ
3661 3827 3783 3899 ἠδο-

497 3930 684 3990 centu,
713 3923 1056 3981 audientium
1087 3925 1316 3983 auribus
1342 3927 1598 3995 blandiri,
1630 3929 1860 4001 illaque,
1889 3931 2074 3999 volup-

2187 3930 2287 4002 νὴν
2322 3927 2632 3999 ὲναφίησιν.
2665 3928 2730 3981 El
2760 3926 2871 3997 γάρ
2909 3927 3004 3980 καὶ
3038 3925 3295 3996 ἡδύνουσι
3324 3924 3570 3990 τέττιγες
3599 3922 3643 3952 ⁸⁵
3686 3920 3789 3973 καὶ

498 4020 667 4069 tatem
741 4015 936 4072 all‘erre
987 4033 1097 4074 non
1151 4020 1420 4075 modicam
1454 4034 1769 4091 possumus.
1819 4021 2074 4089 Quamvis

2186 4020 2436 4091 ἀηδόνες,
2465 4020 2560 4075 καὶ
2580 4020 2668 4073 ἒτε
2678 4037 2748 4090 ρα
2771 4018 2890 4084 ζῶα
2914 4019 2959 4051 ⁸⁵
2981 4018 3072 4071 τὸν
3100 4017 3414 4088 ἄνθρωπον,
3447 4014 3587 4069 ἀλλά
3617 4013 3721 4065 καὶ
3738 4012 3790 4044 ⁸⁸

497 4104 644 4159 enim
674 4104 913 4173 cicadas,
950 4118 1004 4163 et
1036 4108 1384 4181 philomelas,
1418 4126 1517 4165 nec
1548 4126 1658 4166 non
1697 4109 1957 4183 pleraque
1978 4112 2074 4166 alia

2184 4111 2552 4183 διαφερόντως
2580 4112 2609 4164 ὁ
2637 4110 2928 4182 ἄνθρωπος
2954 4108 3114 4163 τοῦτο
3145 4108 3315 4173 ποιεῖ,
3346 4106 3374 4162 ὃ
3405 4106 3501 4160 καὶ
3526 4107 3789 4175 Ὄμηρος

497 4212 564 4251 ex
618 4198 804 4252 avium
852 4214 1053 4270 genere
1076 4245 1091 4269 ,
1132 4198 1414 4258 hominum
1450 4203 1678 4260 auribus
1702 4245 1721 4273 ,
1763 4205 1914 4261 vocis
1948 4221 2074 4261 con-

2178 4192 2560 4274 ’ὲπιστάμενος
2591 4202 2747 4270 ἔλεγε
2762 4218 2776 4232 ·

497 4295 705 4353 centu,
756 4290 1081 4347 suavitatem
1138 4294 1432 4363 quamdam
1486 4294 1735 4366 ingerere
1773 4294 2083 4357 cernimus,
2138 4303 2381 4349 attamen
2434 4294 2596 4365 longe
2619 4293 2778 4347 aliter
2830 4291 2997 4347 homo
3026 4291 3134 4346 tale
3174 4306 3412 4355 munus,
3449 4302 3617 4358 quam
3664 4288 3798 4358 ipsa

500 4379 763 4435 animalia
801 4383 1142 4454 exsequitur,
1174 4384 1635 4455 quemadmodum
1664 4383 1936 4443 Homerus
1982 4386 2216 4464 hujusce
2244 4384 2322 4441 rei
2359 4384 2569 4456 peritus
2603 4385 2864 4443 asseruit.
2889 4398 3012 4438 cum
3044 4382 3257 4453 inquit:

2493 4539 2508 4554 .
2553 4536 2570 4555 .
2606 4499 2919 4554 Καλέσατε
2950 4498 3114 4554 θεῖον
3134 4498 3363 4554 ἀοιδόν

2300 4568 2378 4634 τῷ
2408 4539 2455 4601 σῖ
2493 4539 3328 4638 ἦς”δᾷἒιῖῖἕὸῖέιὲιζὶνὲῶίξῖ
3354 4568 3569 4634 ἀοιδὴν

2200 4634 2468 4709 Τρέπειν,
2496 4634 2632 4693 ὅποι
2662 4640 2708 4671 ⁸⁸
2736 4634 2924 4709 θυμὸς
2951 4634 3362 4706 ἐποτρύνῃσιν
3393 4638 3616 4694 ἀείδειν
3644 4638 3758 4709 (ρι.

682 4496 746 4568 ᾼι
772 4512 880 4568 eos,
905 4515 933 4551 ο
941 4498 1178 4568 juvenes,
1206 4502 1444 4556 divinum
1480 4502 1730 4556 accersite
1754 4514 1944 4564 vatem,

681 4559 781 4637 Qui
818 4559 1025 4637 deus'ut
1059 4559 1218 4624 cantu
1248 4582 1558 4625 cunctorum
1584 4571 1810 4625 mulceat
1835 4559 2016 4637 aures,
2118 4569 2164 4624 D

682 4633 970 4702 I’rwstitit,
1005 4648 1063 4694 ut
1095 4651 1316 4695 mentem
1345 4642 1509 4711 flectit
1534 4651 1754 4694 cantare
1778 4633 2016 4711 rogatus.

506 4745 671 4803 Solus
724 4750 871 4803 enim
923 4752 1088 4807 homo
1136 4753 1286 4809 vocis
1342 4752 1690 4808 dulcedinem
1751 4752 2074 4824 distingue“

2194 4753 2375 4817 Μόνος
2412 4753 2525 4825 γάρ
2569 4756 2599 4806 6
2643 4749 2937 4823 ἄνθρωπος
2974 4752 3224 4823 ήδύτητα
3272 4752 3459 4821 φωνῆς
3513 4751 3806 4822 διακρίνει

507 4856 575 4895 ac
604 4840 883 4911 percipere
908 4852 1106 4913 potest.
1146 4842 1253 4900 Sed
1286 4854 1343 4901 et
1386 4845 1491 4901 soli
1533 4844 1740 4898 homini
1778 4854 1985 4901 tantum
2021 4847 2074 4901 at

2196 4848 2293 4900 καὶ
2342 4846 2693 4918 ἀποδέχεται.
2748 4845 2925 4909 Μόνος
2974 4845 3186 4917 ὄργανα
3237 4844 3376 4913 πρὸς
3413 4843 3558 4914 ᾤδάς
3606 4860 3807 4897 κατα-

508 4941 708 4988 cantus
732 4932 1125 5000 modulamina,
1160 4936 1452 4991 omnifaria
1486 4936 1695 4991 musica
1721 4935 2074 4993 instrumenta

2198 4936 2493 5002 σκευάζειν
2512 4934 2760 5000 διῖναται,
2782 4937 2879 4989 καὶ⁵
2902 4934 3198 5006 θελκτήρια
3223 4933 3357 5005 μέλη
3382 4935 3578 4987 ποιεῖν.
3608 4935 3810 4999 Μόνος

510 5031 567 5078 et
594 5024 775 5079 varios
820 5024 1321 5082 blandimentorum
1372 5038 1509 5082 usus
1540 5028 1871 5085 constituere
1898 5030 2074 5084 datuu

2195 5029 2224 5081 6
2253 5025 2301 5058 ⁷⁸
2341 5025 2633 5098 ἄνθρωπος
2666 5025 2755 5105 διὰ
2796 5026 3148 5096 γραμμάτων
3187 5022 3286 5077 καὶ
3334 5023 3626 5095 πόρρωθεν
3660 5024 3811 5088 τοὺς

507 5124 610 5170 est.
652 5115 765 5171 Soli
804 5117 910 5187 ipsi
944 5118 1152 5173 homini
1189 5135 1287 5190 per
1316 5120 1526 5175 litteras
1556 5119 1875 5178 absentibus
1897 5121 2074 5177 amici:

2200 5114 2390 5185 φίλους
2418 5117 2750 5181 ἀσπάζεται.
2784 5117 2963 5180 Μόνος
2992 5117 3020 5168 6
3050 5114 3095 5150 ⁷⁸
3121 5114 3409 5185 ἄνθρωπος
3440 5114 3810 5183 διανοητικδν

511 5207 739 5262 salutem
786 5209 991 5263 dicere.
1041 5208 1225 5275 Solus,
1250 5210 1493 5280 inquam,
1528 5213 1710 5279 homo,
1756 5212 2074 5267 animadver

2202 5209 2296 5262 καὶ
2325 5209 2756 5279 βουλευματικόν
2792 5211 2835 5242 ⁷⁸
2864 5210 2983 5262 ἐστι
3014 5207 3177 5274 ζῶον.
3219 5207 3398 5271 Μόνος
3434 5209 3464 5260 ὁ
3495 5206 3813 5276 ἄνθρωπος

515 5297 660 5352 tendi
692 5313 756 5354 ac
783 5298 997 5355 consilii
1024 5300 1273 5370 capiendi
1307 5301 1358 5357 vi
1388 5302 1649 5374 prmditus
1675 5312 1780 5368 est;
1811 5310 1867 5356 et
1911 5301 2074 5357 risihi‘

2202 5297 2342 5364 ζῶον
2387 5301 2714 5370 γελαστικόν
2761 5302 2931 5355 ἐστιν·
2983 5302 3034 5353 εί
3077 5299 3176 5354 καὶ⁷
3214 5301 3315 5369 τὴν
3356 5298 3511 5369 μιμὼ
3563 5299 3813 5367 λέγουσι

516 5387 585 5443 lis
620 5390 875 5447 animalis
896 5391 1072 5456 solus,
1108 5394 1319 5449 tametsi
1353 5394 1514 5451 simia
1537 5395 1723 5449 nescio
1754 5406 1920 5462 quam
1949 5392 2074 5447 risu:

2203 5392 2640 5462 σχηματίζεσθαι
2677 5392 2861 5448 τοῦτο.
2908 5392 3089 5457 Μόνος
3130 5394 3159 5446 6
3214 5391 3505 5464 ἄνθρωπος
3540 5390 3632 5444 διά
3680 5393 3814 5447 τῶν

586 5528 635 5560 ⁵⁸
653 5527 801 5598 αὐτῷ
821 5528 881 5583 Β.
959 5532 1003 5564 ³⁵
1019 5530 1076 5585 δὲ
1095 5532 1189 5586 καὶ
1215 5533 1274 5587 Β.
1348 5534 1393 5565 ³⁶
1418 5534 1516 5585 καὶ
1541 5548 1652 5585 om.
1679 5530 1747 5601 Β,
1816 5531 1863 5562 ⁵⁷
1885 5529 2199 5601 ἔμπροσθεν
2220 5530 2279 5601 P.
2382 5532 2429 5565 ⁸⁸
2449 5532 2617 5595 τιθοῖς
2636 5531 2704 5585 Δ.
2802 5532 2848 5565 ⁸⁹
2880 5531 2942 5584 τὸ
2964 5546 3075 5585 om.
3102 5530 3141 5583 Β
3158 5531 3219 5601 7P.
3297 5530 3343 5562 “
3375 5528 3634 5601 σώματος

616 5602 866 5672 κινεῖται
891 5600 952 5655 C.
1067 5603 1112 5634 °'
1142 5603 1581 5672 καθυγραίνωσιν
1616 5601 1711 5655 BC
1731 5599 1791 5653 Ρ.
1908 5602 1952 5633 ⁸³
1981 5598 2091 5670 γάρ
2117 5617 2227 5655 nun.
2262 5600 2320 5657 Β.
2398 5604 2477 5672 7“
2511 5603 2606 5654 καὶ
2634 5603 2878 5667 τέττιγες
2903 5603 2945 5654 Α
2970 5601 3029 5654 Ρ.
3148 5600 3195 5632 ⁸⁸
3215 5601 3295 5672 Et.
3326 5598 3623 5672 τῷν-ζώων
3647 5598 3691 5652 Β
3737 5600 3810 5658 P-

520 5667 674 5792 ἶῖγὶαὶ
696 5682 808 5722 οηι.
838 5669 894 5722 Β.
972 5672 1017 5703 ⁸⁷
1034 5672 1096 5724 τὸ
1117 5674 1181 5726 Λ.
1256 5667 1303 5705 ⁸³
1325 5667 1631 5743 περιδῶκεν
1646 5677 1706 5726 Δ.
1750 5672 1792 5702 ⁶⁹
1813 5673 1919 5742 ὅπη
1940 5672 1977 5725 Δ
1993 5667 2071 5724 “Ρ.’

2178 5674 2230 5724 ’ὁ
2261 5689 2368 5728 0m.
2395 5671 2458 5728 Β.
2530 5674 2572 5705 ⁷¹
2597 5675 2624 5726 ὁ
2656 5688 2764 5727 om.
2786 5671 2826 5726 Β
2848 5672 2907 5737 ιι,
2936 5681 2989 5727 et
3013 5672 3091 5728 sic
3118 5672 3171 5727 in
3200 5671 3299 5727 rel.
3375 5671 3421 5702 ⁷³
3442 5668 3820 5739 βουλευτικὸν

601 5846 676 5916 (ρ)
706 5845 807 5900 Od.
840 5847 904 5912 Θ,
935 5847 1019 5901 45.
