4142 6476
366 456 502 512 {977

1627 449 1715 504 DE
1758 449 2043 508 NATURA
2090 450 2395 507 llOMlNlS.

3523 455 3664 510 1278

359 571 687 644 φωνητικῶν
722 573 977 643 ὀργάνων
1025 572 1192 624 τυποῖ
1225 569 1296 624 τά
1344 571 1620 642 λεγόμενα
1661 573 1695 644 ἦ
1741 573 1950 643 φωνού-

2069 574 2497 630 similitudinem
2539 571 2849 644 exprimere
2887 572 3143 627 videatur
3167 614 3183 640 ,
3237 573 3662 644 appellationem

360 680 522 734 μενά,
565 665 661 718 καὶ
686 663 956 735 διαρθροῖ·
990 663 1103 715 τῶν
1125 662 1302 716 ἄλλων
1335 660 1492 726 ζώων
1522 662 1816 734 ἀνάρθρως
1851 682 1964 733 φωι

357 755 614 812 νούντων.
649 758 712 809 Εἰ
741 756 798 810 δὲ
829 757 923 808 καὶ
957 755 1086 819 τοὺς
1115 755 1388 823 ἀγγέλους
1417 756 1513 807 καὶ
1543 753 1806 826 δαίμονας
1834 759 1960 826 ὁμι-

358 851 472 904 λεῖν
503 850 722 918 λέγεται
762 848 1023 919 λογικῶς,
1054 848 1173 901 ἀλλ’
1207 848 1268 902 ού
1303 847 1394 900 διὰ
1431 847 1762 920 φωνητικῶν
1789 850 1960 920 ὀργά-

357 962 485 1009 νων,
520 943 648 997 οὐδὲ
706 943 795 997 διὰ
831 943 1006 1013 πνοῆς
1035 942 1229 1012 ὥσπερ
1260 943 1444 1013 ἡμεῖς.
1479 942 1656 1006 Μόνος
1690 943 1719 995 ό
1751 943 1963 1016 ἄνθρω-

357 1053 459 1100 πος
493 1037 636 1106 μετά
675 1037 908 1091 θάνατον
939 1036 1252 1090 ἀνίσταται·
1288 1035 1384 1088 καὶ
1410 1035 1610 1106 θνητὸς
1641 1033 1719 1090 ὣν
1745 1036 1962 1091 ἀπαθα-

358 1128 640 1194 νατίζεται
669 1130 734 1184 ⁷³.
767 1131 948 1193 Μόνος
985 1130 1014 1181 ό
1050 1128 1338 1200 ἄνθρωπος
1371 1128 1513 1193 ζῶόν
1540 1131 1690 1183 ἐστιν
1723 1129 1960 1184 ἐνταῦθα

320 1229 327 1237 “
354 1223 838 1296 οίκονομούμενον,
874 1223 968 1276 καὶ
993 1221 1230 1291 ἀλλαχοῦ
1261 1221 1692 1292 μεθιστάμενον.
1725 1223 1904 1288 Μόνος
1932 1228 1960 1279 ὁ

354 1315 648 1388 ἄνθρωπος
691 1318 750 1370 ὲν
803 1317 957 1386 μέσῳ
997 1314 1093 1368 δύο
1134 1314 1291 1379 ζώων
1338 1315 1693 1384 γινώσκεται’
1731 1317 1960 1388 καὶτῆς

358 1409 458 1480 μὲν
487 1407 775 1480 παρούσης
804 1407 1179 1478 φροντίζεται,
1213 1408 1309 1461 καὶ
1345 1409 1665 1478 προνοεῖται
1705 1407 1823 1472 πῶς
1857 1408 1958 1480 ζή-

356 1515 532 1554 σεται’
566 1503 665 1572 τῆς
695 1501 752 1555 δὲ
804 1500 1113 1572 μελλούσης
1158 1502 1510 1572 ἐπιμελεῖται
1558 1503 1634 1573 μὴ
1671 1501 1955 1556 ἐκπεσεῖνο

355 1595 451 1646 καὶ
475 1593 575 1666 τὴν
606 1594 706 1664 μὲν
737 1595 1077 1665 πρόσκαιρον
1100 1589 1236 1660 οἶδε,
1265 1597 1368 1664 τὴν
1399 1594 1457 1647 δὲ
1495 1595 1718 1649 αἰώνιον
1747 1596 1814 1650 ⁷⁸.
1843 1596 1956 1650 Kal.

353 1688 454 1759 τὴν
505 1687 625 1758 μὲν,
665 1686 988 1756 πολυπαθῆ,
1023 1688 1118 1741 καὶ
1163 1686 1530 1754 πολυώδυνον,
1579 1688 1674 1742 καὶ
1714 1688 1957 1743 πολύδα-

355 1797 511 1849 κρυψ
542 1781 640 1850 τὴν
656 1779 735 1846 δὲ,
759 1779 967 1852 ἀπαθῆ,
988 1781 1084 1834 καὶ
1108 1780 1401 1848 ἀνώδυνον,
1434 1783 1532 1835 καὶ
1559 1781 1842 1855 πολυχαρῆ
1868 1785 1914 1818 ⁷⁸
1936 1798 1952 1814 ⁸

354 1870 451 1941 χώς
483 1871 578 1924 καὶ
605 1871 980 1944 Καλλίμαχος⁶

2067 667 2330 722 vindieat.
2376 667 2574 731 Solus,
2620 665 2906 720 vocalibus
2943 665 3362 730 instrumentis,
3412 682 3534 736 qua:
3581 667 3664 722 di-

2066 764 2264 831 cenda,
2298 763 2772 833 exprimendaque
2801 768 2951 828 sunt,
2972 761 3261 815 articulala
3286 775 3417 815 voce
3441 759 3662 823 format,

2063 872 2188 912 cum
2223 867 2418 911 emtera
2450 855 2706 909 animalia
2734 853 3084 908 inarticulata
3114 869 3248 907 voce
3281 862 3524 908 utantur.
3555 854 3661 906 Sed

2062 960 2118 1005 et
2144 948 2532 1018 intelligentias
2561 947 2728 1018 ipsas,
2758 961 2821 1000 ac
2861 944 3141 1000 daemones
3163 987 3178 1011 ,
3228 945 3493 1000 rationali
3546 961 3664 1000 ser—

2065 1057 2253 1109 mone,
2293 1056 2403 1096 non
2432 1048 2618 1095 autem
2647 1037 3114 1110 quemadmodum
3144 1047 3198 1092 et
3231 1054 3350 1104 nos,
3380 1038 3663 1093 vocalibus

2064 1133 2470 1198 instrumentis,
2521 1149 2586 1187 ac
2629 1133 2858 1203 spiritus
2904 1131 3340 1202 reciprocatione
3378 1131 3492 1197 uti,
3520 1145 3663 1184 non-

2062 1227 2195 1280 nulli
2247 1226 2564 1296 0pinantur.
2611 1225 2727 1280 Soli
2787 1223 2951 1280 etiam
3005 1223 3236 1287 homini,
3286 1220 3390 1276 etsi
3440 1223 3661 1275 mortali

2061 1319 2377 1374 conditione
2425 1327 2589 1373 natus
2642 1317 2751 1384 sit,
2811 1331 2843 1373 a
2905 1314 3144 1370 mortuis
3202 1326 3532 1382 resurgere,
3593 1326 3659 1366 ac

2062 1412 2476 1468 immortalitate
2512 1411 2730 1476 donari,
2791 1409 2980 1464 datum
3035 1416 3139 1462 est.
3207 1404 3396 1459 Solum
3463 1403 3662 1458 homi—

2060 1522 2209 1572 nem,
2242 1522 2428 1561 rerum
2461 1505 2551 1559 ille
2581 1502 2788 1574 opifex,
2835 1502 2923 1556 hic
2973 1511 3218 1556 creatum
3243 1508 3297 1553 et
3334 1497 3442 1551 alio
3477 1505 3660 1551 trans-

2058 1599 2387 1653 mutandum
2461 1597 2612 1652 fecit.
2677 1594 2843 1650 Solus
2913 1594 3100 1657 homo,
3158 1592 3300 1645 inter
3365 1600 3659 1658 utramque

2057 1691 2251 1754 vitam,
2300 1688 2787 1761 providentissima
2848 1703 2981 1742 cura
3033 1700 3156 1756 qua:
3215 1684 3281 1737 ad
3333 1691 3659 1752 praesentem

2057 1786 2293 1841 attinent
2367 1785 2586 1855 satagit,
2621 1793 2676 1838 et
2727 1798 2794 1837 ne
2853 1797 2884 1836 a
2933 1780 3120 1834 futura
3177 1778 3450 1833 dilabatur
3507 1791 3662 1830 sum-

2057 1893 2284 1948 mopere
2351 1877 2620 1948 invigilat,
2677 1875 2819 1930 hanc
2874 1881 3202 1943 prasentem
3254 1878 3501 1937 tempore
3541 1883 3659 1921 mu-

356 1965 613 2030 labilem,
683 1967 832 2021 illam
880 1982 1011 2022 vero
1073 1976 1335 2023 aeternam
1391 1970 1565 2024 novit.
1627 1969 1734 2025 Sed
1796 1979 1847 2026 et
1897 1972 2207 2030 innumeris
2279 1978 2421 2030 hanc
2470 1972 2628 2044 137
2693 1969 3070 2042 passionibus,
3103 1982 3168 2021 ac
3209 1963 3532 2029 doloribus,
3583 1965 3664 2018 la-

354 2062 674 2132 crymisque
721 2064 1044 2128 obnoxiam,
1072 2065 1222 2119 illam
1269 2080 1402 2120 vero
1450 2066 1774 2136 passionum
1825 2079 2129 2140 expertem,
2161 2072 2423 2141 omnique
2478 2069 2670 2124 dolore
2737 2073 3061 2129 vacantem,
3102 2081 3168 2118 ac
3228 2061 3452 2134 plurimi
3523 2075 3662 2131 gau-

353 2155 426 2206 (lli
469 2154 705 2224 plenam,
756 2156 1166 2212 animadvertit.
1230 2154 1304 2212 Ut
1340 2156 1716 2215 Callimachus
1757 2175 1773 2191 ’

357 2269 461 2323 Ἴθι
487 2269 700 2339 πραεῖα
730 2272 1035 2342 γυναικῶν
1057 2273 1173 2343 τὴν
1195 2273 1342 2328 ὁδὸν
1374 2273 1454 2343 ἢν
1483 2277 1645 2331 ἀνΙαι
1669 2275 1950 2346 θυμοφθότ

2079 2273 2222 2332 Vade
2254 2283 2535 2329 mansueta
2568 2271 2849 2327 mulierum
2875 2270 3215 2338 viam,quam
3249 2270 3512 2340 angustia:
3538 2271 3660 2325 aui-

356 2410 608 2480 Ὅμοιον
639 2413 720 2480 τῷ
752 2413 900 2470 ἔνθα
944 2415 1178 2484 ἀπέδρα
1225 2345 1951 2485 πᾶσάρῗίύῗηποῗὲίῦ

1441 2488 1541 2542 καὶ
1563 2487 1951 2561 στεναγμός-ο]

425 2573 606 2638 Μόνος
648 2575 677 2628 ὁ
727 2574 1020 2646 ἄνθρωπος
1071 2576 1289 2630 πταίων
1322 2579 1562 2634 ἐνταῦθα
1595 2581 1950 2647 παιδεύεται,

353 2668 446 2722 καὶ
479 2667 762 2739 μετανοῶν
795 2671 1164 2741 συγχωρεῖται
1199 2669 1352 2742 παρὰ
1383 2671 1476 2725 τοῦ
1507 2673 1842 2738 Κτίσαντος.

2057 2427 2200 2466 mum
2240 2418 2636 2480 cerrumpenles
2699 2423 2804 2462 non
2859 2412 3158 2475 penetrant.

2135 2572 2326 2627 Simile
2377 2571 2507 2626 huic
2559 2578 2614 2625 et
2654 2567 2788 2624 illud
2819 2576 2929 2630 est,
2989 2565 3138 2621 unde
3185 2565 3415 2621 recessit
3473 2566 3659 2622 omnis

2055 2667 2329 2732 molestia,
2355 2673 2410 2722 et
2438 2665 2616 2728 dolor,
2645 2671 2700 2719 et
2725 2661 2983 2734 gemitus.
3006 2656 3170 2714 Solus
3197 2659 3468 2730 siquidem
3490 2660 3659 2714 homo

352 2761 406 2818 in
457 2765 747 2832 praesentis
806 2765 932 2819 vitae
967 2765 1205 2833 lubrico,
1257 2768 1311 2820 in
1355 2767 1591 2825 crimina
1646 2781 1985 2844 peceataque
2032 2764 2388 2838 prolaheudo,
2439 2777 2566 2818 cum
2601 2760 2845 2832 seipsum
2914 2754 3162 2827 corrigit,
3215 2771 3248 2810 a
3297 2756 3654 2827 pmnitentia,

351 2861 510 2914 venia
545 2860 745 2930 dignus
785 2875 814 2914 a
850 2859 1110 2916 Creatore
1132 2860 1390 2916 ellicitur.
1557 2921 1560 2924 ,

420 2954 602 3016 Μόνος
634 2955 661 3006 ό
704 2953 995 3025 ἄνθρωπος
1041 2954 1196 3025 παρά
1245 2955 1340 3008 τοῦ
1374 2953 1727 3026 Δημιουργοῦ
1762 2954 1951 3021 διαφεο

351 3046 555 3117 ρόντως
583 3045 692 3099 τῶν
723 3047 902 3101 ἄλλων
943 3045 1101 3111 ζώων
1133 3050 1468 3118 προνοεῖται,
1501 3047 1597 3102 καὶ
1627 3044 1952 3118 ἐπιμελείας

348 3142 603 3211 ἠξίωται.
639 3141 752 3195 Kal.
782 3141 826 3172 ⁷⁸
859 3141 950 3194 ἴνα
977 3141 1144 3194 τοῦτο
1181 3140 1257 3212 μὴ
1297 3139 1512 3211 ἀγνοῶν
1549 3138 1730 3212 μάθῃς
1762 3136 1946 3202 πλέον,

347 3234 446 3284 καὶ
482 3232 580 3301 τῆς
625 3231 888 3303 προνοίας
922 3230 1215 3306 θαυμάσῃς
1254 3231 1316 3285 τὸ
1358 3230 1589 3302 μέγεθος
1611 3269 1628 3296 ,
1679 3229 1875 3283 σκόπει
1904 3229 1947 3259 ⁷⁷

2133 2944 2424 3016 Siquidem
2470 2981 2487 3006 ,
2572 2957 2701 3014 erga
2785 2942 2964 2998 solum
3047 2945 3329 3001 hominem
3364 2986 3383 3013 ,
3472 2963 3655 3004 rerum

2059 3039 2242 3109 opifex
2313 3045 2511 3108 praeter
2559 3035 2666 3090 alia
2715 3036 2974 3092 animalia
3033 3039 3307 3109 pra'cipua
3368 3041 3660 3110 providen-

2059 3131 2130 3186 tia
2163 3130 2334 3185 utitur
2354 3171 2368 3193 ,
2401 3143 2640 3199 eumque
2671 3127 3027 3184 exactissima
3059 3129 3232 3199 ipsius
3261 3146 3396 3188 cura
3427 3133 3656 3203 dignum

2055 3233 2263 3280 censet.
2327 3222 2424 3279 llis
2480 3222 2666 3291 itaque
2737 3222 3011 3292 cognitis,
3063 3231 3118 3278 et
3168 3223 3325 3293 plura
3383 3225 3655 3292 edoctus,

346 3327 448 3397 τὴν
503 3324 767 3396 διαμονὴν
811 3324 921 3377 τῶν
971 3325 1254 3389 ἁπάντων,
1303 3324 1401 3378 καὶ
1454 3323 1696 3392 μάλιστα
1732 3321 1842 3375 τῶν
1889 3321 1948 3373 ὲν

2054 3316 2149 3371 Dei
2183 3315 2542 3388 providentiae
2570 3314 3008 3383 magnitudinem
3049 3315 3342 3372 mirabere.
3381 3316 3518 3385 Quis
3545 3335 3654 3376 non

348 3421 565 3488 γενέσει
614 3420 710 3471 καὶ
743 3417 922 3487 φθορᾷ
969 3415 1390 3486 φυλαττομένην
1411 3415 1454 3447 ⁷⁸
1485 3417 1573 3468 ἀεὶ
1616 3415 1705 3470 διά
1747 3432 1806 3468 σε
1848 3414 1949 3484 τὴν

2054 3411 2323 3464 attonitus
2345 3407 2620 3478 inspiciat,
2654 3406 2903 3461 omnium
2964 3422 3150 3463 rerum
3191 3413 3654 3479 permanentiam,

348 3512 502 3575 τάξιν
526 3510 635 3562 τῶν
663 3509 834 3562 ὄντων
861 3512 958 3562 καὶ
987 3507 1086 3579 τὴν
1115 3510 1157 3540 ⁷⁷
1184 3507 1357 3562 θέσιν.
1406 3507 1683 3572 Ὡσαύτως
1712 3507 1812 3576 τὴν
1840 3507 1948 3559 τῶν

2054 3516 2241 3556 carum
2265 3502 2594 3570 praesertim,
2627 3515 2751 3570 qua:
2780 3499 3152 3572 generationis
3170 3502 3654 3575 corruptionisque

349 3604 569 3673 ἄστρων
621 3601 820 3672 φοράν,
867 3600 1036 3671 μηδὲν
1079 3599 1357 3670 μηδέποτε
1393 3598 1821 3653 διαλλάττουσαν
1854 3596 1946 3650 τὸν

2054 3593 2433 3651 vicissitudine
2481 3592 2641 3649 nobis
2688 3593 3020 3656 inserviunt,
3070 3593 3244 3648 nostri
3285 3609 3448 3651 eausa
3496 3597 3650 3652 illum

350 3697 552 3751 κύκλον
580 3694 677 3750 τοῦ
711 3694 988 3749 ἐνιαυτοῦ·
1022 3693 1132 3747 τῶν
1159 3693 1323 3764 ὡρῶν
1345 3695 1444 3766 τὴν
1471 3693 1944 3747 ἀποκατάστασιν·

349 3789 458 3843 τῶν
486 3788 699 3844 νυκτῶν
737 3789 830 3842 καὶ
856 3786 1082 3858 ἡμερῶν
1107 3786 1154 3818 ⁸⁰
1177 3787 1278 3859 τὴν
1308 3787 1554 3859 ἰσότητα·
1592 3786 1743 3858 παρά
1778 3786 1947 3858 μέρος

350 3883 622 3953 ἑκατέρας
662 3879 1044 3952 αὐξανομένης
1075 3880 1108 3951 ἢ
1150 3880 1508 3952 μειουμένης·
1539 3880 1641 3952 τὴν
1684 3878 1874 3950 φυτῶν
1899 3879 1944 3910 ⁸⁷

351 3977 448 4029 καὶ
497 3974 836 4047 σπερμάτων
881 3972 1126 4044 πληθύνο
1183 3973 1284 4044 τὴν
1331 3971 1441 4026 τῶν
1472 3970 1630 4036 ζώων
1677 3971 1946 4044 διαφορὰν

351 4071 449 4124 καὶ
480 4069 850 4140 κατασκευήν’
889 4069 991 4139 τῆς
1031 4067 1264 4130 κτίσεως
1292 4065 1517 4138 ἁπάσης
1545 4066 1613 4120 τά
1641 4065 1780 4138 ἔργα
1802 4106 1817 4130 ,
1852 4065 1946 4120 καὶ

349 4164 450 4238 τὴν
477 4163 796 4233 ἀναλογίαν,
828 4162 923 4216 καὶ
953 4161 1247 4233 ἁρμονίαν,
1275 4161 1372 4214 καὶ
1397 4160 1707 4232 εὐρυθμίαν
1732 4160 1802 4214 ⁸⁸.
1833 4159 1946 4213 Καὶ

353 4259 441 4313 ἵνα
481 4258 660 4313 πάντα
690 4255 852 4328 παρῶ
884 4254 974 4308 διὰ
1001 4254 1100 4326 τὴν
1129 4254 1230 4326 σὴν
1256 4253 1517 4325 πρόνοιαν
1544 4253 1591 4285 ⁸³
1621 4254 1718 4308 καὶ
1749 4252 1948 4323 συντή-

354 4369 512 4424 ρησιν
547 4351 837 4421 γεγονότα,
883 4349 1014 4421 περὶ
1043 4349 1144 4419 τῆς
1182 4349 1401 4420 μορφῆς
1437 4348 1597 4419 ἡμῶν
1641 4348 1736 4404 καὶ
1766 4347 1941 4412 ἰδέας,

347 4447 450 4516 τὴν
493 4442 856 4516 παραλλαγὴν
902 4442 1162 4511 διάφορον
1215 4440 1451 4510 ἐχούσης
1498 4439 1565 4504 ⁸⁸,
1616 4438 1944 4508 διασαφήσω

349 4536 510 4606 ὀλίγα
529 4538 594 4570 ⁸⁸⁸
630 4535 718 4588 ἵνα
751 4535 1145 4606 προσκυνήσῃς
1177 4529 1349 4602 “cui.
1383 4531 1516 4600 περὶ
1547 4529 1608 4582 σὲ
1623 4529 1670 4560 ⁸⁷
1703 4528 1800 4582 τοῦ
1843 4533 1943 4581 Δε-

353 4629 551 4681 σπότου
597 4644 692 4679 σου
741 4627 1029 4697 πρόνοιαν,
1080 4623 1141 4676 τὸ
1183 4622 1347 4695 ἔργον
1391 4622 1588 4678 τούτου
1628 4621 1941 4692 θαυμάσῃς.

351 4721 448 4783 Τίς
479 4723 587 4790 γάρ
615 4719 758 4791 ὀρῶν
785 4718 885 4782 τάς
915 4716 1134 4789 μορφὰς
1163 4715 1274 4770 τῶν
1311 4715 1620 4786 ἀνθρώπων
1659 4714 1718 4767 ὲν
1742 4713 1942 4767 τοσαύο

2049 3688 2460 3762 procreasse,'si
2484 3703 2668 3743 rerum
2692 3687 2941 3742 omnium
2968 3687 3216 3742 ordinem
3237 3688 3468 3744 simulet
3484 3691 3650 3746 situm

2049 3791 2400 3862 inspexeris?
2426 3787 2544 3845 Non
2574 3789 2722 3844 enim
2769 3787 3012 3845 siderum
3055 3799 3276 3857 motus,
3318 3806 3430 3846 non
3469 3779 3657 3850 circa-5

2045 3885 2182 3940 laris
2219 3885 2352 3939 anui
2398 3883 2683 3945 ambitus;
2704 3881 2788 3936 vel
2835 3889 3142 3953 temporum
3167 3925 3183 3950 ,
3223 3883 3294 3939 ab
3326 3883 3542 3955 incepto
3572 3895 3653 3941 te-

2049 3993 2205 4042 nore,
2248 3978 2309 4033 tit
2341 3975 2694 4047 permutatio.
2731 3973 2838 4030 Sed
2883 3983 2940 4029 et
2981 3975 3197 4030 dierum
3264 3991 3331 4032 ac
3402 3979 3648 4035 noctium

2049 4069 2414 4140 aequalitates,
2453 4067 2828 4130 incrementa,
2859 4065 3355 4136 decrementaqne,
3394 4069 3524 4125 dum
3567 4070 3652 4126 vi-

2045 4161 2236 4218 Cissim
2263 4169 2375 4215 tam
2410 4160 2552 4214 miro
2575 4159 2770 4214 ordine
2797 4159 2998 4214 damna
3031 4159 3360 4228 rependunt,
3398 4173 3650 4217 contem-

2046 4253 2185 4326 plari
2214 4261 2449 4325 oportet.
2485 4251 2760 4318 Quidnam
2806 4251 2873 4306 de
2923 4251 3196 4307 seminum
3236 4261 3291 4307 et
3331 4253 3644 4322 plantarum

2045 4343 2431 4408 exuberantia,
2482 4351 2578 4397 aut
2609 4342 2742 4413 quid
2777 4343 2846 4398 de
2880 4352 2992 4398 tam
3038 4343 3254 4400 diversa
3288 4353 3342 4400 et
3370 4345 3645 4404 diﬂ’erenti

2049 4446 2379 4503 animalium
2410 4445 2619 4515 specie,
2650 4445 2826 4515 deque
2860 4452 2972 4500 tota
3021 4459 3208 4500 rerum
3259 4446 3513 4502 machina
3555 4447 3639 4503 dis

2045 4539 2280 4594 cendum
2310 4538 2431 4594 est?
2474 4538 2530 4593 in
2577 4538 2697 4608 ipsa
2745 4537 2892 4592 enim
2932 4538 3322 4608 proportione,
3356 4539 3644 4597 harmonia

2045 4641 2098 4688 et
2130 4640 2282 4687 recto
2330 4630 2524 4686 ordine
2563 4629 2869 4686 consistere
2911 4639 3111 4686 cuncta
3151 4632 3425 4689 visuntur.
3474 4633 3543 4688 Et
3585 4643 3646 4690 ut

2046 4725 2340 4791 universa,
2391 4739 2515 4793 quae
2565 4737 2784 4778 summa
2836 4721 2933 4778 Dei
2972 4723 3316 4792 providentia
3369 4727 3642 4786 commodi

348 4829 472 4878 ταις
507 4812 737 4886 μυριάσι
764 4810 811 4844 ⁸⁸
857 4807 1315 4874 διαλλαττούσας,
1371 4808 1467 4862 καὶ
1501 4807 1757 4880 μηδαμοῦ
1798 4805 1944 4865 κατά

2054 4832 2114 4874 ac
2146 4817 2507 4873 emolumenti
2538 4814 2716 4871 nostri
2754 4815 2932 4886 gratia
2964 4827 3252 4888 procreata
3288 4826 3440 4886 sunt,
3471 4820 3640 4875 missa

351 4883 531 4960 πάντα
563 4883 991 4976 συμπιπτούσας
1021 4903 1090 4969 ⁸⁸,
1123 4903 1184 4956 οὐ
1215 4902 1490 4974 θαυμάσει
1522 4902 1625 4973 μὲν
1656 4902 1717 4957 τὸ
1754 4902 1939 4976 ἐργονς

2054 4910 2341 4977 faciamus,
2377 4925 2552 4981 pauca
2586 4883 2779 4964 tamen
2809 4909 2878 4964 de
2910 4883 3088 4965 forma
3122 4883 3638 4981 specieque-nostra

364 4997 850 5070 Ἀναλογιζόμενος
893 4996 952 5052 δὲ
998 4996 1101 5068 τὴν
1147 4996 1354 5060 αἰτίαν,
1397 4996 1624 5068 εὑρήσει
1678 4998 1941 5068 προνοίας

350 5096 519 5149 ἕνεκα
557 5093 959 5164 διαφερούσης,
1004 5091 1102 5163 τὴν
1127 5089 1392 5161 διαφορὰν
1421 5091 1521 5160 τῆς
1561 5091 1779 5162 μορφῆς
1832 5110 1944 5147 πα-

353 5186 742 5258 ρηλλαγμένην
775 5187 833 5238 ὲν
877 5185 992 5248 τοῖς
1031 5183 1156 5238 καθ’
1182 5182 1417 5236 ἕκαστον
1450 5182 1518 5236 ’⁸.
1565 5183 1767 5238 Σκόπει
1807 5184 1941 5256 γὰρ,

350 5280 400 5334 εξ
423 5279 517 5333 τὸν
533 5280 576 5311 ⁸⁸
605 5278 771 5332 αὑτὸν
798 5277 1040 5341 ἅπαντες
1063 5274 1268 5340 ἔσωζον
1299 5274 1740 5347 ἀπαραλλάκτως
1771 5294 1945 5349 χαρα·

355 5371 556 5443 κτῆρα,
579 5371 722 5441 πόση
748 5369 1008 5440 σύγχυσις
1029 5367 1137 5422 τῶν
1159 5367 1504 5439 πραγμάτων
1526 5366 1760 5434 ἐγίνετο.
1792 5369 1942 5442 Πόση

2049 5018 2338 5060 recensere
2369 5002 2777 5074 aggrediamur,
2811 5009 2872 5056 ut
2899 5001 3027 5058 inde
3050 5001 3269 5057 Domini
3303 5003 3476 5058 nostri
3500 5017 3640 5073 opus

2047 5095 2262 5160 mirari,
2291 5094 2523 5165 ejusque
2565 5095 2797 5151 adorare
2837 5094 3238 5166 providentiam
3261 5094 3642 5166 unusquisque

2047 5189 2249 5246 merito
2283 5189 2476 5260 possit.
2505 5188 2663 5257 Quis,
2697 5190 2943 5260 inquam,
2979 5187 3264 5243 hominum
3302 5187 3509 5244 formas
3533 5229 3550 5255 ,
3585 5190 3639 5244 iu

2049 5290 2126 5337 tot
2157 5281 2401 5338 millibus
2428 5283 2829 5353 discrepantes,
2857 5290 2911 5339 et
2934 5282 3126 5336 nullibi
3154 5296 3382 5348 prorsus
3417 5281 3473 5336 in
3510 5283 3640 5337 uni-

2048 5375 2226 5432 versis
2257 5375 2673 5440 convenientes,
2705 5390 2815 5430 non
2849 5375 3219 5430 admiratione
3249 5385 3640 5445 prosequatur,

421 5515 470 5547 ⁷³
503 5516 619 5587 haec
640 5529 750 5569 om.
775 5515 844 5587 Β.
882 5585 890 5587 _
921 5513 982 5587 7“
1005 5512 1306 5587 μέλλουσαν
1472 5511 1516 5542 ⁷⁸
1544 5521 1666 5587 post
1696 5514 1812 5587 haec
1837 5515 1950 5572 Lat.

2054 5534 2140 5573 :rs.
2167 5518 2241 5572 ita
2274 5534 2333 5573 se
2352 5518 2552 5574 habet:
2591 5538 2610 5571 ι
2648 5518 2716 5574 Ut
2749 5517 3134 5574 Callimachus.
3183 5515 3286 5570 Ἴθι
3319 5515 3506 5587 πρηύα
3540 5534 3640 5585 γυ-

353 5585 566 5659 ναικῶν
590 5586 829 5659 caveam
865 5585 934 5656 ἢν
964 5581 1112 5659 ἀνίαι
1141 5581 1484 5659 θυμοφῌθόροι
1515 5584 1588 5659 ού
1609 5585 1886 5659 περόωσιν
1909 5607 1948 5659 ν»

2103 5589 2229 5643 157.
2283 5591 2387 5644 hoc
2458 5605 2588 5644 vero
2625 5588 2762 5655 frag.
2811 5598 3002 5643 carent
3033 5601 3226 5659 omnes
3275 5581 3442 5659 nostri
3479 5581 3644 5644 coild.

365 5659 454 5732 ξας
485 5655 580 5732 καὶ
619 5653 924 5732 καλλωεζ.
958 5655 1272 5732 περόωσιν·
1311 5653 1599 5732 ὄμριον-τῷ
1630 5653 1760 5732 ἔνθα
1789 5653 2014 5732 ἀπέδρα
2047 5662 2200 5732 πᾶσα
2229 5659 2376 5732 λύπῃ
2399 5659 2497 5713 καὶ
2519 5659 2688 5732 eam
2704 5653 2802 5732 καὶ
2854 5658 3203 5732 στεναγμός.-
3215 5657 3391 5732 Μόνος
3433 5661 3461 5712 ὁ
3480 5659 3642 5732 ᾷνθρ.

355 5729 418 5788 P,
462 5728 539 5800 κη
563 5727 660 5800 καὶ
681 5743 789 5800 om.
824 5727 913 5800 B._
961 5728 1008 5758 ⁷⁷
1032 5724 1128 5779 καὶ
1149 5724 1426 5800 σκόπει-Β.
1505 5727 1550 5758 ⁷⁸
1572 5724 2006 5800 φυλαττομένων
2035 5731 2100 5784 Α.

354 5801 398 5855 Β
458 5799 518 5854 Ρ.
595 5798 641 5829 ⁸³
697 5798 794 5852 καὶ
863 5797 986 5866 sup.
1035 5813 1144 5852 om.
1207 5793 1268 5848 B.

354 5889 494 5942 παρ.
571 5872 739 5958 ⁸⁸1σοι
786 5870 971 5958 ρλίγαΙ
995 5869 1055 5923 Β.

1161 5865 1218 5939 θξ
1256 5868 1430 5939 paup.
1464 5865 1526 5920 τὸ
1564 5868 1627 5938 ἔρ

356 5935 598 6008 πτὸύσας
623 5941 684 5998 Β.
759 5942 808 5974 ⁹⁶
840 5935 1157 5994 καθέκαστα
1189 5935 1228 5989 Β
1251 5937 1313 5996 Ρ.

1407 5939 1466 5971 ⁹¹λ
1498 5939 1708 5994 καὶτὸν
1739 5939 1778 5992 Β
1808 5939 1871 5997 Ρ.

1345 5797 1392 5828 ⁸³
1452 5814 1612 5874 προν.
1664 5799 1761 5852 καὶ
1819 5797 2163 5874 προμήθειαν
2193 5802 2255 5859 Β.

1631 5884 1726 5944 γον
1740 5872 1851 5944 ’καλ
1871 5871 2034 5944 προσ.
2071 5872 2114 5926 Β
2135 5873 2194 5929 Ρ.
2273 5872 2317 5906 ⁸⁷
2350 5871 2448 5927 σοῦ
2483 5871 2545 5927 Β.

2181 5731 2222 5763 ⁷⁸
2248 5728 2477 5801 τὴνόηι.
2539 5731 2597 5784 Β.
2672 5731 2720 5762 ⁸ο
2776 5730 2987 5801 καιρῶν
3049 5729 3108 5782 Β.
3144 5728 3227 5801 ᾼ⁸⁷
3267 5728 3392 5801 ,τὴν
3437 5729 3547 5783 τῶν
3583 5728 3640 5798 φ.

2357 5801 2407 5833 ⁸³
2438 5801 2590 5872 διαφ.
2619 5803 2704 5871 ἐχ.
2748 5799 2957 5867 οηιίΒ,
2992 5801 3032 5855 Ρ
3065 5799 3157 5868 qui
3203 5800 3368 5855 etiam
3401 5815 3512 5854 om.
3543 5801 3646 5870 τὴν

2357 5871 2448 5927 σοῦ
2483 5871 2545 5927 Β.
2647 5872 2694 5904 ⁸⁸
2724 5872 2955 5946 μυριάσι
2995 5887 3109 5928 om.
3136 5872 3204 5927 Δ.
3311 5871 3356 5905 ⁸⁸
3387 5886 3643 5926 συνεκπι-
