4142 6482
526 422 666 477 ιεγθ

1771 422 2053 478 ΜΙΞΜΞΤΙΙ
2096 421 2406 478 MONACIII

3649 423 3671 475 l
3689 422 3796 478 280

522 549 686 605 atque
723 518 1079 606 obtupescat?
1113 535 1310 591 Verum
1334 576 1348 600 ,
1394 536 1440 590 si
1494 551 1716 590 causam
1751 539 2064 593 consideres
2086 580 2098 604 ,

2203 537 2259 588 δὲ
2298 537 2493 606 ἄγνοια
2535 537 2630 589 καὶ
2677 537 2867 601 σκότος
2912 539 3134 607 κατεῖχε
3179 536 3272 589 τὸν
3314 535 3623 607 ἀνθρωπονο
3661 537 3793 591 οὔτε

523 645 753 683 summa:
783 629 1140 700 providentia:
1171 645 1330 699 opus,
1365 629 1416 682 in
1456 630 1548 682 tali
1584 629 1944 697 singular-ium
1984 631 2098 686 dis-

523 721 903 784 similitudine,
940 721 1241 775 consistere
1273 721 1660 790 deprehendes.
1698 721 1754 775 Si
1791 723 1937 777 enim
1971 725 2098 777 uni-

524 811 664 866 versi
690 810 967 876 mortales,
995 810 1142 864 omni
1164 823 1369 864 remoto
1385 810 1720 877 discrimine,
1751 811 1912 884 138
1933 829 2099 868 unam

522 902 880 972 eamdemque
918 901 1148 970 figuram
1186 902 1554 968 sortirentur,
1597 903 1833 957 maxima
1876 905 2098 974 quidem

527 1011 708 1048 rerum
757 992 1007 1048 confusio
1055 993 1308 1047 oriretur.
1363 993 1420 1047 ln
1469 1005 1673 1064 quanta
1728 996 1872 1049 enim
1915 1012 2098 1051 rerum

525 1085 766 1139 omnium
812 1085 1186 1154 ignoratione,
1233 1100 1297 1138 ac
1344 1085 1583 1140 tenebris
1625 1100 1993 1153 versaremur,
2029 1088 2099 1154 si,

523 1175 886 1246 distinguendi
917 1183 1107 1229 notum
1135 1176 1411 1230 hominem
1442 1176 1711 1246 abiguoto
1733 1217 1748 1240 ,
1782 1177 1992 1232 hostem
2030 1181 2100 1233 ab

522 1269 716 1330 amico,
748 1267 976 1336 probum
1011 1267 1080 1320 ab
1109 1267 1362 1336 improbo
1387 1283 1452 1322 ac
1484 1268 1736 1330 scelesto,
1771 1267 1918 1322 nulla
1943 1269 2099 1323 nobis

523 1358 752 1413 facultas
791 1359 1013 1412 daretur
1045 1376 1058 1413 :
1096 1375 1245 1424 nam,
1275 1359 1320 1413 si
1356 1359 1469 1413 haec
1502 1359 1812 1428 hujusniodi
1842 1375 1900 1414 se
1938 1360 2101 1415 habe-

523 1458 662 1506 rent.
696 1447 830 1502 nihil
862 1447 1146 1516 impediret
1181 1449 1313 1518 quin
1359 1463 1483 1502 cum
1530 1449 1846 1520 parentibus
1895 1452 2102 1505 sorori-

521 1554 732 1622 busque
757 1553 1050 1606 coiremus.
1079 1551 1134 1605 Si
1161 1550 1247 1605 fur
1268 1552 1319 1606 in
1349 1551 1494 1607 furto
1511 1553 1885 1623 deprehensus
1909 1556 2100 1624 paulu.

521 1645 630 1696 lum
670 1644 968 1697 declinaret
997 1659 1060 1697 ac
1085 1659 1205 1698 sese
1234 1644 1563 1699 immisceret
1588 1646 1789 1709 coetui,
1819 1662 2098 1716 nunquam

521 1735 756 1804 amplius
787 1735 1167 1806 agnoscendus
1189 1735 1462 1805 effugeret.
1496 1737 1601 1791 Sed
1633 1749 1686 1790 et
1723 1737 1864 1792 inter
1898 1738 2099 1794 liberos

522 1843 584 1879 ac
623 1836 873 1893 parentes
906 1825 1114 1878 nullum
1156 1826 1382 1879 omnino
1426 1827 1756 1897 cognitionis
1803 1828 2098 1883 discrimen

2207 627 2297 679 τὸν
2343 627 2645 696 ἀλλότριον,
2699 629 3049 700 ἢπολέμιον,
3106 629 3138 698 ἢ
3188 631 3448 699 χρηστὸν,
3499 629 3533 700 ἦ
3584 630 3797 699 φαῦλον

2206 721 2482 790 διακρῖναι
2515 723 2562 753 ³⁸
2608 721 2928 790 δυνάμενονο
2983 721 3175 774 τούτου
3231 720 3341 792 γὰρ
3386 721 3538 784 δντος
3581 721 3796 785 οὕτως,

2205 810 2359 865 οὐδὲν
2389 811 2628 866 ἐκώλυεν
2654 812 2917 882 ἀδελφαῖς
2942 814 3037 867 καὶ
3069 814 3310 883 μητράσι
3348 813 3797 884 συμμίγνυσθαι.

2208 903 2272 955 Τί
2303 903 2383 969 δὲ,
2421 906 2470 958 εί
2498 906 2748 960 κλέπτων
2776 923 2859 969 τις
2878 906 3176 977 κρατηθεὶς
3206 905 3422 977 ἀπέδρα
3449 908 3666 978 μικρὸν,
3699 908 3799 960 καί

2210 998 2482 1069 συνεμίγη
2525 999 2585 1052 ὲν
2629 1001 2745 1062 τοῖς
2776 1000 3086 1070 παροῦσιν;
3118 994 3228 1070 ἆρα
3268 998 3335 1052 ἂν
3372 998 3795 1070 ἀνεγνωρίσοη;

2207 1089 2482 1160 οὐδαμῶς.
2531 1090 2676 1144 Ἀλλ’
2707 1091 2832 1144 οὑδὲ
2874 1091 3114 1162 πατέρες
3159 1092 3253 1145 καὶ
3285 1090 3474 1154 παῖδες
3522 1091 3798 1161 ἀλλήλους

2207 1183 2525 1254 ἐγνώριζον.
2575 1184 2717 1237 Ἀλλ’
2761 1185 2884 1238 οὑδὲ
2931 1185 3060 1240 ἀλλο
3113 1203 3164 1238 τι
3211 1184 3441 1256 συνέστη
3488 1186 3596 1237 τῶν
3648 1185 3797 1238 κατά

2210 1275 2325 1344 βίον
2355 1277 2401 1308 ’³
2428 1280 2486 1330 ὲν
2517 1277 2826 1346 ἀνθρώποις
2873 1277 3112 1348 χρηστόν
3136 1293 3151 1308 ο
3201 1276 3401 1344 τυφλὸς
3457 1277 3567 1348 γὰρ
3621 1276 3689 1329 ἂν
3719 1273 3795 1346 ἦν

2208 1367 2374 1422 ἕνεκα
2415 1369 2526 1423 τῶν
2558 1370 2863 1441 ἀνθρώπων
2895 1373 2922 1424 6
2959 1369 3247 1441 ἄνθρωπος
3269 1412 3284 1435 ,
3338 1371 3511 1440 μικρά
3539 1369 3632 1422 τοῦ
3666 1369 3797 1438 βλέ-

2209 1476 2332 1512 πειν
2360 1461 2510 1532 αύτῷ
2537 1462 2986 1533 παρεσχομένων·
3013 1461 3157 1533 πλὴν
3181 1463 3290 1533 γάρ
3324 1462 3540 1531 ἡλικίας
3575 1463 3668 1514 καὶ
3700 1478 3799 1531 με⁸

2208 1551 2402 1619 γέθους
2447 1553 2599 1607 οὐδὲν
2655 1554 2783 1608 ἄλλο
2838 1554 3160 1622 διεγίνωσκε
3205 1554 3269 1607 ⁸⁸.
3321 1554 3604 1607 Τοσούτων
3655 1553 3794 1622 ἡμῖν

2208 1643 2429 1711 ἀγαθῶν
2455 1645 2605 1698 αἰτία
2636 1646 2861 1714 γέγονεν
2895 1646 2927 1716 ὴ
2962 1645 3196 1714 Πρόνοια
3229 1643 3584 1698 ποικίλλουσα
3612 1645 3658 1675 ’³
3690 1643 3796 1713 τὴν

2212 1736 2432 1806 μορφὴν
2478 1736 2588 1789 τῶν
2647 1735 2953 1807 ἀνθρώπων
2998 1737 3086 1789 διὰ
3143 1737 3379 1801 παντὸς,
3435 1737 3528 1788 καὶ
3583 1734 3797 1804 μηδένα

2208 1827 2399 1896 χρόνον
2417 1827 2636 1880 τοῦτο⁹⁶
2660 1827 3101 1898 παραλείπουσα·
3126 1831 3221 1881 καὶ
3241 1829 3301 1880 οὑ
3326 1828 3486 1896 μόνον
3507 1828 3564 1881 ὲν
3584 1830 3794 1897 μορφῇ,
3821 1895 3838 1908 0

521 1928 688 1971 esset.
730 1917 996 1973 Praeterea
1041 1919 1188 1974 aliud
1238 1920 1372 1974 nihil
1419 1919 1471 1972 in
1517 1921 1617 1974 hac
1643 1921 1957 1975 mortalium
1991 1922 2099 1977 vita

2204 1919 2341 1973 ἁλλά
2375 1921 2469 1976 καὶ
2507 1922 2565 1973 ἐν
2599 1923 2828 1990 φωναῖς,
2867 1922 2962 1975 καὶ
2993 1923 3052 1975 ὲν
3089 1925 3152 1992 τῇ
3188 1921 3296 1974 τῶν
3328 1921 3640 1991 χρωμάτων
3673 1919 3797 1972 δια-

520 2011 635 2065 li'eri
666 2011 937 2066 laudabile
963 2024 1148 2083 posset
1186 2031 1198 2068 :
1235 2029 1360 2066 nam
1396 2013 1594 2077 homo,
1629 2013 1867 2070 hominis
1905 2029 2094 2080 causa,

521 2119 698 2157 caecus
754 2104 1159 2172 quodammodo
1203 2113 1384 2170 esset,
1426 2120 1551 2159 cum
1582 2106 1722 2159 visui
1757 2105 1928 2175 ipsius
1962 2106 2098 2160 nihil

520 2194 668 2247 aliud
701 2195 1185 2264 comprehendere,
1209 2211 1374 2266 quam
1409 2205 1618 2250 atatem
1653 2204 1817 2265 atque
1853 2196 2100 2265 corporis

523 2284 952 2350 magnitudinem
993 2283 1234 2339 daretur.
1287 2284 1460 2340 Tanta
1503 2286 1666 2356 igitur
1715 2287 1856 2340 bona
1895 2286 2099 2342 summi

520 2373 798 2428 Creatoris
827 2376 1164 2444 providentia
1201 2393 1268 2432 ex
1313 2376 1500 2432 forma:
1541 2377 1595 2431 in
1625 2378 1884 2433 omnibus
1922 2378 2102 2432 varia-

2202 2013 2367 2082 φορᾷ,
2397 2012 2490 2066 καὶ
2523 2014 2580 2064 ὲν
2607 2013 2869 2083 ἡλικίαιςο
2899 2013 2984 2068 ἵνα
3014 2013 3368 2084 πολυτρόπως
3401 2013 3664 2083 βοηθῆται
3687 2012 3796 2082 τῆς

2202 2105 2553 2178 ἀνθρωπίνης
2587 2107 2808 2174 φύσεως
2863 2109 2896 2178 ή
2947 2109 3240 2173 ἀσθένεια,
3282 2107 3377 2161 καὶ
3423 2105 3799 2175 γινώσκοντες

2203 2199 2284 2262 ὡς
2319 2198 2573 2267 λογικοὶ,
2606 2200 2720 2264 οἵας
2768 2201 3024 2272 προνοίας
3072 2198 3368 2271 ἁξιούμεθα
3409 2199 3503 2254 καὶ
3531 2199 3698 2269 τιμῆς
3720 2200 3798 2260 ⁸⁷,

2209 2289 2283 2360 μὴ
2318 2287 2777 2361 καταισχύνωμεν
2808 2293 2905 2360 τὴν
2951 2291 3139 2359 φύσιν,
3196 2290 3334 2362 μηδὲ
3375 2287 3484 2342 τῶν
3517 2292 3610 2342 τοῦ
3653 2287 3800 2341 Θεοῦ

2203 2377 2424 2449 δωρεῶν
2452 2378 2862 2450 ἁποφανθῶμεν
2883 2381 2934 2443 ,³⁸
2961 2381 3196 2448 ἀνάξιοι.

518 2472 668 2524 tione
693 2471 1168 2544 discrepantiaque
1201 2475 1362 2529 nobis
1419 2475 1616 2546 largita
1675 2483 1778 2540 est,
1825 2485 1879 2530 et
1938 2475 2044 2531 hoc
2085 2474 2306 2546 quidem
2339 2491 2436 2547 per
2491 2476 2746 2531 universa
2775 2487 3017 2548 tempora
3050 2478 3258 2534 efficere
3293 2493 3400 2534 non
3428 2476 3643 2533 desinit.
3683 2473 3800 2530 Sed

517 2581 628 2620 non
656 2567 826 2637 figura
861 2577 1098 2636 tantum,
1123 2585 1314 2624 verum
1352 2571 1517 2625 etiam
1553 2571 1608 2624 in
1641 2572 1904 2638 vocibus,
1959 2571 2350 2642 coloribusque
2381 2581 2545 2642 atque
2585 2573 2840 2630 aetatibus
2915 2575 3210 2631 discrimen
3282 2576 3498 2640 visitur,
3538 2587 3648 2642 quo
3685 2570 3799 2626 liu-

516 2681 692 2718 mana:
723 2675 934 2719 natura:
1000 2666 1348 2722 imbecillitas
1403 2668 1781 2723 multimodam
1811 2684 1969 2739 Opem
2037 2669 2283 2725 sentiret.
2315 2668 2454 2725 Cum
2479 2671 2624 2724 enim
2654 2671 2848 2735 nobis,
2892 2687 2993 2742 pro
3067 2673 3112 2726 vi
3157 2671 3408 2727 rationali
3447 2684 3552 2740 qua
3581 2666 3796 2738 praediti

516 2771 748 2826 sumus,‘
773 2761 996 2830 planum
1031 2771 1244 2816 constet
1269 2773 1476 2831 quanto
1506 2779 1604 2818 nos
1639 2763 1840 2818 summi
1904 2761 2034 2830 Dei,
2079 2772 2133 2818 et
2168 2763 2434 2818 creatoris
2465 2763 2808 2834 providentia
2853 2764 3061 2820 honore
3127 2764 3438 2834 insignivit,
3472 2760 3792 2816 enitendum

517 2871 735 2908 summa
759 2870 860 2924 ope
902 2863 1010 2920 est,
1035 2869 1104 2909 ne
1153 2865 1409 2910 naturam
1467 2856 1641 2926 ipsam
1706 2855 2040 2926 turpitudine
2081 2854 2384 2910 adiciamus
2411 2896 2426 2922 ,
2467 2871 2532 2912 ac
2593 2866 2705 2911 tam
2749 2857 2995 2928 praeclari
3028 2859 3273 2913 muneris
3313 2855 3518 2926 indigni
3572 2854 3796 2925 penitus

515 2946 817 3000 videamur.

590 3037 718 3092 llaec
748 3047 928 3092 autem
957 3039 1089 3093 mihi
1113 3039 1180 3094 de
1203 3049 1389 3095 nostro
1411 3055 1662 3112 corpore,
1683 3041 1915 3112 ejusque
1949 3048 2099 3096 stru-

515 3141 672 3186 ctura
696 3132 1220 3202 constitutioneque,
1245 3148 1308 3187 ac
1339 3133 1665 3189 formatione
1689 3147 1789 3188 nec
1817 3149 1922 3187 non
1953 3147 2100 3187 com-

519 3225 792 3294 positione
844 3224 1156 3294 collegisse,
1202 3225 1621 3295 composuisse,
1668 3241 1732 3280 ac
1775 3225 1931 3294 quasi
1961 3239 2097 3280 con-

516 3316 755 3371 texuisse
787 3325 840 3370 et
869 3317 1214 3372 conseruisse
1234 3318 1412 3372 visum
1439 3327 1540 3372 est.
1563 3316 1748 3387 Neque
1769 3320 1912 3372 enim
1940 3317 2097 3371 nobis

517 3409 653 3464 satis
685 3416 936 3473 constat,
965 3408 1012 3463 si
1048 3409 1099 3463 id
1123 3451 1138 3476 ,
1175 3419 1233 3463 ut
1271 3410 1593 3479 praeclarum
1626 3409 1888 3464 artificem
1919 3409 2096 3476 decet,

516 3509 668 3564 arte,
725 3515 930 3565 necne,
983 3501 1066 3555 vel
1120 3501 1417 3571 prudenter
1448 3502 1791 3557 effecerimus
1817 3544 1831 3566 ,
1869 3512 1928 3556 ut
1960 3517 2099 3571 opus

515 3602 784 3656 nostrum,
810 3607 840 3646 a
871 3592 1118 3662 pluribus
1149 3593 1494 3662 probaretur.
1523 3593 1658 3660 Quis
1683 3594 1830 3650 enim
1857 3595 2010 3658 satis,
2036 3609 2100 3649 ac

515 3701 618 3756 pro
651 3687 868 3749 merito,
915 3684 1128 3740 Domini
1160 3687 1458 3754 potentiam
1505 3701 1750 3752 narrare,
1787 3701 1852 3742 ac
1889 3687 2102 3741 auditas

517 3779 697 3832 facere
744 3778 930 3834 Iaudes
975 3779 1097 3848 ejus
1151 3788 1313 3846 atque
1358 3778 1936 3848 incomprehensibiles
1985 3781 2102 3835 vias

515 3872 637 3939 ejus
656 3870 1061 3939 deprehendere
1101 3879 1283 3940 queat,
1312 3870 1415 3925 nisi
1451 3880 1713 3938 quantum
1757 3871 1929 3939 ipsius
1976 3885 2101 3924 mu-

521 3975 651 4015 nere
681 3959 890 4013 homini
920 3960 1106 4014 datum
1136 3969 1239 4014 est.
1278 3959 1407 4024 Sed,
1445 3976 1567 4014 cum
1603 3961 1656 4014 in
1683 3961 1809 4024 hoc,
1833 3961 2101 4030 judicium

521 4061 772 4106 nostrum
795 4051 1224 4117 ostenderimus,
1257 4051 1680 4121 haudquaquam
1709 4051 2099 4118 iuliciabimur,

509 4162 549 4200 ea
581 4160 910 4214 quocunque
945 4145 1058 4199 hinc
1087 4145 1400 4199 accuratius
1435 4144 1697 4214 explicari
1734 4161 1917 4215 posse.
1969 4144 2102 4198 Etsi

520 4239 795 4308 quispiam
828 4252 1014 4294 secum
1054 4236 1214 4307 139
1231 4236 1336 4291 hoc
1353 4252 1489 4307 opus
1510 4237 1924 4302 auimadvertet,
1950 4237 2104 4306 plura

519 4327 708 4391 etiam,
745 4343 908 4397 quam
940 4343 1062 4396 qua:
1092 4343 1120 4380 a
1155 4327 1316 4381 nobis
1359 4328 1754 4397 comprehensa
1792 4335 1954 4392 sunt,
2011 4341 2105 4396 pe-

521 4419 721 4472 nitiora
741 4419 999 4488 indagare
1032 4418 1260 4488 poterit;
1291 4427 1530 4474 attamen
1552 4433 1939 4489 quamcunque
1966 4432 2103 4483 rem,

517 4509 583 4563 ad
625 4509 914 4579 praesentis
957 4510 1142 4578 eperis
1172 4510 1369 4564 seriem
1408 4510 1708 4564 addendam
1756 4525 1878 4564 esse
1915 4524 2104 4563 cense—

515 4601 615 4664 bit,
651 4602 768 4655 hmc
792 4602 980 4664 etiam,
1014 4601 1068 4653 in
1107 4601 1346 4655 medium
1371 4615 1497 4655 cum
1553 4601 1661 4655 illis
1693 4615 1814 4670 quae
1860 4615 1960 4653 nos
2001 4616 2099 4654 ex-

516 4691 865 4760 plicavimus,
894 4706 1002 4744 una
1033 4690 1320 4745 nobiscum
1354 4690 1546 4745 afl'erre
1568 4692 1818 4746 studeat:
1849 4691 2100 4746 videlicet

515 4797 755 4852 quonam
779 4792 937 4851 pacto
955 4782 1120 4837 facies
1142 4782 1281 4853 ipsa,
1307 4783 1621 4852 principalis
1639 4783 1874 4838 hominis
1899 4785 2096 4852 portio,

515 4873 754 4941 septenis
783 4872 1146 4928 foraminibus
1169 4913 1184 4937 ,
1219 4871 1433 4929 duobus
1459 4874 1712 4928 videlicet
1750 4875 1922 4930 oculis
1948 4915 1962 4940 ,
2005 4892 2098 4947 ge-

517 4965 685 5020 minis
719 4967 972 5027 auribus.
1003 4981 1066 5020 ac
1101 4967 1324 5021 totidem
1350 4967 1596 5029 naribus.
1619 4975 1674 5021 et
1702 4967 1814 5022 oris
1836 4978 2096 5038 praeterea

516 5059 689 5123 hiatu,
724 5058 993 5112 terebrata
1025 5059 1117 5114 sit.
1145 5059 1282 5112 Tum
1311 5074 1422 5128 quo
1445 5069 1602 5128 pacto
1621 5062 1925 5124 cerebrum,
1950 5059 2097 5130 quod

513 5169 711 5206 sensus
772 5153 1180 5221 receptaculum
1233 5163 1357 5217 est,
1414 5162 1610 5222 pra‘ter
1661 5154 1797 5208 alias
1844 5153 2097 5208 animalis

511 5255 692 5315 partes
727 5245 987 5315 frigidum
1019 5255 1074 5299 et
1120 5245 1403 5299 humidum
1440 5245 1671 5302 habetur
1699 5262 1713 5298 :
1745 5246 1839 5300 sed
1876 5255 1930 5299 et
1957 5261 2096 5313 quo.

515 5337 676 5392 modo
721 5338 1079 5408 cogitationes
1131 5334 1465 5403 formentur,
1524 5353 1702 5408 neque
1752 5337 2094 5392 bumiditatis

511 5444 698 5494 causa,
738 5431 1068 5484 dilabantur.
1106 5426 1188 5482 Ad
1215 5427 1328 5485 haec
1352 5431 1628 5500 quomodo
1655 5428 1928 5482 nonnulla:
1972 5443 2094 5482 cor-

581 5655 627 5728 f’
661 5653 932 5728 διακρίναι
988 5657 1046 5728 Β.
1149 5657 1194 5687 ⁵³
1221 5657 1327 5728 τὸν,
1361 5658 1472 5728 βίον
1503 5658 1543 5711 Β
1595 5659 1654 5712 Ρ.

513 5723 688 5794 τοῦτο
729 5723 880 5794 ΒΨ.
993 5727 1038 5758 ⁹⁷
1065 5729 1253 5792 τιμαῖς
1306 5723 1371 5780 Αξ
1476 5729 1520 5759 ⁹⁸
1559 5728 1926 5794 ἀναφανῶμεν
1978 5728 2037 5782 Β.

518 5793 532 5865 ξ
565 5793 819 5865 εὑρήσοις
852 5793 908 5845 Β.
937 5863 958 5865 α
1008 5798 1028 5826 ⁸
1066 5797 1387 5864 εὑρημένων
1425 5799 1485 5850 Λ.
1593 5801 1612 5828 ³
1645 5793 1932 5865 συνςρέροις
1968 5799 2024 5853 Β.

518 5862 671 5926 ζώων
705 5863 764 5916 Β.
842 5865 858 5892 ⁷
894 5863 1000 5915 τῶν
1031 5862 1237 5931 μορίων
1277 5865 1314 5917 Β
1347 5867 1425 5919 l";
1481 5869 1501 5898 ⁸
1535 5868 1600 5920 τὰ
1652 5867 1706 5919 δὲ
1745 5862 1945 5938 ἰσχυρὰ

1757 5659 1802 5690 9”
1833 5658 1947 5711 lure
2000 5674 2029 5712 τι
2063 5658 2261 5727 τυφλὸς
2313 5675 2483 5724 usque
2531 5675 2640 5712 om.
2681 5659 2721 5711 Β
2765 5659 2825 5712 C.

2269 3035 2524 3091 Τοσαῦτα
2553 3053 2645 3106 μοι
2677 3055 2808 3109 περι
2833 3041 2927 3092 τοῦ
2958 3037 3212 3107 σώματος
3241 3041 3272 3110 ἡ
3282 3040 3398 3110 μῶν
3423 3041 3515 3094 καὶ
3541 3043 3636 3111 τῆς
3667 3045 3796 3098 τού-

2195 3143 2289 3179 του
2321 3128 2705 3198 κατασκευῆς,
2763 3130 2858 3182 καὶ
2903 3129 3249 3194 διαπλάσεως
3280 3171 3292 3195 ,
3342 3135 3438 3186 καὶ
3484 3133 3795 3201 συνθέσεως

2125 3247 2167 3304 C
2203 3219 2512 3290 συνήνωται
2544 3214 2612 3287 θ’,
2647 3221 2741 3274 καὶ
2770 3221 3120 3276 συλλέλεκται
3143 3261 3158 3287 ,
3191 3224 3283 3277 καὶ
3312 3225 3652 3281 συντέθειται
3693 3232 3795 3282 καὶ

2201 3306 2312 3368 οἷον
2345 3313 2660 3385 συνυφάνθη
2705 3315 2800 3367 καὶ
2843 3315 3320 3387 συνηρμολογήθη.
3366 3316 3483 3372 Οὐκ
3522 3314 3640 3372 οἶδα
3689 3322 3794 3392 μὲν

2200 3408 2250 3458 εἰ
2277 3395 2610 3478 ἐντέχνωςῆ
2652 3407 2922 3471 συνετῶς,
2966 3408 2999 3478 ἢ
3032 3407 3348 3471 ἀποδεκτῶς
3395 3413 3505 3473 τοῖς
3546 3412 3782 3477 πολλοῖς.

2201 3497 2298 3560 Τίς
2329 3498 2438 3568 γὰρ
2472 3499 2656 3562 ἱκανὸς
2685 3498 2918 3567 λαλῆσαι
2954 3499 3051 3563 τὰς
3081 3501 3402 3566 δυναστείας
3425 3503 3522 3556 τοῦ
3557 3505 3782 3576 Κυρίου,

2200 3589 2235 3659 ἢ
2289 3590 2562 3654 ἀκουστάς
2603 3592 2829 3661 ποιῆσαι
2875 3593 3054 3656 πάσας
3096 3595 3196 3658 τάς
3243 3597 3480 3660 αξνέσεις
3526 3599 3786 3671 αὐτοῦ’-ἤ

2203 3682 2314 3734 τῶν
2344 3681 2480 3734 ὁδῶν
2516 3681 2685 3735 αὑτοῦ
2717 3683 2778 3736 τὸ
2817 3684 3226 3754 ἀνεξιχνίαστον
3265 3689 3358 3740 καὶ
3399 3689 3794 3758 ἀκατάληπτον

2205 3773 2572 3840 κατα).α6εῖν;
2603 3773 2743 3844 πλὴν
2777 3776 2914 3830 ἀλλά
2951 3778 3046 3830 καὶ
3075 3777 3193 3847 Θεῷ
3229 3779 3382 3846 φίλον
3426 3781 3486 3834 τὸ
3527 3784 3669 3836 κατά
3700 3784 3796 3836 δύο

2203 3883 2389 3934 ναμιν.
2432 3867 2542 3919 Καὶ
2587 3866 2652 3918 σὺ
2695 3866 2740 3918 δ’
2790 3867 2857 3920 ἂν
2909 3868 3052 3922 κατὰ
3113 3870 3341 3922 σεαυτὸν
3391 3873 3796 3940 ἀναλεγόμενος

2205 3955 2436 4019 πολλοὺς
2464 3957 2722 4027 εὑρήσεις
2754 3958 2769 3987 ¹
2808 3959 3044 4020 σκοποὺς
3079 3957 3302 4028 ἔχοντάς
3337 3976 3387 4013 τι
3419 3961 3526 4014 τῶν
3559 3964 3794 4034 εἰρημέ-

2203 4066 2310 4103 νων
2339 4051 2359 4081 ¹
2395 4048 2714 4119 βαθύτεροψ
2757 4049 2852 4102 καὶ
2881 4051 2910 4103 ὃ
2933 4068 2985 4102 τι
3028 4050 3094 4103 ἂν
3128 4053 3491 4126 συνεισφέρῃς
3525 4055 3546 4086 ³
3582 4057 3662 4116 εἰς
3690 4056 3794 4125 τὴν

2204 4141 2490 4212 παροῦσαν
2521 4141 2801 4206 ὑπόθεσιν,
2832 4143 2928 4195 καὶ
2958 4143 3092 4212 ἡμῖν
3117 4143 3274 4196 τοῦτο
3296 4145 3395 4217 ἔσῃ
3426 4147 3790 4217 συνειληχῶς·

2204 4227 2317 4286 οἷον
2365 4232 2481 4296 πῶς
2510 4233 2571 4286 τὸ
2609 4233 3086 4304 ἡγεμονικώτατον
3111 4235 3132 4268 ⁸
3159 4236 3254 4288 τοῦ
3291 4237 3432 4301 ζώου
3470 4239 3791 4310 πρόσωπον,

2205 4326 2461 4396 ἑπταχῆ⁵
2499 4327 2949 4396 κατατέτρηται·
2991 4326 3144 4379 δυσὶν
3193 4327 3495 4399 ὀφθαλμοῖς
3543 4332 3635 4383 καὶ
3680 4332 3792 4386 ὠσὶ

2203 4415 2318 4478 δύο,
2355 4416 2490 4479 ἴσοις
2527 4417 2854 4486 μυκτῆρσιν,
2887 4415 3102 4487 ὲὸδὸμῳ
3136 4417 3395 4487 στόματι;
3425 4420 3548 4484 Πῶς
3569 4423 3596 4473 6
3622 4423 3791 4489 ἐγκέ-

2208 4507 2394 4574 φαλος,
2417 4508 2446 4558 ὁ
2471 4509 2570 4569 τὰς
2609 4507 2889 4578 αἰσθήσεις
2921 4506 3215 4577 δεχόμενος
3237 4549 3251 4575 ,
3300 4509 3505 4580 ψυχρός
3545 4512 3662 4562 ὲστι
3694 4513 3792 4564 καὶ

2134 4602 2176 4656 ι)
2206 4599 2392 4668 ὑγρὸς,
2421 4598 2561 4668 ὑπὲρ
2596 4598 2776 4650 πάντα
2803 4598 2871 4650 τά
2906 4596 3020 4660 ζῶα
3047 4599 3088 4630 ⁸⁸·
3140 4600 3234 4652 καὶ
3273 4601 3390 4662 πῶς
3430 4601 3694 4656 τυποῦται
3729 4604 3791 4655 τὺ

2207 4691 2426 4757 νόημα,
2471 4688 2568 4739 καὶ
2621 4689 2720 4740 οὑκ
2764 4688 3059 4741 ὀλισθαίνει
3109 4689 3196 4742 διὰ
3229 4690 3528 4762 ὑγρότητας
3566 4693 3693 4755 Πῶς
3722 4693 3791 4746 τὰ

2212 4781 2312 4852 μὲν
2345 4781 2508 4851 μόρια
2539 4782 2558 4811 ⁷
2584 4780 2765 4850 Οερμά
2791 4783 2916 4846 stat,
2967 4781 3034 4833 τὰ
3077 4781 3131 4833 δὲ
3168 4781 3354 4852 ψυχρά
3378 4781 3416 4845 ⁸,
3459 4783 3529 4834 τὰ
3563 4783 3620 4836 δὲ
3663 4785 3789 4837 κατ’

2206 4873 2493 4944 ἀμφότερα
2515 4888 2529 4936 ;
2564 4872 2685 4934 Πῶς
2711 4871 2777 4925 τὰ
2807 4872 2907 4940 μὲν
2933 4871 3158 4940 ἀσθενῆ,
3183 4874 3252 4926 τὰ
3278 4873 3334 4926 δὲ
3367 4875 3593 4946 ίσχυρὰ;
3627 4877 3747 4940 πῶς
3768 4879 3788 4910 ⁸

2205 4965 2274 5017 τά
2306 4964 2403 5034 μὲν
2425 4964 2594 5025 ἁπλᾶ,
2632 4963 2699 5016 τά
2727 4963 2785 5015 δὲ
2809 4962 3061 5016 σύνθετα⁸
3095 4965 3212 5026 πῶς
3235 4963 3302 5016 τὰ
3330 4963 3430 5032 μὲν
3465 4967 3792 5034 συμφύτους

2205 5057 2320 5126 ἔχει
2346 5057 2386 5088 ¹⁶
2416 5056 2698 5125 δυνάμεις,
2730 5055 2800 5108 τά
2825 5055 2880 5107 δὲ
2911 5055 3264 5126 ἑπιρρύτουςο
3293 5058 3362 5110 τὰ
3386 5057 3444 5110 δὲ
3470 5059 3790 5128 συμφύτους

2207 5149 2325 5219 ἅμα
2363 5149 2455 5202 καὶ
2485 5147 2814 5219 ὲπιρῤύτουε
2844 5149 2909 5207 ¹¹;
2945 5147 3072 5210 Πῶς
3104 5147 3334 5201 ἕκαστον
3369 5150 3549 5202 αὑτῶν
3583 5152 3789 5204 τέσσαο

2207 5259 2307 5310 ρας
2347 5242 2608 5310 δυνάμεις
2659 5239 2773 5310 ἔχει
2827 5239 2886 5291 ἐν
2937 5241 3115 5310 ἑαυτῷ
3171 5241 3443 5307 ξωτικάςς
3501 5242 3626 5305 Πῶς
3677 5245 3791 5298 τῶν

2203 5333 2441 5402 ἀγγείων
2471 5332 2539 5385 τὰ
2577 5332 2674 5402 μὲν
2705 5331 2936 5402 πέμπει,
2969 5331 3039 5384 τὰ
3070 5333 3126 5384 δὲ
3159 5332 3402 5403 δέχεται,
3435 5333 3504 5386 τὰ
3535 5334 3590 5386 δὲ
3619 5336 3791 5387 κατέο

2202 5447 2307 5500 χει,
2342 5428 2410 5482 τά
2437 5429 2493 5482 δὲ
2521 5428 2846 5501 ἀποκρίνεις
2878 5428 3001 5492 Πῶς
3032 5433 3229 5500 τροφαὶ
3260 5431 3321 5482 τὸ
3367 5429 3524 5502 σῶμα
3554 5432 3792 5502 διακρα-

2903 5661 2948 5692 θδ
3016 5661 3336 5714 ποικίλουσα
3390 5663 3448 5715 Β.
3527 5665 3572 5695 ⁹⁶
3604 5668 3790 5720 ποιεῖν

2142 5730 2188 5760 ⁰⁹
2226 5730 2568 5782 συνείλεκται
2623 5732 2717 5782 καὶ
2764 5731 3070 5798 συνήνωται
3120 5731 3180 5792 Β,
3231 5733 3328 5785 καὶ
3369 5733 3520 5787 συλλ.
3555 5752 3665 5790 οιιι.
3724 5737 3787 5791 Ι).

2131 5801 2153 5830 ⁸
2184 5801 2283 5869 ἡγε
2295 5801 2661 5868 μονιγέῦτερον
2683 5868 2688 5869 γ
2725 5799 2783 5852 Β.

1988 5869 2046 5924 Β.
2125 5872 2145 5902 ⁹
2173 5873 2267 5922 καὶ
2296 5870 2412 5933 πῶς
2445 5869 2504 5922 Β.

3361 5805 3380 5833 ⁶
3409 5807 3628 5857 πάντων
3671 5809 3792 5862 τῶν

3091 5873 3129 5902 ¹¹
3159 5873 3254 5931 ult.
3296 5874 3410 5931 haec
3441 5891 3552 5932 out.
3575 5875 3634 5930 Β.

2895 5802 2914 5831 ⁸
2963 5801 3158 5869 ἑπταχὶ
3194 5802 3253 5856 Β.

2587 5870 2629 5900 ¹⁰
2666 5868 2778 5939 ἔχει
2809 5885 2917 5924 om.
2953 5870 3009 5924 Β.
