4142 6472
369 416 503 475 ηὸί

1623 411 1712 466 DE
1748 410 2039 468 NA'I‘URA
2086 411 2394 469 IIOMINIS.

3542 425 3683 483 {28-2

365 537 544 602 τοῦσι,
584 537 680 591 καὶ
713 537 831 601 πῶς
864 534 1270 590 ὲπιλειπουσῶν
1300 534 1343 566 ¹¹
1372 533 1793 606 διαφθείρεται;
1838 535 1963 599 Πῶς

2071 535 2221 606 poris
2250 536 2426 591 nostri
2457 546 2662 607 partes,
2704 538 2930 609 calidae,
2975 540 3096 598 alia:
3134 541 3347 615 frigida:
3370 584 3386 611 ,
3434 546 3685 619 quardam

365 635 399 705 ἠ
431 632 632 702 καρδία
668 633 770 703 τὴν
800 630 1050 703 ἔμφυτον
1096 628 1417 703 χορηγοῦσα
1463 628 1544 700 τῷ
1586 628 1801 699 σώματι
1840 628 1970 699 Osp-

369 724 631 797 μανσίαν,
678 724 780 794 τῆς
846 723 1138 796 ἐνεργείας
1188 723 1290 794 οὐχ
1344 722 1565 776 ἵσταται
1622 722 1829 794 ἔχουσα
1877 721 1972 775 αύ-

364 819 464 891 τὴν
499 818 543 851 ’⁸
586 818 734 873 κατὰ
784 816 987 887 etiam);
1041 816 1168 882 Πῶς
1211 814 1480 888 χυλοῦται
1525 814 1595 869 τὰ
1639 814 1826 893 σιτία,
1874 816 1971 869 xal

363 912 693 984 καθαίρεται
724 912 815 987 ,τὸ
872 906 1052 983 αἷμα,
1115 910 1212 977 καί
1268 908 1624 980 διατρέφεται
1668 907 1729 962 τὺ
1775 907 1967 979 σῶμα,

362 1008 455 1060 καὶ
490 1008 560 1059 τὰ
604 1004 857 1059 σκύϐαλα
907 1003 1291 1077 διακρίνεται,
1344 1002 1440 1057 καὶ
1491 1001 1555 1056 τὸ
1611 996 1776 1072 οὖρον
1843 1017 1973 1054 συν-

362 1098 772 1163 αποσάλλεται;
822 1095 948 1161 Πῶς
1000 1096 1061 1150 δὲ
1110 1095 1502 1150 συνδεδεταιίδ
1552 1093 1624 1147 τὰ
1659 1093 1822 1165 μέλη,
1877 1092 1974 1147 καὶ

365 1191 754 1264 συνήρθρωται
791 1190 863 1243 τὰ
909 1188 1088 1260 μέρη,
1120 1187 1218 1242 καὶ
1269 1186 1612 1259 διήρθρωται
1644 1184 1716 1239 τὰ
1756 1185 1968 1257 ἄρθρα,

365 1286 460 1338 καὶ
496 1284 807 1337 συντίθεται
839 1282 881 1316 ¹³
904 1281 971 1334 τὰ
1002 1282 1173 1347 ὀστᾶς
1207 1280 1320 1334 Καὶ
1346 1281 1389 1312 ⁸⁸
1418 1280 1537 1343 πῶς
1565 1277 1673 1332 τῶν
1699 1277 1873 1331 ὀστῶν
1902 1277 1973 1331 τὰ

367 1378 468 1450 μὲν
500 1376 749 1450 σκληρὰ,
784 1376 856 1430 τὰ
899 1375 958 1429 δὲ
993 1374 1241 1447 μαλακάκ
1290 1373 1361 1428 τὰ
1398 1372 1457 1427 δὲ
1495 1373 1538 1406 ¹⁷
1573 1371 1762 1436 κοῖλα,
1812 1370 1881 1425 τὰ
1913 1371 1973 1425 δὲ

364 1469 583 1524 ἄκοιλα·
615 1471 683 1524 τὰ
712 1469 770 1523 δὲ
805 1469 945 1540 μετὰ
977 1466 1215 1538 μυελῶν,
1241 1466 1313 1520 τὰ
1333 1466 1390 1519 δὲ
1424 1465 1675 1537 ἀμύελα;
1711 1464 1837 1528 Πῶς
1862 1462 1973 1518 τῶν

364 1562 574 1634 νεύρων
607 1561 677 1615 τὰ
709 1560 810 1632 μὲν
842 1560 988 1614 κατὰ
1032 1556 1322 1627 συζυγίαν,
1354 1556 1426 1611 τὰ
1467 1557 1528 1611 δὲ
1560 1557 1654 1611 καὶ
1703 1554 1974 1626 μοναδικὰ

365 1656 546 1710 διόλου
590 1656 686 1710 τοῦ
725 1653 981 1727 σώματος
1031 1654 1519 1724 ἑγκατέσπαρται;
1561 1651 1767 1722 ὁμοίως
1810 1650 1973 1704 καλη

365 1749 564 1819 φλέϐες
594 1749 691 1803 καὶ
718 1749 859 1821 ἀρτη
873 1748 1025 1818 ρίαι;
1058 1746 1186 1810 Πῶς
1216 1746 1327 1800 τῶν
1362 1745 1573 1817 μορίων
1602 1746 1635 1816 ἧ
1685 1745 1973 1815 στοιχείων

362 1843 456 1897 τοῦ
513 1842 773 1912 σώματος
814 1842 883 1895 τὰ
918 1843 1016 1912 μὲν
1045 1840 1115 1894 δι’
1149 1839 1323 1895 ἑαυτὰ
1358 1841 1400 1873 ⁸⁸
1435 1839 1656 1909 γέγονε,
1700 1838 1774 1892 τὰ
1809 1838 1867 1892 δὲ
1906 1838 1973 1891 δι’

2076 628 2368 698 utriusque
2402 633 2818 700 temperamenti
2846 633 2978 688 sint.
3014 634 3079 690 Et
3110 649 3221 706 qua
3248 637 3466 693 ratione
3488 677 3504 700 ,
3534 653 3679 693 non~

2075 722 2242 777 nulla:
2271 722 2464 777 valida:
2488 722 2789 794 fortesque,
2819 726 2942 782 aliae
2971 727 3297 796 imbecilles,
3320 740 3376 786 et
3398 730 3518 786 alia?
3534 747 3686 788 com-

2079 814 2294 885 positae,
2332 814 2455 871 alia:
2483 814 2763 886 simplices
2792 818 3119 874 habeantur.
3152 820 3293 877 Tum
3328 824 3684 893 quamobrem

2078 909 2331 980 quaedam
2365 908 2613 965 membra
2656 909 2876 979 insitas,
2917 912 3182 969 nonnulla
3217 914 3547 971 adventitias
3607 916 3688 971 fa-

2081 1000 2319 1055 cultates
2360 1000 2557 1054 sortita
2595 1000 2728 1054 sint.
2771 998 3047 1057 Praeterea
3074 1042 3090 1067 ,
3122 1004 3405 1072 quomodo
3446 1005 3684 1075 partium

2075 1095 2359 1165 quaelibet,
2392 1103 2631 1166 quatuor
2661 1094 2716 1149 iu
2742 1110 2804 1151 se
2833 1095 3032 1152 vitales
3061 1094 3353 1154 facultates
3382 1098 3684 1154 contineat.

2074 1187 2159 1243 Ad
2204 1187 2354 1253 haec,
2401 1188 2684 1258 quomodo
2725 1188 2831 1242 alia
2864 1188 2918 1243 in
2945 1204 3177 1260 corpore
3201 1201 3397 1245 nostro
3434 1193 3683 1255 vascula,

2078 1280 2373 1351 delegandi
2397 1291 2691 1352 potestate,
2718 1281 2971 1352 quaedam
2996 1282 3297 1353 recipiendi
3319 1322 3333 1347 ,
3368 1284 3473 1339 alia
3507 1285 3686 1341 conti-

2076 1373 2283 1439 nendi,
2336 1374 2444 1428 alia
2490 1373 2825 1428 excernendi
2879 1374 3112 1445 praedita
3162 1355 3293 1430 sint.
3337 1375 3444 1430 Sed
3479 1387 3532 1432 et
3572 1392 3685 1446 quo

2075 1474 2238 1537 pacto
2268 1466 2339 1520 ab
2367 1467 2646 1522 alimentis
2677 1483 2880 1538 corpus
2909 1478 3284 1535 sustentetur,
3316 1479 3369 1526 et
3403 1474 3686 1541 quomodo

2077 1559 2215 1630 ipsis
2254 1560 2638 1616 deficientibus
2679 1561 3018 1617 destruatur.
3052 1562 3135 1618 Ad
3169 1563 3287 1621 hac
3314 1564 3505 1631 etiam,
3538 1581 3685 1637 quo-

2075 1653 2242 1708 tnudo
2266 1667 2387 1717 cor,
2414 1667 2541 1708 cum
2577 1652 2801 1709 insitum
2850 1654 2954 1709 sibi
2991 1671 3019 1708 a
3055 1665 3249 1711 natura
3287 1657 3530 1713 calorem
3581 1659 3682 1713 toti

2076 1748 2300 1819 corpori
2327 1739 2696 1819 impertiatur,
2721 1749 2792 1804 ab
2826 1748 3148 1820 bnjusmodi
3186 1750 3349 1806 oﬂicii
3399 1751 3682 1807 functio'ue

2079 1857 2371 1911 nunquam
2404 1851 2607 1898 cessat.
2634 1840 2928 1908 Prmterea,
2979 1843 3185 1913 quibus
3211 1844 3393 1900 modis
3442 1846 3599 1900 (‘iilllS
3625 1845 3680 1899 in

296 1923 309 1936 ’
362 1937 501 1992 ἄλλα
522 1938 605 2003 ¹⁰;
639 1937 751 1990 Kal
775 1935 894 1999 πῶς
923 1935 1026 2006 ούχ
1055 1934 1265 2006 ἡλικίαι
1302 1935 1473 1987 πᾶσιν
1500 1933 1557 1987 αί
1587 1932 1752 1987 αὐταὶ
1769 1932 1837 1993 “,
1874 1931 1963 1984 ού-

2080 1949 2307 1989 sncrum
2343 1944 2612 2000 vertatur,
2650 1949 2715 1990 ac
2759 1936 2989 2005 sanguis
3013 1934 3336 2005 depuretur,
3367 1952 3683 2007 corpusque

361 2029 419 2083 δὲ
452 2028 766 2102 προσώπων
796 2027 1177 2101 χαρακτῆρες,
1209 2028 1333 2083 οὐδὲ
1365 2027 1688 2098 ὁμοιότητες
1744 2024 1965 2096 φωνῶν.

359 2121 484 2176 οὐδὲ
511 2122 828 2195 χρωμάτων
860 2121 1191 2194 ὲμφέρειαι;

2076 2024 2399 2079 alimentum
2432 2026 2663 2091 nutriat,
2688 2035 2742 2080 et
2771 2036 2987 2081 stercus
3008 2037 3338 2081 excernatur
3360 2027 3684 2083 humidum-

2076 2133 2187 2188 que
2210 2128 2623 2174 excrementum
2652 2119 2987 2190 emingatur.
3019 2117 3311 2186 Quomodo
3340 2120 3473 2175 item
3507 2136 3683 2175 mem-

361 2220 459 2276 bra
494 2220 848 2294 colligentur,
876 2228 933 2276 et
962 2217 1402 2276 coarticulentur
1429 2225 1642 2290 partes,
1704 2231 1771 2272 ac
1789 2214 2006 2271 articuli
2064 2215 2301 2271 invicem
2360 2215 2834 2284 dearticulentur,
2890 2227 2945 2272 et
2991 2232 3120 2273 ossa
3199 2218 3499 2288 composita
3547 2219 3677 2275 sint.

362 2313 519 2381 item,
551 2330 653 2369 cur
678 2327 808 2371 ossa
848 2311 1103 2386 quaedam
1142 2312 1305 2379 dura,
1334 2312 1588 2384 quasdam
1617 2311 1825 2377 mollia,
1856 2310 1963 2365 alia
2002 2324 2268 2378 concava,
2302 2310 2567 2366 nonnulla
2625 2310 3039 2366 concavitatum
3087 2312 3334 2382 expertia
3359 2353 3375 2379 ,
3423 2311 3678 2383 quaedam

362 2412 658 2469 medullam
688 2413 974 2479 habentia,
1007 2412 1115 2469 alia
1147 2411 1357 2482 absque
1395 2409 1638 2467 medulla
1683 2409 1959 2465 visuntur.
2026 2404 2134 2463 Sed
2202 2406 2485 2479 quomodo
2547 2416 2605 2464 et
2651 2423 2947 2463 nervorum
3000 2408 3223 2479 quidam
3272 2407 3680 2479 conjugationis

360 2505 561 2575 gratia,
604 2505 707 2562 alii
735 2506 994 2569 solitarii,
1028 2505 1144 2560 sive
1175 2505 1524 2575 singulares,
1554 2504 1749 2559 eodem
1798 2501 1965 2557 modo
1997 2509 2053 2556 et
2082 2517 2254 2561 venae.
2298 2510 2354 2557 ct
2420 2502 2659 2566 arteriae,
2692 2500 3101 2558 diffunduntur.
3157 2501 3296 2557 Tum
3330 2517 3436 2573 qua
3464 2501 3681 2557 ratione

363 2597 603 2665 partium
640 2597 729 2652 vel
764 2596 1016 2668 corporis
1054 2596 1480 2663 elementorum,
1526 2595 1633 2651 alia
1673 2595 1786 2658 sui,
1854 2595 2121 2655 nonnulla
2176 2594 2410 2650 aliorum
2480 2610 2683 2663 causa,
2750 2604 3043 2665 procreata
3118 2593 3280 2668 140
3326 2603 3478 2651 sunt.
3528 2591 3677 2648 Prae-

362 2705 515 2749 lcrca
548 2712 561 2749 :
589 2709 699 2765 qua
729 2694 799 2750 de
827 2710 995 2750 causa
1019 2710 1213 2750 omnes
1238 2703 1451 2764 states,
1472 2710 1582 2751 non
1609 2695 1840 2759 eaedem,
1887 2707 1989 2748 nec
2028 2691 2295 2750 facierum
2366 2700 2627 2765 aspectus
2648 2735 2665 2762 ,
2732 2707 2912 2764 neque
2947 2706 3146 2748 vocum
3196 2691 3500 2747 similitudo
3523 2733 3539 2760 ,
3581 2690 3675 2747 sed

360 2806 461 2845 nec
484 2792 737 2847 colorum
761 2793 1051 2863 aequalitas
1073 2792 1404 2851 habeantur.

434 2887 546 2942 Kal
576 2887 668 2943 ἵνα
693 2890 775 2953 είς
807 2889 971 2943 πλέον
995 2891 1042 2922 ¹¹
1091 2890 1318 2946 πλείονα
1350 2890 1514 2956 δόξαν
1545 2890 1646 2962 τὴν
1693 2890 1976 2962 ἐπανάλη-

357 2980 453 3051 om
493 2981 780 3053 πλέξωμεν
809 2984 876 3037 ἐκ
924 2982 1036 3037 τῶν
1081 2982 1262 3052 λόγων
1296 2981 1394 3037 τοῦ
1421 2982 1691 3053 Θεολόγου
1722 2983 1771 3015 ³³
1804 2999 1963 3036 συνεο

359 3074 583 3145 ξυφανῶ
608 3093 692 3130 σοι
711 3077 957 3149 ρήματα’
991 3097 1010 3131 ι
1044 3077 1654 3148 Θαύμασον,).ἐγοντος,
1678 3076 1958 3148 ἄνθρωπε,

2152 2879 2382 2947 Verum,
2415 2894 2486 2936 ne
2522 2878 2702 2935 oratio
2730 2887 2923 2934 nostra
2958 2876 3213 2949 pluribus
3242 2878 3456 2944 verbis,
3481 2881 3675 2938 eadem

2070 2972 2256 3027 denuo
2307 2969 2573 3041 repetita,
2627 2978 2925 3026 contexere
2974 2968 3266 3033 videatur,
3314 2982 3382 3023 ex
3424 2968 3675 3044 Gregorii

2069 3062 2254 3116 verbis
2285 3060 2614 3117 sententiam
2655 3061 3016 3126 adducemus,
3050 3074 3175 3114 cum
3221 3061 3320 3116 ait.
3360 3060 3673 3129 Admirare,

359 3166 478 3230 πῶς
525 3165 849 3239 ὲπλάσθηςς
896 3170 993 3221 καὶ
1025 3169 1079 3200 ἰ
1120 3168 1240 3232 πῶς
1281 3168 1615 3238 συνετέθης;
1667 3169 1763 3223 καὶ
1797 3169 1884 3233 τίς
1934 3171 1963 3241 ή

2073 3157 2270 3228 inquit,
2304 3171 2337 3210 o
2365 3156 2551 3219 homo,
2578 3170 2821 3226 quonam
2868 3164 3029 3225 pacto
3067 3155 3365 3223 formatus,
3397 3158 3675 3227 composi-

357 3258 488 3329 περὶ
519 3258 579 3312 σὲ
627 3260 827 3327 σοφία;
866 3260 962 3313 καὶ
1008 3260 1063 3313 τί
1105 3260 1208 3330 τῆς
1244 3259 1465 3328 φύσεως
1513 3260 1576 3312 τὸ
1623 3260 1961 3332 μυστήριονς

356 3355 486 3416 Πῶς
517 3353 697 3425 μετρῆ
741 3354 895 3423 τόπῳ
937 3354 1035 3406 καὶ
1067 3353 1196 3417 νοῦς
1237 3355 1337 3424 ούχ
1365 3354 1614 3424 ὁρίζεται
1641 3355 1709 3417 ⁸⁸,
1746 3354 1864 3406 ἀλλ’
1906 3355 1965 3407 ἐν

352 3446 532 3516 τούτῳ
566 3446 746 3514 μένων
771 3446 957 3498 πάντα
986 3446 1321 3515 ὲπέρχεται;
1368 3446 1495 3509 Πῶς
1521 3447 1646 3516 ὄψις
1680 3447 1839 3517 ὀλίγη
1867 3446 1964 3501 καὶ

355 3538 453 3590 ἐπὶ
476 3537 740 3589 πλεῖστον
773 3536 1093 3604 φθάνουσας
1133 3536 1246 3590 Kal
1287 3536 1522 3602 πότερον
1556 3535 1842 3607 παραδοχή
1878 3534 1965 3601 τίς

355 3640 508 3690 ἐστιν
536 3634 632 3689 τοῦ
663 3634 950 3705 ὀφθέντος,
982 3634 1016 3707 ἢ
1050 3635 1185 3708 πρὸς
1214 3637 1395 3689 ἐκεῖνο
1420 3634 1708 3701 διάϐασις;
1742 3632 1868 3697 Πῶς
1900 3631 1963 3686 τὺ

354 3732 489 3785 αύτδ
530 3733 676 3785 κινεῖ
702 3730 799 3785 καὶ
832 3731 1068 3783 κινεῖται
1105 3725 1193 3782 διὰ
1244 3725 1561 3798 βουλήσεως
1603 3723 1962 3796 κυὸερνώμε-

355 3843 446 3879 νον
468 3825 554 3891 ¹⁶;
592 3824 689 3889 Τίς
717 3823 773 3878 δὲ
810 3822 993 3877 παῦλα
1019 3821 1331 3893 κινήσεωςς
1371 3822 1484 3875 Ka‘t
1515 3820 1633 3886 πῶς
1664 3822 1693 3874 ὁ
1722 3818 1847 3884 νοῦς
1872 3818 1963 3873 διὰ

352 3920 562 3973 τούτων
589 3917 775 3989 ὁμιλεί
801 3919 916 3981 τοῖς
950 3915 1078 3983 ἔξω,
1110 3915 1206 3969 καὶ
1248 3913 1319 3968 τὰ
1341 3913 1388 3946 ³⁷
1410 3912 1615 3981 ἔξωθεν
1646 3911 1959 3984 παραδέχεο

351 4030 481 4080 ταις
525 4011 652 4077 Πῶς
681 4009 1066 4082 ἀναλαμϐάνει
1099 4009 1169 4062 τὰ
1202 4007 1355 4080 εῑδη;
1406 4007 1504 4061 καὶ
1532 4006 1618 4071 τίς
1643 4009 1678 4079 ἡ
1723 4008 1961 4078 τήρησις

350 4104 451 4158 τοῦ
477 4101 703 4171 ἀναλειφ
714 4099 969 4178 θέντος,ἦ
992 4099 1218 4172 μνήμη;
1255 4098 1370 4152 Kal
1394 4097 1481 4161 τίς
1509 4099 1544 4170 η
1574 4097 1672 4152 τοῦ
1698 4096 1963 4151 ἀπελθόν-

349 4216 445 4263 τος
490 4196 762 4269 ἀνάληψις
792 4196 825 4267 il
858 4195 1201 4266 ἀνάμνησις;
1245 4193 1373 4258 Πῶς
1409 4195 1445 4266 ἡ
1474 4192 1733 4266 αἴσθησις
1777 4194 1837 4249 ὲν
1878 4190 1959 4264 τῷ

351 4292 504 4362 αύτῷ
554 4290 742 4361 μένει,
798 4288 894 4342 καὶ
931 4288 994 4342 τὸ
1025 4287 1185 4352 ἐκτὸς
1216 4287 1523 4341 ἐπισπᾶται
1559 4285 1641 4351 "';
1674 4286 1801 4350 Πῶς
1840 4286 1870 4340 ὁ
1910 4286 1956 4318 ²⁹

349 4384 510 4451 λόγος
538 4381 632 4437 νοῦ
677 4382 931 4453 γέννημα
959 4422 973 4445 ,
1012 4382 1108 4435 καὶ
1141 4381 1307 4452 γεννᾷ
1355 4380 1516 4451 λόγον
1550 4381 1609 4434 ὲν
1652 4379 1802 4451 ἄλλῳ
1830 4379 1954 4445 vel;

348 4482 464 4534 Kal
499 4478 619 4543 πῶς
658 4478 811 4549 λόγῳ
840 4477 1025 4548 νόημα
1066 4475 1404 4543 διαδίδοται,
1434 4473 1556 4538 πῶς
1585 4473 1886 4545 στρέφεται
1908 4472 1955 4505 ³⁸

348 4572 439 4626 διὰ
466 4571 650 4643 ψυχῆς
699 4571 761 4625 τὸ
804 4569 1005 4641 σῶμα;
1053 4568 1168 4623 Kal
1210 4567 1331 4632 πῶς
1372 4566 1521 4640 ψυχὴ
1565 4565 1656 4620 διὰ
1695 4564 1953 4639 σώματος
1984 4558 2029 4614 D

349 4667 602 4718 κοινωνεῖ
629 4662 871 4729 πάθους;
902 4661 1021 4725 πῶς
1047 4662 1291 4733 πήγνυσι
1322 4660 1518 4730 φόὸος,
1552 4660 1648 4714 καὶ
1669 4657 1788 4712 λύει
1815 4658 1950 4730 Θάρ-

350 4776 442 4821 σος
464 4773 479 4824 ;
510 4756 607 4812 καὶ
638 4754 920 4810 συστέλλει
942 4754 1115 4826 λύπη,
1143 4753 1239 4808 καὶ
1261 4753 1442 4825 διαχεῖ
1462 4752 1644 4826 ἡδονὴ,
1674 4752 1769 4807 καὶ
1790 4753 1953 4824 τήκει

350 4852 570 4920 φθόνος,
607 4849 705 4904 καὶ
734 4848 1065 4920 μετεωρίζει
1092 4847 1285 4916 τύφος,
1331 4848 1428 4901 καὶ
1457 4847 1714 4917 κουφίζει
1758 4846 1951 4913 Ehrle;

352 4946 478 5010 Πῶς
510 4942 767 5016 ὲκμαίνει
811 4942 1019 5012 θυμὸς,
1050 4939 1147 4994 καὶ
1175 4939 1458 5012 ἑρυθαίνει
1488 4939 1557 4993 δι’
1598 4941 1832 5011 αἵματος
1860 4941 1952 4994 ai-

347 5039 454 5106 δὼς
478 5039 523 5072 ιι
580 5039 609 5091 ὁ
640 5038 686 5069 τ’
713 5036 816 5109 μὲν
853 5034 1135 5101 ξέσαντος,
1160 5035 1230 5101 ³³,
1261 5036 1296 5103 ἡ
1348 5033 1407 5087 δὲ
1448 5035 1946 5107 ἀναχωρήσαντοςῖ

346 5136 460 5190 Kal
489 5132 608 5198 πῶς
625 5134 676 5187 οἱ
706 5131 1060 5203 χαρακτῆρες
1084 5130 1197 5185 τῶν
1237 5127 1430 5183 παθῶν
1453 5129 1512 5181 ὲν
1544 5129 1661 5191 τοῖς
1688 5126 1944 5199 σώμασι;

344 5230 429 5295 τίς
460 5230 506 5262 ³⁵
547 5231 581 5301 ἡ
630 5229 724 5283 τοῦ
767 5227 1033 5300 λογισμοῦ
1084 5225 1351 5299 προεδρία
1369 5226 1449 5293 ³⁸;
1494 5223 1609 5279 Kal
1646 5223 1768 5288 πῶς
1808 5227 1948 5279 πᾶσι

344 5323 563 5387 τούτοις
598 5324 925 5389 ἐπιστατεῖ,
969 5319 1066 5376 καὶ
1097 5320 1300 5391 ἡμεροῖ
1328 5318 1399 5373 τὰ
1426 5317 1535 5371 τῶν
1570 5316 1764 5370 παθῶν
1791 5316 1950 5388 κινή-

349 5434 494 5483 ματα
515 5434 530 5484 ;
565 5415 692 5480 Πῶς
723 5414 919 5485 αἵματι
944 5416 1228 5487 κρατεῖται
1247 5414 1343 5468 καὶ
1366 5414 1503 5484 πνοῇ
1526 5411 1589 5466 τὸ
1610 5409 1944 5484 ἀσώματον;

1091 5592 1136 5626 ¹³
1168 5588 1271 5647 ταύ

424 5598 468 5630 ¹¹
495 5594 881 5664 ἐπιλειποῦσαι
913 5592 973 5647 Β.
1091 5592 1136 5626 ¹³
1168 5590 1378 5664 ταύτην
1402 5591 1467 5657 Β,
1495 5606 1609 5647 om.
1654 5590 1719 5648 P.

1833 5594 1877 5628 “
1899 5596 2020 5660 πῶς
2048 5597 2264 5653 δέδεται
2317 5596 2381 5652 Β.

353 5669 396 5700 ¹⁹
420 5670 489 5722 τὰ
542 5668 644 5735 μὲν
699 5662 761 5719 Β.
842 5665 884 5696 ⁸⁸
920 5664 1016 5719 καὶ
1054 5680 1166 5721 om.
1212 5663 1255 5718 Β
1291 5662 1352 5719 P.
1432 5665 1474 5697 ¹⁹
1506 5665 1720 5718 ἑαυτῶν
1756 5664 1817 5721 Β.
1896 5668 1942 5699 ²⁰
1984 5668 2056 5721 δι’
2084 5669 2265 5723 ἄλλων
2298 5670 2358 5723 Β.
2436 5666 2479 5700 ²¹
2514 5666 2712 5720 ἑαυταὶ
2742 5669 2806 5719 Α.

2069 3269 2274 3329 tusque
2304 3257 2405 3320 sis,
2438 3265 2493 3312 ct
2527 3266 2734 3327 quanta
2766 3254 2863 3310 Dei
2896 3255 2951 3309 in
2993 3266 3046 3310 te
3079 3256 3424 3328 procreando
3452 3258 3673 3327 sapien-

2067 3354 2142 3406 tia
2171 3352 2263 3413 sit,
2297 3361 2348 3404 et
2384 3349 2668 3420 quodnam
2701 3350 2755 3404 in
2788 3351 2894 3405 hoc
2948 3358 3160 3403 natura:
3192 3349 3514 3415 mysterium
3565 3360 3670 3407 est.

2066 3443 2376 3498 Considera
2416 3443 2547 3496 item
2580 3457 2693 3513 quo
2732 3451 2894 3512 pacto
2939 3457 3098 3497 mens
3143 3442 3264 3497 loco
3311 3444 3670 3500 mensurabili

2069 3552 2180 3589 nou
2214 3534 2502 3601 dividitur,
2532 3535 2626 3590 scd
2652 3534 2706 3587 in
2735 3533 2930 3589 eodem
2959 3535 3289 3604 persistens,
3317 3546 3516 3591 cuncta
3547 3552 3671 3606 per-

2062 3636 2230 3682 errat.
2275 3624 2416 3681 Tum
2459 3642 2569 3697 qua
2614 3625 2855 3690 ratione,
2887 3626 3042 3681 visus
3071 3638 3280 3690 noster,
3316 3644 3443 3683 cum
3492 3629 3667 3684 modi-

2062 3733 2163 3774 cus
2200 3717 2492 3788 brevisque
2519 3716 2614 3780 sit,
2651 3716 2719 3771 ad
2765 3725 2876 3771 tam
2909 3725 3124 3772 remota
3151 3732 3218 3773 ac
3243 3717 3505 3774 distantia
3552 3719 3670 3775 suf-

2062 3813 2215 3869 ﬁciat
2249 3832 2261 3867 :
2300 3819 2356 3867 et
2386 3810 2638 3883 nunquid
2670 3809 2906 3866 visibilis
2938 3813 3016 3866 rei
3053 3811 3122 3865 ad
3155 3811 3333 3866 visum
3367 3827 3670 3883 repraesen-

2061 3905 2222 3970 tatio,
2236 3920 2305 3959 an
2324 3903 2477 3960 visus
2493 3904 2561 3958 ad
2575 3918 2696 3959 eam
2712 3901 2982 3959 transitus
2997 3901 3111 3957 fiat.
3134 3900 3241 3958 Sed
3276 3911 3331 3959 et
3363 3903 3666 3974 quomodo,

2061 3999 2194 4056 illud
2222 3998 2367 4055 idem
2400 4005 2583 4053 movet
2621 4006 2676 4053 et
2706 4005 2961 4052 movetur
3002 3995 3153 4067 quod
3201 4012 3298 4067 per
3328 3996 3665 4051 voluntatem

2060 4110 2311 4158 nostram
2344 4100 2708 4172 gubernatur,
2740 4107 2856 4154 tum
2880 4113 3006 4169 quae
3037 4106 3219 4154 motus
3245 4097 3405 4168 quies
3432 4098 3525 4153 sit.
3544 4095 3668 4163 Quo

2061 4197 2191 4252 item
2253 4206 2416 4266 pacto
2457 4210 2615 4251 mens
2664 4209 2762 4264 per
2796 4208 3021 4259 sensus,
3063 4192 3151 4248 his
3194 4208 3317 4263 qua:
3344 4202 3499 4248 extra
3534 4201 3667 4248 sunt

2058 4289 2475 4356 communicat,
2511 4299 2677 4358 atque
2725 4285 3003 4341 exteriora
3043 4286 3307 4340 desumit.
3364 4285 3661 4351 Prteterea,

2056 4399 2169 4456 quo
2195 4392 2356 4454 pacto
2391 4383 2507 4452 ipsa
2538 4379 2752 4449 species
2784 4378 3038 4449 recipiat,
3075 4387 3130 4434 et
3156 4393 3282 4449 quae
3321 4393 3513 4434 eorum
3539 4395 3666 4450 quae

2055 4486 2276 4549 recepta
2329 4488 2459 4531 sunt
2513 4473 2895 4538 conservatio,
2927 4472 3015 4528 vel
3055 4472 3324 4528 memoria
3373 4474 3467 4529 sit.
3517 4470 3662 4530 Tum

2058 4597 2171 4652 quo
2200 4588 2382 4651 pacto,
2406 4577 2698 4649 prateritaa
2727 4576 2805 4631 rei
2838 4574 3166 4645 resumptio,
3189 4575 3275 4631 vel
3298 4574 3662 4632 reminiscen-

2059 4674 2132 4729 tia
2166 4674 2281 4727 fiat.
2311 4671 2393 4725 Ad
2428 4671 2565 4735 hare,
2594 4668 2880 4740 quomodo
2924 4682 3126 4724 sensus
3168 4668 3222 4723 in
3270 4669 3387 4740 ipsa
3437 4684 3663 4739 perma-

2030 4773 2218 4828 neat,
2252 4773 2308 4820 et
2361 4762 2493 4818 illud
2523 4763 2669 4833 quod
2702 4772 2858 4817 extra
2881 4773 2985 4825 est,
3022 4760 3282 4816 attrahat.
3321 4762 3486 4825 Item,
3522 4777 3663 4830 quo-

2058 4858 2228 4913 modo
2245 4856 2426 4911 oratio
2455 4870 2486 4910 a
2513 4862 2697 4911 mente
2709 4855 2829 4925 ipsa
2844 4862 3262 4924 progeneratur,
3280 4851 3661 4921 orationisque

2057 4948 2387 5020 generandae
2410 4947 2465 5002 in
2498 4948 2603 5003 alia
2630 4956 2812 5002 mente
2840 4961 3007 5001 causa
3037 4945 3290 5000 exsistat.
3326 4942 3394 4997 Et
3414 4958 3656 5014 quonam

2058 5050 2222 5114 pacto
2250 5040 2567 5095 orationum
2603 5038 2961 5109 intelligentia
2993 5036 3394 5102 distribuatur;
3424 5043 3479 5089 et
3511 5050 3656 5107 quo-

2056 5133 2226 5191 modo
2250 5148 2451 5204 corpus
2486 5138 2558 5187 ob
2585 5132 2827 5187 animum
2860 5129 3156 5186 nutriatur.
3187 5127 3309 5195 Quo
3338 5136 3495 5199 pacto
3526 5128 3654 5184 item

2056 5225 2264 5293 anima,
2301 5226 2373 5279 ob
2401 5224 2653 5296 corporis
2687 5221 3271 5283 communicationem,
3303 5220 3657 5290 passiouibus

2056 5318 2298 5374 obnoxia
2331 5316 2426 5382 sit,
2465 5327 2520 5371 et
2548 5334 2672 5388 qua:
2705 5332 2874 5372 causa
2907 5325 3024 5380 est,
3075 5313 3155 5369 uti
3194 5313 3266 5368 ob
3303 5313 3654 5369 formidinem

2055 5408 2223 5465 homo
2257 5407 2463 5481 frigore
2493 5418 2848 5475 concrescat,
2889 5417 2946 5463 et
2975 5406 3207 5463 audacia
3241 5406 3511 5471 solvatur,
3553 5405 3656 5462 do-

2495 5595 2541 5628 "
2577 5593 2910 5662 συντέθηται
2957 5594 3022 5649 Β.
3124 5594 3165 5626 ¹⁶
3203 5594 3297 5649 καὶ
3356 5609 3467 5648 οη».
3519 5591 3652 5650 BP.

2905 5667 2951 5698 υ
3001 5666 3168 5721 πλέον
3195 5682 3304 5720 unt.
3333 5664 3391 5721 Β.
3469 5667 3515 5719 8³
3555 5666 3654 5719 τοῦ

353 5738 497 5811 daal.
534 5738 777 5811 ἐκλόγων
808 5735 940 5811 ΒᾼΡ.
1016 5736 1064 5768 ³⁸
1092 5736 1189 5792 καὶ
1215 5752 1326 5811 om.
1360 5736 1420 5792 B.
1454 5809 1474 5811 Η
1500 5736 1546 5768 ³⁵
1572 5741 1858 5808 μετρεῖται
1880 5739 2037 5809 τόπῳ
2068 5740 2217 5811 ψυχὴ
2242 5741 2337 5794 καὶ
2360 5738 2488 5802 νοῦς
2510 5741 2571 5811 ού
2604 5737 2904 5811 χωρίζεται
2927 5737 3001 5811 C.
3066 5740 3115 5771 ’°
3136 5738 3566 5811 κυϐερνώμενοςΔ
3589 5736 3651 5792 Β.

352 5810 414 5882 ξ’,
430 5814 543 5875 τοῖς
572 5813 639 5882 Α.
661 5879 689 5882 _
719 5809 764 5839 ”
796 5808 913 5882 πῶς
950 5825 1121 5882 usque
1154 5809 1227 5882 ad
1266 5809 1571 5862 ἐπισπᾶται
1596 5824 1720 5882 ριν.
1746 5813 1835 5882 Α,
1906 5812 1952 5882 τ’

2074 5808 2233 5865 ιίιιζΒ
2264 5812 2321 5867 ί),
2401 5809 2739 5882 ωντρέφεται
2778 5808 2818 5862 Β
2848 5808 2905 5879 ι),
2987 5810 3027 5842 ³⁸
3062 5811 3156 5864 καὶ
3191 5808 3300 5864 αξδ.
3336 5808 3654 5882 ὲρυθραίνει

346 5879 418 5934 δι’
449 5883 573 5955 αἴμ.
601 5880 639 5936 Β
660 5879 721 5936 Ρ.
802 5880 847 5911 ³¹
875 5881 909 5952 ἡ
935 5880 1000 5935 A.
1034 5877 1043 5878 ί
1078 5879 1124 5912 ³³
1147 5878 1427 5945 ζώσαντος
1452 5882 1516 5933 Α.
1595 5877 1641 5911 ³⁸
1670 5881 1768 5936 xal
1792 5881 1875 5946 τίς
1903 5881 1963 5935 Β.
2040 5884 2085 5916 ³⁵
2113 5881 2413 5956 προεδρεία
2445 5881 2511 5935 Α.
