4142 6482
475 412 500 463 ἐ
512 415 616 468 79.5.13;

1714 409 1996 465 MELETII
2033 408 2342 465 MONACIII
3605 413 3740 469 ηει

475 530 592 583 lore
637 525 1018 592 contrahatur,
1063 525 1340 594 voluptate
1387 522 1744 589 diffundatur,
1798 525 2051 592 idemque

2177 524 2267 576 (at
2315 522 2431 585 πῶς
2463 525 2495 592 ἡ
2541 522 2750 577 τούτων
2777 524 3020 594 ἔκλειψις
3054 526 3098 558 ³⁸
3127 525 3303 596 ψυχῆς
3342 529 3491 581 ἐστιν
3527 529 3748 597 ἀναχώ-

476 620 680 675 invidia
709 619 970 688 liquetur,
998 617 1144 672 inani
1173 617 1343 686 gloria
1375 616 1652 680 efferatur,
1687 627 1848 684 atque
1879 617 1932 670 in
1960 629 2055 684 spe

2177 632 2316 682 mai;
2343 633 2357 680 ;
2385 614 2509 678 Πῶς
2537 617 2566 668 ό
2599 615 2723 679 νοῦς
2750 617 2844 668 καὶ
2871 619 3251 688 περιγραπτὸς
3277 620 3375 672 καὶ
3407 617 3661 691 ἀόριστος
3688 622 3753 673 ἐν

477 713 614 769 levis
647 710 932 765 efﬁciatur.
963 709 1067 763 Sed
1095 717 1148 761 et
1176 722 1286 776 quo
1335 717 1521 776 pacto,
1556 705 1841 761 iracundia
1886 707 1940 760 in
1972 707 2055 760 in-

2177 708 2290 776 )piv
2320 707 2520 775 μένων,
2561 709 2655 760 καὶ
2707 709 2887 762 πάντα
2916 711 3211 779 ἐφοδεύων,
3250 712 3405 781 τάχει
3441 714 3614 783 φορᾶς
3651 714 3754 766 καὶ

477 806 692 861 saniam
741 804 1040 868 hominem,
1077 800 1403 855 verecundia
1454 799 1508 852 in
1546 799 1802 854 ruborem
1858 807 2054 864 vertat,

2177 797 2433 865 5εὑσεως;
2456 799 2554 863 Τίς
2578 803 2611 869 ἡ
2634 802 2733 871 τῆς
2756 800 2974 870 φύσεως
2999 803 3043 834 ³⁷
3061 803 3218 874 όλκὴο
3251 805 3345 857 καὶ
3373 805 3513 875 πρὸς
3540 802 3754 872 ἄλληλα

478 895 651 949 altera
673 893 744 947 ob
774 891 1059 962 sanguinis
1096 889 1387 955 fervorem,
1421 889 1592 944 altera
1618 904 1766 954 vero,
1811 889 1882 944 ob
1911 889 2060 957 ejus-

2177 889 2346 960 τχέσις
2371 893 2486 954 τοῖς
2508 891 2742 960 γεννῶσι
2774 895 2869 946 καὶ
2897 896 3285 965 γεννωμένοις,
3311 895 3401 949 ἵνα
3424 895 3504 966 τῷ
3535 895 3756 966 φίλτρῳ

478 986 600 1039 dem
637 984 994 1038 secessionem
1031 979 1083 1034 id
1131 979 1414 1033 eﬂiciente.
1459 977 1539 1031 Ad
1589 979 1743 1043 haec,
1781 979 2059 1047 quomodo
2162 983 2495 1054 συνέχηταις

479 1077 797 1145 passionum
867 1073 1022 1142 signa
1089 1070 1144 1123 in
1176 1069 1500 1140 corporibus
1574 1080 1989 1139 agnoscantur:
2031 1088 2271 1140 quonam
2319 1076 2375 1130 in
2423 1077 2544 1131 loco
2591 1076 3049 1134 considerationis
3096 1079 3256 1134 sedes
3319 1087 3423 1135 est.
3457 1078 3599 1134 Tum
3640 1093 3758 1148 quo

480 1175 640 1235 pacto
672 1165 784 1232 ipsa
806 1161 1062 1214 omnibus
1093 1158 1180 1212 his
1202 1158 1858 1228 praesit,passionumque
1914 1169 2096 1216 motus
2133 1163 2380 1220 mitiores
2430 1166 2645 1220 reddat.
2689 1165 2850 1229 Tum,
2914 1169 3192 1238 quomodo
3236 1171 3556 1240 incorporea
3597 1185 3752 1239 pars.

483 1257 636 1331 141
669 1256 851 1309 anima
886 1253 1168 1318 videlicet,
1204 1269 1234 1306 a
1281 1253 1548 1321 sanguine
1587 1253 1964 1318 contineatur,
2002 1270 2067 1310 ac
2109 1257 2225 1328 ipsa
2257 1260 2444 1314 eadem
2473 1277 2597 1331 qua:
2661 1278 2892 1332 corpore
2955 1273 3128 1322 vacat.
3164 1279 3274 1334 quo
3309 1275 3468 1335 pacto
3497 1265 3752 1335 spiritum

477 1357 624 1409 edat.
659 1349 764 1404 Sed
795 1357 849 1401 et
911 1346 1189 1416 quomodo
1213 1345 1592 1400 deficientibus
1619 1346 1724 1411 his,
1767 1347 1965 1400 anima:
2013 1353 2254 1406 secessio
2285 1355 2394 1408 liat.
2421 1352 2579 1418 Item,
2605 1371 2713 1425 qua
2777 1357 2991 1412 ratione
3057 1374 3214 1415 mens
3278 1360 3335 1414 in
3377 1361 3534 1415 nobis
3580 1361 3756 1414 incir-

479 1442 809 1510 cumscripta
847 1453 911 1492 ac
961 1437 1313 1492 interminata
1385 1438 1693 1503 exsistens,
1773 1454 1936 1508 quam
1981 1440 2246 1498 ocissime
2288 1460 2455 1501 cursu
2539 1447 2802 1518 (luxuque
2879 1459 3075 1506 cuncta
3120 1461 3380 1519 pererret.
3421 1451 3525 1506 Sed
3558 1461 3613 1506 et
3655 1450 3755 1522 qui

480 1541 751 1594 universae
801 1543 1017 1589 naturae
1066 1543 1292 1589 mutuus
1346 1543 1662 1604 respectus,
1717 1534 1772 1588 in
1815 1533 1899 1589 bis
1941 1550 2064 1604 quae
2103 1539 2444 1610 oriuntur,et
2501 1558 2623 1613 qua;
2653 1545 2862 1599 oritura
2880 1553 3029 1610 sunt,
3063 1546 3140 1600 uti
3163 1561 3284 1602 sese
3343 1547 3575 1603 invicem
3593 1545 3757 1622 quasi

479 1633 632 1691 (nstri
659 1632 944 1702 cujusdam
976 1629 1212 1700 impulsu
1238 1628 1571 1692 contineant,
1598 1627 1920 1683 innascitur.

553 1725 828 1795 Amplius,
885 1723 1029 1778 idem
1094 1721 1188 1792 qui
1241 1719 1558 1788 hujusmodi
1617 1718 1930 1774 facultatem
1970 1734 2064 1788 ag-

2243 1717 2421 1773 Πολλὰ
2459 1719 2504 1771 δ’
2550 1720 2616 1772 ἂν
2659 1720 2739 1773 ἔτι
2785 1720 3158 1794 φιλοσοφήσῃς
3182 1721 3226 1753 ³⁸
3274 1722 3405 1794 περὶ
3438 1724 3622 1794 μερῶν
3661 1729 3762 1780 καὶ

484 1820 782 1891 gredielur,
815 1825 1009 1885 praeter
1065 1814 1212 1879 hac,
1257 1812 1665 1882 quamplurima
1709 1812 1776 1866 de
1822 1811 2059 1882 partium

2177 1808 2367 1878 μελῶν.
2417 1811 2516 1864 καὶ
2567 1810 2670 1880 τῆς
2721 1813 2803 1875 είς
2850 1812 3060 1881 ἄλληλα
3094 1813 3302 1865 τούτων
3343 1814 3758 1884 εὐαρμοστίας·

485 1909 970 1975 membrorumque
998 1903 1392 1960 constitutione
1419 1941 1434 1966 ,
1475 1917 1639 1971 quam
1688 1911 1896 1957 natura
1945 1903 2061 1972 lege

482 2002 806 2071 rationeque
847 1998 1039 2052 sortita
1069 2004 1219 2060 sunt,
1247 1994 1625 2065 philosoiihari
1657 1995 1888 2063 poterit;
1918 2010 2062 2064 prmo

484 2093 695 2156 sertim,
731 2106 840 2159 quo
870 2099 1028 2160 pacto
1054 2087 1246 2144 ordine
1271 2100 1516 2156 congruo
1567 2085 1796 2140 invicem
1834 2086 1900 2140 ad
1932 2102 2064 2142 usus

484 2182 1058 2255 pulchritudinemque
1079 2178 1583 2234 accommodentur.
1613 2175 1777 2243 Tum,
1803 2191 1924 2246 quae
1952 2177 2068 2247 lege

481 2289 538 2331 et
570 2283 778 2329 naturae
805 2272 1014 2328 ratione
1043 2270 1442 2340 conjuncta,ac
1457 2267 1716 2323 distantia
1748 2267 1891 2330 sint;
1919 2283 2071 2339 qua:-

481 2382 593 2436 qae
626 2366 914 2428 excedant,
939 2380 1003 2419 ac
1034 2363 1391 2427 excedantur,
1428 2369 1482 2416 et
1510 2375 1632 2430 qua:
1663 2361 1819 2415 unita
1845 2359 1987 2427 sint,
2014 2367 2068 2414 et

476 2476 603 2531 qua:
633 2459 943 2523 tindantur;
983 2470 1212 2526 quaeque
1232 2453 1714 2524 comprehendant,
1735 2467 1798 2507 ac
1819 2466 2068 2523 compre-

483 2551 795 2606 hendantur
840 2548 1112 2618 explicare
1159 2545 1376 2618 poterit.
1412 2543 1493 2598 Ad
1538 2543 1689 2608 tunc,
1730 2543 1962 2614 plurima
2000 2542 2068 2596 de

484 2643 714 2697 vocibus
760 2649 816 2696 et
855 2641 1043 2695 auditu
1076 2639 1354 2708 disputare
1386 2637 1624 2708 poterit,
1661 2638 1940 2706 quomodo
1980 2636 2066 2690 illa

483 2745 584 2800 per
619 2729 832 2785 vocalia
873 2727 1237 2783 instrumenta
1277 2725 1531 2781 feratur:
1564 2726 1786 2781 auditus
1827 2742 1955 2782 vero
2002 2743 2066 2780 ex

486 2823 652 2877 medii
679 2822 830 2876 aeris
864 2820 1220 2890 percussione
1262 2818 1701 2887 formationeque
1733 2817 2065 2888 perﬁciatur.

484 2913 727 2968 Plurima
777 2918 1036 2980 prazterea
1109 2910 1177 2963 de
1226 2908 1440 2979 quiete,
1505 2923 1627 2979 qua:
1673 2922 1769 2977 per
1816 2922 2068 2965 somnum

490 3005 698 3060 homini
732 3001 1008 3073 provenit,
1041 3014 1105 3054 ac
1136 2999 1204 3053 de
1237 2999 1323 3053 his
1354 3014 1478 3068 qua:
1502 3013 1598 3068 per
1637 2997 1908 3054 insomnia
1956 3000 2070 3055 for-

488 3105 732 3162 mantur,
766 3102 822 3148 et
870 3109 990 3164 qua!
1037 3091 1522 3155 considerationis,
1577 3090 1877 3146 iracundiae
1922 3090 2068 3144 desi-

487 3187 736 3255 deriique
761 3196 909 3238 sunt.
949 3185 1126 3253 thue
1155 3183 1408 3238 universa
1441 3183 1496 3236 in
1528 3197 1796 3238 summam
1824 3181 2072 3238 dicamus

488 3292 852 3349 quaecunque,
893 3277 946 3329 in
979 3275 1144 3344 hujus
1176 3273 1462 3330 rationalis
1505 3273 1764 3328 animalis
1803 3275 2073 3329 constitu-

491 3371 661 3435 tione,
695 3369 787 3423 Dei
811 3367 991 3422 Patris
1029 3365 1292 3433 potentia,
1324 3365 1531 3431 omnia,
1566 3380 1780 3420 summa
1807 3379 1929 3418 cum
1979 3381 2071 3419 sa-

492 3461 718 3532 pientia,
753 3477 817 3515 ac
841 3471 986 3514 recto
1021 3460 1215 3514 ordine
1248 3459 1570 3528 disponens,
1601 3457 1887 3529 peregerit,
1923 3473 2076 3513 com-

492 3552 762 3623 plectendi
786 3550 1072 3605 materiam
1099 3549 1203 3604 sibi
1237 3549 1558 3619 neutiquam
1601 3548 1792 3604 deesse
1818 3548 2072 3604 animad-

492 3651 684 3697 vertet.
749 3641 1084 3704 Enimvero,
1141 3648 1338 3694 cuncta
1387 3640 1443 3693 in
1498 3641 1602 3694 hoc
1651 3639 1879 3694 animali
1939 3640 2076 3695 adeo

491 3735 860 3805 pulcherrime
890 3732 1129 3804 perfecta
1162 3732 1441 3798 visuntur,
1487 3740 1548 3784 ut
1596 3731 1754 3786 aliter
1798 3733 2074 3802 procreari

493 3829 576 3882 vel
607 3827 866 3881 constitui
892 3827 1069 3895 ipsum
1101 3824 1251 3878 nullo
1277 3831 1437 3892 pacto
1471 3837 1633 3891 posse
1655 3821 2075 3877 existimandum

493 3919 584 3974 sit.
615 3918 755 3985 Quid
791 3919 935 3973 enim
971 3933 1125 3972 mens
1167 3923 1339 3982 tanta,
1378 3914 1525 3985 quod
1561 3930 1669 3968 non
1713 3930 1930 3970 summe
1979 3915 2077 3969 de-

495 4018 637 4074 ceat,
671 4011 882 4064 ellicere
917 4009 1148 4082 posset?
1184 4007 1290 4062 Sed
1318 4017 1372 4062 et
1407 4006 1454 4062 is
1494 4014 1757 4078 praeterea
1783 4045 1798 4071 ,
1845 4006 2082 4077 quicun-

2171 1898 2308 1969 πρὸς
2331 1897 2376 1929 ³⁸
2407 1899 2602 1970 χρείαν
2626 1918 2686 1955 τε
2711 1902 2849 1972 ὁμοῦ
2891 1903 2986 1959 καὶ
3042 1901 3238 1966 κάλλος
3292 1904 3652 1960 συνεστώτων
3695 1924 3763 1965 τε

2170 1991 2266 2043 καὶ
2317 1989 2624 2045 δεστιὼτων
2681 1994 2777 2047 καὶ
2823 1992 3162 2067 σχιζομένων
3202 1995 3269 2060 ⁸⁸,
3306 1997 3674 2066 περιεχόντων
3695 2015 3762 2056 τε

2171 2083 2270 2136 καὶ
2309 2084 2715 2154 περιεχομένων
2734 2085 2802 2150 δ’,
2840 2085 2990 2157 νόμῳ
3016 2086 3112 2143 καὶ
3132 2085 3276 2155 λόγῳ
3304 2087 3550 2155 φύσεωςο
3581 2088 3767 2144 Πολλὰ

2173 2178 2302 2246 περὶ
2343 2175 2540 2244 φωνῶν
2569 2175 2672 2227 καὶ
2708 2174 2924 2228 ἀκοῶν·
2977 2177 3096 2240 πῶς
3133 2179 3188 2232 at
3220 2177 3320 2247 μὲν
3372 2179 3632 2249 φέρονται
3671 2180 3768 2240 διὰ

2170 2267 2280 2321 τῶν
2311 2266 2636 2337 φωνητικῶν
2674 2267 2926 2337 ὀργάνων
2953 2269 3022 2303 δι’
3049 2285 3064 2300 ·
3092 2270 3150 2322 ai
3183 2269 3240 2322 δὲ
3287 2270 3648 2341 ὑποδέχονται
3673 2272 3768 2327 διὰ

2172 2358 2275 2427 τῆς
2315 2358 2372 2410 ὲν
2397 2357 2551 2428 μέσῳ
2593 2355 2689 2409 τοῦ
2719 2357 2883 2429 ἀέρος
2913 2357 3130 2430 πληγῆς
3157 2359 3253 2412 καὶ
3285 2359 3672 2425 διατυπώσεως
3691 2362 3766 2416 δ’.

2172 2450 2352 2506 Πολλὰ
2399 2450 2531 2520 περὶ
2572 2450 2672 2520 τῆς
2705 2451 2762 2504 ὲν
2821 2449 3012 2515 ὕπνοις
3045 2450 3413 2518 ἀναπαύσεως
3451 2453 3484 2524 ἢ
3515 2454 3768 2512 ἀναπλά-

2174 2558 2347 2605 σεως,
2385 2539 2653 2610 λογισμοῦ
2703 2557 2764 2596 τε
2811 2542 2906 2596 καὶ
2958 2541 3155 2610 θυμοῦ,
3202 2545 3297 2597 καὶ
3345 2543 3606 2613 ἐφέσεως.
3651 2545 3771 2598 Καὶ

2176 2633 2456 2704 συντόμως
2489 2634 2687 2701 εἰπεῖν,
2717 2635 2818 2690 ὅσα
2857 2635 2987 2706 περὶ
3022 2634 3083 2687 τὸ
3103 2634 3244 2701 ζῶον
3271 2635 3432 2688 τοῦτο
3458 2637 3518 2692 τὸ
3543 2635 3768 2705 λογικὸν

2174 2727 2208 2795 ἡ
2233 2725 2305 2778 τὰ
2347 2725 2528 2777 πάντα
2563 2723 2803 2792 σοφῶς⁴³
2833 2723 3197 2796 οίκονομοῦσα
3263 2725 3355 2782 τοῦ
3405 2725 3540 2780 Θεοῦ
3591 2744 3768 2796 προσ·-

2177 2813 2403 2885 εποίησε
2422 2813 2467 2845 “
2491 2813 2743 2885 δύναμις,
2791 2817 2886 2869 καὶ
2918 2815 3080 2884 σοφία
3111 2815 3295 2880 καλῶς
3335 2820 3661 2890 ἐτεχνήσατο
3675 2819 3723 2853 ⁸⁸
3746 2835 3762 2848 ⁸

2176 2909 2272 2960 καὶ
2301 2905 2445 2960 οὕτω
2469 2905 2672 2972 καλῶς,
2703 2906 2778 2969 ὼς
2798 2907 2900 2960 οὐκ
2930 2905 3210 2977 ἐνεδέχετο
3239 2906 3415 2972 ἄλλως
3443 2908 3697 2977 γενέσθαι
3725 2908 3764 2982 ἢ

2179 2995 2506 3049 συνεστάναι
2541 2996 2694 3048 τουτὶ
2718 2995 2777 3048 τὸ
2802 2994 2960 3061 ζῶον.
2993 2997 3184 3071 Τίγὰρ
3213 2997 3337 3061 νοῦς
3366 2997 3616 3062 τοσοῦτος
3651 2999 3766 3052 τῶν

2179 3088 2255 3158 μὴ
2286 3087 2675 3160 προσηκόντων
2700 3088 3035 3160 είργὰσατο;
3068 3092 3143 3144 Οὐ
3171 3091 3332 3161 μόνον
3360 3090 3416 3143 δὲ
3458 3091 3765 3162 φιλοσοφή-

2179 3197 2292 3245 σεις
2361 3181 2614 3246 τοιαῦτα,
2669 3180 2745 3244 ὡς
2799 3180 3037 3252 εἴρηται,
3106 3183 3200 3236 καὶ
3242 3183 3580 3255 θαυμάσειςο
3643 3185 3770 3249 πῶς

2182 3274 2348 3344 μέσον
2380 3273 2645 3344 μεγέθους
2676 3276 2770 3327 καὶ
2798 3274 3186 3346 ταπεινότητος
3227 3277 3460 3344 γέγονας
3484 3293 3497 3307 ·
3533 3276 3630 3330 καὶ
3662 3276 3768 3346 βας

2182 3364 2414 3428 σιλεύεις
2448 3365 2556 3418 τῶν
2583 3366 2676 3418 ἐπὶ
2705 3368 2806 3437 γῆς
2841 3366 3264 3437 βασιλευόμενος
3294 3368 3504 3422 ἄνωθεν
3523 3386 3539 3402 ο
3571 3370 3669 3421 καὶ
3697 3372 3768 3440 τῇ

2181 3455 2319 3526 πρὸς
2352 3457 2488 3509 Θεὸν
2537 3457 2754 3510 νεύσει·
2801 3458 2864 3512 τὸ
2920 3457 3141 3528 μέτριον
3190 3457 3294 3528 τῆς
3338 3459 3599 3528 ἀληθείας
3650 3461 3763 3529 φῶς

2180 3547 2681 3617 ἐλλαμπόμενος⁴⁶,
2738 3549 2858 3609 ὅλος
2898 3547 3208 3613 θεοῦσαιυ,
3261 3551 3356 3604 καὶ
3409 3550 3766 3622 μετατίθεσαι

2181 3640 2318 3710 πρὸς
2352 3641 2422 3693 τὰ
2459 3641 2593 3706 ἄνω,
2617 3641 2660 3673 ⁸⁸
2693 3641 2852 3708 ἀξίαν
2887 3641 2982 3698 τοῦ
3020 3643 3113 3696 καὶ
3145 3643 3506 3714 συνδήσαντος
3547 3645 3644 3697 καὶ
3669 3643 3767 3696 λύ-

2182 3747 2365 3794 σοντος
2383 3733 2426 3764 ιθ
2476 3733 2571 3784 καὶ
2626 3728 2784 3797 αὖθις
2831 3733 3206 3803 συνδήσοντος,
3255 3734 3600 3806 ὑψηλοτέραν
3664 3736 3769 3806 τὴν

2181 3821 2460 3875 πολιτείαν
2485 3823 2834 3892 ποιούμενος.
2880 3825 3043 3882 Ἀλλὰ
3091 3826 3192 3880 καὶ
3225 3826 3367 3898 μετὰ
3397 3826 3491 3880 τοῦ
3538 3827 3768 3897 Προφή-

2179 3929 2276 3965 του
2303 3913 2630 3984 ὲκπλήκτως
2659 3916 2705 3947 ⁸⁸
2758 3903 3079 3989 ἀναϐοήσεις
3100 3934 3114 3948 ⁸
3155 3917 3253 3986 Ὠς
3283 3918 3661 3988 ἐμεγαλύνθη
3692 3916 3771 3973 τὰ

2185 4008 2330 4078 ἔργα
2353 4024 2495 4075 σου,
2518 4012 2695 4079 Κύριε
2719 4029 2733 4043 ·
2769 4012 2967 4068 πάντα
2993 4014 3063 4067 ἐν
3082 4015 3270 4084 σοφίᾳ
3302 4015 3621 4083 ἐποίησας.

495 4123 600 4176 que
629 4106 849 4163 futurus
873 4115 978 4172 est,
1003 4103 1530 4170 cumadmiratione,
1592 4112 1652 4157 ut
1671 4103 1826 4174 prius
1884 4103 2147 4168 diximus,
2187 4104 2562 4176 philosophari
2610 4107 2844 4177 poterit,
2895 4123 3138 4179 quonam
3200 4116 3361 4178 pacto
3412 4108 3576 4161 homo
3624 4107 3774 4159 inter

494 4203 732 4266 excelsa,
769 4202 1132 4271 bumiliaque,
1175 4201 1389 4255 medius
1419 4201 1754 4255 constitutus
1778 4241 1794 4266 ,
1866 4200 1954 4256 his
2002 4217 2125 4271 qua:
2163 4201 2219 4258 in
2264 4210 2412 4258 terra
2457 4215 2585 4260 sunt
2609 4243 2626 4270 ,
2672 4205 3012 4272 dominatur,
3042 4208 3111 4262 ab
3173 4207 3260 4262 bis
3285 4221 3417 4261 vero
3450 4219 3570 4274 quae
3598 4220 3774 4273 supra

496 4304 649 4357 sunt,
683 4295 800 4365 ipse
824 4295 1051 4364 regitur.
1078 4292 1268 4364 Neque
1288 4309 1416 4348 vero
1449 4294 1501 4348 id
1536 4295 1732 4350 tacitus
1761 4295 2082 4364 praeteribit,
2121 4297 2266 4366 quod
2341 4297 2387 4354 si
2427 4298 2573 4368 quis,
2610 4297 2707 4354 Dei
2767 4312 2924 4367 nutu,
2952 4301 3197 4357 veritatis
3233 4299 3459 4356 luminis
3490 4300 3545 4352 in
3576 4314 3635 4353 se
3660 4302 3769 4352 ali°

498 4400 660 4457 quem
695 4385 1037 4455 splendorem
1073 4386 1228 4463 142
1294 4387 1544 4450 ediderit,
1589 4388 1806 4443 divinus
1891 4387 2146 4455 fortasse,
2191 4399 2338 4447 totus
2367 4431 2383 4458 ,
2435 4399 2599 4461 atque
2643 4409 2941 4462 supernum
2999 4396 3054 4450 in
3102 4395 3388 4450 altissimis
3440 4392 3534 4447 Dei
3566 4399 3774 4447 cuncta

498 4478 815 4544 uncientis,
843 4479 1232 4547 solventisqne,
1260 4494 1326 4534 ac
1357 4480 1538 4533 denuo
1603 4480 1957 4536 revincientis
2001 4496 2227 4550 regnum
2258 4485 2568 4555 migrando,
2610 4486 2930 4542 excelsioris
2995 4485 3146 4541 urbis
3178 4487 3313 4540 civis
3382 4483 3662 4540 efﬁcietur.
3704 4479 3778 4538 El

497 4571 717 4639 quidem
742 4569 788 4624 is
815 4585 938 4623 cum
969 4571 1228 4639 propheta
1249 4571 1553 4627 admiratus
1575 4573 1871 4628 clamabit:
1902 4571 2075 4636 Quam
2151 4577 2494 4646 magniﬁcam
2533 4589 2654 4634 sunt
2707 4595 2864 4648 opera
2910 4591 3000 4633 tua
3021 4622 3034 4646 ,
3072 4579 3330 4632 Domine!
3363 4586 3552 4630 cuncta
3578 4576 3634 4628 in
3675 4591 3773 4628 sa-

499 4667 701 4736 pientia
733 4665 906 4733 fecisti
936 4662 1035 4736 (a).

2115 4761 2160 4816 D
2195 4783 2265 4835 Τὸ
2318 4779 2642 4850 ὐστεραῑρν
2711 4783 3043 4904 σύνταγμαί
3079 4782 3209 4851 περὶ
3261 4780 3379 4835 τῶν
3442 4780 3770 4850 τεσσάρων

2810 4868 3017 4904 atoue
3043 4868 3146 4904 ων.

2810 4868 3146 4920 στοιχειων.

1089 4779 1168 4836 De
1197 4781 1488 4838 elementis.

572 4962 648 5017 De
677 4961 966 5016 elementis
1002 4969 1182 5015 autem
1217 4960 1503 5030 disputare
1525 4961 1592 5015 ad
1618 4959 1919 5016 naturalem
1971 4963 2075 5031 phi«

2263 4966 2337 5020 Τδ
2389 4965 2517 5038 περὶ
2577 4965 2858 5035 στοιχείων
2921 4964 3269 5032 διαλέγεσθαι
3326 4967 3562 5035 φυσικῆς
3621 4967 3775 5018 ἐστιν

501 5051 793 5123 losophum
824 5052 1081 5122 pertinet.
1117 5051 1485 5121 Antiquorum
1513 5053 1694 5122 itaque
1729 5053 2084 5124 philosopho-

503 5161 626 5198 rum
664 5143 974 5214 opiniones,
1004 5158 1143 5212 quas
1174 5142 1240 5196 de
1263 5144 1548 5198 elementis
1579 5144 1681 5214 ipsi
1716 5144 2082 5212 adduxerunt,

503 5233 703 5287 missas
736 5230 917 5286 facere
949 5239 1194 5301 Oportet;
1230 5248 1393 5287 unam
1425 5235 1802 5290 tantummodo
1845 5251 1910 5290 ex
1965 5252 2085 5292 om-

575 5391 653 5462 (a)
678 5392 826 5447 Psal.
865 5407 987 5456 cm,
1028 5389 1120 5444 24.

579 5555 624 5584 ⁸⁸
655 5554 930 5623 ἐκκλειψις
961 5554 1022 5610 Β.
1138 5554 1180 5585 ³⁷
1209 5553 1350 5622 φύσε
1375 5550 1441 5605 Δ.

1553 5553 1598 5585 ⁸⁸
1629 5552 2014 5622 φιλοσοφήσοις
2048 5553 2108 5605 Β.

2191 5059 2324 5111 ῐδιον
2356 5055 2767 5128 πραγματείας.
2797 5055 2917 5128 Χρὴ
2947 5054 3127 5109 τοίνυν
3177 5053 3276 5119 τὰς
3309 5057 3409 5126 μὲν
3445 5056 3602 5120 δόξας
3654 5055 3771 5108 τῶν

2193 5145 2442 5200 παλαιῶν
2469 5144 2776 5216 φιλοσόφων
2797 5145 2896 5204 τὰς
2927 5145 3056 5215 περὶ
3080 5144 3261 5198 αὐτῶν
3283 5145 3583 5216 γενομένας
3609 5161 3780 5198 κατα-

2195 5237 2488 5308 λιμπάνειν
2543 5239 2601 5303 ἐς
2654 5236 2923 5295 νεώτατον
2953 5252 2968 5268 ·
3019 5236 3149 5310 μίαν
3209 5237 3265 5290 δὲ
3331 5236 3428 5308 τὴν
3481 5236 3777 5311 κρείττονα

2222 5554 2265 5587 ιο
2290 5555 2428 5626 πρδς
2451 5570 2565 5610 om.
2601 5556 2641 5610 Β
2674 5557 2736 5612 Ρ.
2813 5560 2860 5591 ι·
2889 5560 2983 5616 και
3009 5561 3153 5629 exit.
3174 5574 3283 5614 om.
3319 5558 3446 5630 BP.
3523 5559 3567 5591 “
3601 5574 3780 5630 προε-

507 5624 710 5708 χόντωὲ
755 5622 939 5708 τερ.καὶ
988 5624 1771 5708 προεχομένων,μὲνουμένῳν
1793 5625 1885 5708 καίι
1934 5622 2309 5708 σχιςομίένωνιο
2335 5622 2564 5708 πειριεχ.
2589 5645 2650 5680 τε
2679 5633 2776 5682 καὶ
2831 5622 3244 5701 περιεχομένων
3280 5631 3316 5684 Β
3350 5629 3411 5684 Ρ.
3488 5622 3784 5684 ³¹⁶Ιιὶέάθο

508 5695 639 5747 sinit
665 5693 723 5745 Β.

799 5695 844 5772 ξ’
871 5692 1174 5772 fumosam:
1198 5692 1242 5748 C
1258 5695 1329 5772 AP.
1394 5693 1454 5772 _‘_‘
1485 5710 1607 5772 σοφ.
1631 5695 1727 5772 ita).
1755 5693 2083 5772 ἐντέχνωςβ
2110 5692 2183 5772 Ιξι
2242 5693 2299 5772 “_
2322 5692 2460 5772 πρός
2627 5692 3108 5772 ⁸Ϋίέτεχνάσατόγί]
3138 5699 3202 5756 Ρ.
3249 5701 3324 5772 7⁸⁸
3342 5701 3423 5772 τῷ
3453 5701 3657 5772 μετρίῳ
3673 5703 3785 5768 τῆς

509 5719 639 5774 eum
665 5719 723 5776 ιτ.
805 5719 844 5725 ’-
877 5719 1173 5757 Tuum:er
1202 5719 1242 5748 υ
1270 5719 1329 5748 ι’.
1415 5719 1454 5724 "
1485 5719 1607 5762 συφ.
1633 5719 1727 5746 και
1755 5719 2016 5773 anulum;
2043 5719 2083 5746 υ
2110 5719 2172 5748 r.
2245 5719 2291 5725 "'
2322 5719 2460 5766 προς
2488 5719 2551 5752 ll.
2627 5719 2674 5730 “'
2705 5719 3036 5770 ετεχνασατο
3066 5719 3108 5755 La
3139 5719 3202 5756 ι’.
3278 5719 3373 5752 “τ
3453 5719 3780 5772 μετριῳττὶς

509 5763 785 5844 αληθειαςΛ
805 5763 1222 5844 ἐκλαμπόμενος
1251 5763 1341 5844 C.'
1360 5763 1434 5844 ﬁ"
1464 5763 1763 5844 τέως-ὅλως
1791 5763 1972 5844 θεουσ.
2001 5764 2089 5844 (3.-
2127 5761 2184 5844 :3
2221 5765 2348 5831 τοὺς
2379 5765 2492 5820 ἄνω
2519 5767 2582 5823 C.
2659 5769 2703 5803 “
2733 5771 2997 5835 λύσαντος
3018 5771 3060 5828 C
3082 5772 3141 5825 Ρ.
3217 5719 3607 5844 ὀὲμπιλήκτως
3633 5772 3780 5842 μετὰ

509 5831 613 5885 τοῦ⁷
630 5850 725 5902 πρ.
759 5831 996 5902 βοήσεις·
1029 5831 1426 5902 ἐθαυμαστώθη
1455 5835 1488 5902 ἡ
1526 5834 1727 5900 γνῶσίς
1747 5849 1841 5886 σου
1869 5831 1927 5898 ἐξ
1956 5831 2091 5904 ἐμοῦ
2121 5833 2185 5888 C.
