4142 6484
375 400 518 459 1285

1621 395 1710 454 DE
1752 390 2034 452 NA'I’URA
2079 386 2386 448 HOMINIS.

3456 380 3457 383 “
3520 390 3657 448 ινεε

371 516 582 574 τοῦτων
610 500 965 581 ἑκλέγεσθαι,
991 511 1060 583 ἢν
1104 510 1482 584 Ἐμπεδοκλῆς
1528 512 1752 587 πρῶτος
1800 506 1959 581 ἐφεύ-

2068 508 2253 573 nibus,
2280 506 2564 563 meliorem
2600 506 2916 577 scligentes,
2944 518 3110 575 quam
3140 499 3484 574 Empedoclis
3509 517 3653 568 esse,

379 625 541 681 ρατο,
590 606 669 671 ὡς
707 604 765 659 δέ
796 620 930 675 φησι
982 603 1245 681 Γαληνός,
1287 603 1662 675 Ἱπποκράτης
1704 603 1733 656 6
1779 601 1960 673 Κῷος.

374 697 633 768 Τέσσαρα
671 694 853 748 τοίνυν
885 695 956 748 τά
991 692 1086 746 τοῦ
1125 692 1329 757 παντὸς
1365 696 1610 765 στοιχεῖα
1658 695 1967 765 τυγχάνουτ

378 806 487 855 σιν,
517 786 555 842 ἀ
580 786 648 858 δὴ
677 790 775 840 καὶ
806 782 1056 855 κοσμικά
1085 782 1381 837 καλοῦνται
1401 800 1416 816 ·
1460 785 1601 855 πῦρ,
1633 783 1811 853 ὕδωρ,
1849 783 1966 852 ἀὴρ

375 882 473 937 καὶ
630 880 784 933 Ἐστι
833 878 892 932 δὲ
934 876 998 931 τδ
1038 877 1139 948 μὲν
1189 876 1303 949 πῦρ
1350 877 1558 950 θερμὸν
1612 878 1710 934 καὶ
1760 878 1959 950 ξηρόν·

371 974 436 1030 τὸ
464 974 523 1028 66
551 972 719 1045 ὓδωρ,
747 970 957 1042 ψυχρὸν
981 970 1076 1023 καὶ
1105 969 1274 1042 ὑγρόν
1294 984 1309 1000 ο
1341 969 1442 1023 666
1471 970 1605 1042 ἀὴρ,
1633 970 1837 1043 θερμὸς
1871 970 1966 1025 καὶ

373 1066 574 1139 ὑγρός·
614 1065 648 1135 ἡ
678 1063 736 1117 66
771 1064 843 1132 γῆ
865 1060 1055 1132 ψυχρά
1093 1060 1190 1115 καὶ
1219 1058 1386 1131 ξηρά.
1439 1060 1602 1115 Ἀλλά
1631 1060 1739 1132 μὴν
1773 1060 1865 1114 καὶ
1895 1058 1965 1113 τὰ

372 1156 622 1231 προσεχῆ
644 1156 883 1225 στοιχεῖα
899 1152 1009 1205 τῶν
1038 1150 1195 1217 ζώων
1224 1151 1485 1206 ἀπάντων
1510 1152 1606 1207 καὶ
1632 1152 1698 1223 δὴ
1734 1150 1830 1206 καὶ
1852 1151 1964 1206 τῶν

369 1247 730 1318 ἀνθρωπείων
786 1244 1079 1313 σωμάτων,
1130 1243 1372 1317 τέσσαρα
1405 1245 1503 1300 καὶ
1566 1244 1707 1299 αὐτά
1757 1245 1965 1316 τυγχά-

369 1356 575 1406 νουσιν,
603 1340 652 1393 οἱ
682 1337 947 1407 τέσσαρες
982 1333 1229 1406 δηλονότι
1265 1336 1434 1408 χυμοί
1456 1353 1471 1367 ·
1497 1334 1664 1409 αἷμα,
1694 1334 1973 1409 φλέγμα,

369 1431 528 1502 χολὴ
561 1429 780 1499 ξανθὴ,
821 1429 915 1484 καὶ
941 1428 1098 1499 χολὴ
1130 1427 1411 1498 μέλαινα.
1440 1428 1756 1497 ’·Ἀναλογεῖ
1782 1424 1876 1482 οὖν
1901 1428 1964 1481 τὸ

367 1518 513 1595 αἷμα
551 1521 634 1593 τῷ
662 1520 787 1593 ἀέρι
809 1536 828 1555 ν
855 1519 1061 1593 θερμὸν
1085 1520 1148 1574 ὃν
1174 1521 1270 1575 xui.
1316 1520 1505 1593 ὑγρὸν,
1534 1519 1727 1594 ὥσπερ
1763 1520 1830 1592 δὴ
1866 1520 1964 1574 κά-

365 1612 569 1681 κεῖνος.
586 1613 663 1668 T6
682 1613 740 1668 66
767 1613 991 1686 φλέγμα
1009 1614 1086 1685 τῷ
1105 1613 1259 1668 ὕδατι
1281 1631 1296 1648 ο
1329 1613 1541 1685 ψυχρὸν
1560 1613 1622 1668 ὃν
1650 1613 1743 1668 καὶ
1770 1612 1959 1686 ὑγρόν.

377 1707 446 1764 Ἥ
497 1708 558 1763 66
596 1706 764 1780 ξανθὴ
808 1706 965 1779 χολὴ,
999 1705 1080 1779 τῷ
1129 1708 1303 1779 πυρίο
1336 1706 1517 1781 Θερμὴ
1565 1708 1677 1780 γάρ
1712 1709 1831 1762 ἐστι
1866 1707 1963 1762 καὶ

368 1801 534 1875 ξηρά.
576 1799 642 1867 Ἦ
674 1800 732 1854 66
771 1798 1005 1872 μέλαινα
1028 1798 1162 1870 χολὴ
1199 1801 1267 1871 τῇ
1300 1801 1372 1871 γῇ
1393 1815 1409 1831 ·
1471 1799 1661 1871 ψυχρὰ
1704 1799 1815 1871 γάρ
1842 1799 1960 1853 ἐστι

2068 599 2309 654 Galenus
2343 608 2398 655 et
2425 597 2574 653 Cous
2604 595 2965 667 Hippocrates
2994 592 3261 649 referunt.
3295 590 3438 647 Sunt
3490 592 3659 663 igitur

2066 689 2314 744 omnium
2372 704 2557 744 rerum
2603 687 2873 743 elementa
2920 685 3078 758 143
3122 694 3387 756 quatuor,
3433 701 3556 756 qua:
3604 695 3656 742 et

2068 781 2257 837 mundi
2310 780 2579 835 elementa
2616 777 2980 848 appellantur,
3025 779 3163 848 ignis
3224 778 3500 841 videlicet.
3540 766 3671 836 aeri

2068 887 2206 938 aqua
2240 879 2295 925 et
2321 881 2485 925 terra.
2533 868 2600 923 Et
2629 869 2772 938 ignis
2817 867 3038 937 quidem
3097 869 3309 927 calidus
3344 871 3650 941 siccusque.

2067 978 2214 1033 aqua
2251 962 2476 1017 humida
2524 974 2589 1017 ac
2611 960 2831 1031 frigida,
2876 975 2972 1015 aer
3001 961 3215 1015 calidus
3266 969 3321 1017 et
3372 962 3654 1020 humidus.

2067 1065 2212 1111 terra
2241 1070 2372 1109 vero
2399 1053 2592 1125 frigida
2623 1062 2678 1108 et
2707 1053 2853 1109 sicca
2879 1051 3133 1108 habetur.
3187 1051 3293 1108 Sed
3322 1062 3377 1108 et
3408 1055 3653 1109 omnium

2065 1148 2430 1213 animalium,
2506 1156 2672 1218 atque
2726 1145 3094 1200 humanorum
3167 1157 3508 1214 corporum,
3572 1146 3660 1202 his

2066 1241 2314 1313 proxima
2344 1240 2568 1296 totidem
2601 1240 2890 1301 elementa,
2922 1245 3162 1309 quatuor
3189 1237 3440 1293 videlicet
3464 1237 3660 1292 humo-

2068 1350 2179 1399 res,
2228 1334 2468 1405 sanguis,
2501 1333 2721 1402 pituita,
2761 1332 2929 1402 ﬂava,
2963 1339 3018 1386 et
3064 1340 3189 1384 atra
3241 1328 3381 1384 bilis.
3418 1328 3658 1402 Sanguis

2068 1427 2256 1497 itaque
2289 1439 2418 1485 cura
2446 1426 2643 1482 calida:
2673 1441 2740 1482 ac
2783 1423 3023 1479 humidae
3045 1423 3326 1495 qualitatis
3379 1423 3493 1487 sit,
3543 1422 3659 1478 aeri

2067 1520 2421 1590 proportione
2447 1518 2779 1590 respondet;
2816 1517 3015 1589 pituita
3053 1531 3207 1583 vero,
3244 1513 3438 1584 frigida
3472 1514 3660 1569 humi-

2065 1611 2248 1682 daque
2280 1611 2576 1677 exsistens,
2610 1609 2963 1682 aquanllava
2978 1606 3201 1680 quidem
3229 1606 3378 1675 bilis,
3403 1623 3527 1663 cum
3562 1594 3669 1663 εει-ν

2064 1701 2173 1758 lida
2214 1710 2271 1758 et
2312 1702 2459 1758 sicca
2502 1702 2795 1772 habeatur,
2830 1702 2974 1777 igni;
3017 1710 3137 1759 atra
3163 1718 3318 1771 vero,
3349 1703 3421 1760 ob
3450 1702 3679 1783 frigidig

2065 1807 2230 1853 tatem
2262 1792 2740 1869 'siccitatemque,
2790 1804 2951 1852 terrae
2991 1796 3466 1870 proportionatur.
3517 1795 3681 1871 Sunt.

364 1893 463 1948 xci.
494 1892 656 1964 ξηρά.
692 1892 849 1946 Εἰσὶν
876 1887 973 1947 οῦν
997 1891 1058 1945 6v
1078 1892 1210 1962 ἡμῖν
1242 1890 1313 1945 τά
1364 1894 1607 1963 στοιχεῖα
1644 1891 1841 1959 ταῦτα,
1870 1891 1959 1945 καὶ

2064 1889 2231 1947 etiam
2262 1897 2319 1944 et
2352 1904 2475 1960 quae
2507 1904 2538 1944 a
2573 1888 2800 1945 musicis
2835 1889 3131 1945 traduntur
3178 1888 3445 1944 elementa
3472 1927 3486 1952 ,
3533 1903 3656 1955 ante

364 1984 510 2040 κατά
536 1985 839 2056 μουσικοὺς
867 1982 1064 2053 λόγους
1093 1981 1489 2050 διπλασίους,
1516 1984 1835 2054 ἡμιολίους
1863 1982 1959 2038 καὶ

362 2077 740 2149 ἐπιτρίτουςο
802 2079 934 2150 περὶ⁴
985 2068 1061 2130 ὧν
1107 2074 1410 2140 τυποειδῶς
1458 2074 1704 2143 λεκτέον,
1759 2076 1837 2141 ὡς
1892 2077 1960 2131 ἂν

363 2169 566 2242 ἐφικτά
600 2169 817 2240 γένοιτο
843 2169 959 2233 τοῖς
997 2165 1290 2238 ἀγνοοῦσιν
1324 2168 1486 2223 αὐτά.
1522 2168 1818 2232 Διπλάσιος
1854 2166 1959 2239 μὲν

362 2261 460 2317 οὖν
497 2264 652 2316 ἑστιν
685 2260 946 2333 ἀριθμὸς,
987 2261 1016 2315 6
1043 2259 1184 2333 έχων
1215 2260 1274 2314 ὲν
1312 2261 1493 2333 ἑαυτῷ
1534 2260 1977 2334 συγκρινόμενον¹

361 2353 627 2427 ἀριθμόν,
654 2355 970 2422 πλεονάκις,
1007 2354 1042 2428 ἢ
1075 2352 1260 2423 ἅπαξ·
1295 2354 1374 2418 ὡς
1402 2356 1432 2408 6
1475 2353 1622 2408 ὀκτὼ
1675 2354 1817 2427 πρὸς
1867 2354 1961 2409 τὸν

363 2446 615 2517 τέσσαρα
639 2460 656 2478 ⁸
689 2446 772 2511 δὶς
805 2446 915 2519 γὰρ
936 2447 996 2500 ἐν
1028 2444 1184 2517 αὐτῷ
1227 2445 1321 2501 τὸν
1372 2445 1621 2518 τέσσαρα
1666 2446 1958 2518 κέκτηται.

377 2537 660 2610 Ἦμιόλιος
686 2537 745 2592 δέ
784 2540 933 2592 ἐστιν
966 2533 1229 2611 ἀριθμὸς,
1262 2538 1292 2592 6
1320 2538 1461 2609 ἔχων
1493 2537 1616 2593 όλον
1664 2540 1724 2594 ὲν
1779 2538 1962 2611 ἑαυτῷ

365 2630 462 2687 τδν
500 2630 935 2702 συγκρινόμενον
969 2624 1210 2701 ἀριθμδν
1243 2629 1342 2684 καὶ
1366 2628 1430 2683 τὸ
1479 2630 1573 2685 ἐπὶ
1621 2629 1819 2685 τούτου
1840 2646 1856 2662 ⁶
1885 2631 1963 2695 ὡς

366 2718 397 2776 6
426 2719 489 2789 ἒξ
514 2722 652 2793 πρὸς
679 2722 773 2777 τὸν
808 2722 1086 2793 τέσσαραο
1128 2716 1243 2794 εχει
1269 2721 1381 2793 γὰρ
1407 2723 1464 2776 6v
1497 2721 1678 2796 ἐαυτῷ
1713 2722 1838 2778 ὅλον
1868 2723 1962 2777 τὸν

366 2812 630 2884 τέσσαρα,
668 2811 765 2866 καὶ¹
793 2812 854 2866 τὸ
889 2812 1067 2884 ἥμισυ
1097 2810 1316 2868 τούτου.
1361 2812 1676 2887 Ἐπίτριτος
1719 2813 1778 2869 δέ
1812 2816 1964 2871 ἐστιν

364 2902 651 2976 ἀριθμδςό
686 2904 923 2976 ἕχο›ν’ὲν
970 2902 1154 2976 ἐαυτῷ
1212 2904 1308 2961 τὸν
1348 2906 1787 2979 συγκρινόμενον
1832 2909 1961 2978 ἀρι-

365 2995 504 3068 θμὸν
532 2997 628 3050 καὶ
659 2995 721 3050 τὸ
757 2997 940 3066 τρίτον
965 2995 1161 3052 τούτου
1203 2999 1266 3052 τὸ
1314 2999 1397 3055 ἓν.
1448 2998 1523 3053 T6
1558 3000 1657 3071 μὲν
1685 2994 1782 3054 οῦν
1818 2992 1963 3072 αἷμα

365 3086 545 3156 φίλιον
574 3086 634 3142 6v
671 3088 767 3142 καὶ
819 3086 1126 3157 ζωογόνον,
1182 3090 1281 3144 καὶ
1314 3090 1520 3145 οἰκεῖον
1576 3093 1644 3163 τῇ
1695 3090 1858 3162 φύσει
1890 3091 1961 3163 τῇ

362 3179 617 3253 ἡμετέρᾳ
640 3179 924 3237 διπλάσιον
953 3180 1115 3251 λόγον
1143 3179 1261 3254 ἔχει
1292 3181 1418 3238 καθ’
1440 3183 1704 3238 ὑπόθεσιν
1729 3183 1870 3256 πρὸς
1894 3182 1964 3237 τά

2064 1984 2141 2040 ita
2168 1992 2560 2054 nuncupantur
2581 2007 2593 2041 ;
2613 1981 2915 2048 διπλάσιος,
2937 1981 3203 2055 ἡμιόλιος,
3228 1981 3326 2035 καὶ
3355 1982 3653 2054 ἐπι-τρίτος,

2064 2075 2172 2130 hoc
2196 2083 2302 2139 est,
2330 2075 2519 2146 dupla,
2547 2074 2930 2146 sexquialtera,
2960 2083 3016 2130 et
3040 2072 3413 2144 sexquitertia.
3439 2073 3507 2128 de
3531 2073 3658 2142 qui-

2064 2167 2169 2222 bus
2204 2166 2308 2223 sub
2341 2165 2581 2223 formula
2606 2165 2845 2237 quadam
2871 2163 3259 2236 explicandum
3295 2170 3420 2230 εει,
3458 2163 3539 2219 uti
3588 2163 3660 2218 ab

2063 2273 2258 2314 eorum
2285 2255 2497 2328 ignaris
2524 2257 2858 2328 deprehendi
2903 2256 3065 2312 facile
3103 2264 3327 2326 queant.
3384 2253 3660 2325 Diplasins

2063 2349 2251 2419 itaque
2282 2363 2549 2404 numerus
2573 2348 2620 2423 is
2651 2348 2864 2427 cst,qui
2901 2355 3282 2419 comparatum
3314 2346 3368 2401 in
3391 2362 3451 2401 se
3485 2346 3662 2416 pluri-

2065 2440 2260 2496 fariam
2313 2441 2417 2497 vel'
2454 2440 2626 2499 semel
2669 2455 2960 2497 numerum
3010 2439 3282 2503 continet,
3312 2450 3371 2495 ut
3425 2449 3550 2495 octo
3590 2439 3660 2494 ad

2066 2545 2328 2605 quatuor,
2361 2549 2487 2590 nam
2511 2549 2576 2590 ex
2596 2534 2682 2590 bis
2697 2543 2937 2605 quatuor
2961 2542 3088 2588 octo
3113 2531 3404 2588 resultant.
3435 2522 3681 2587 Ilemio;

2065 2628 2174 2684 lius
2196 2643 2326 2684 vero
2357 2636 2462 2696 est,
2503 2627 2598 2700 qui
2633 2628 2907 2701 integrant
2946 2627 3000 2682 in
3046 2641 3106 2683 se
3135 2635 3513 2697 comparatum
3552 2643 3659 2681 nn—

2065 2736 2280 2778 merum
2341 2738 2468 2777 cum
2522 2721 2752 2777 dimidio
2794 2714 2996 2788 habet,
3035 2728 3097 2776 ut
3135 2735 3229 2776 sex
3271 2718 3339 2775 ad
3398 2730 3658 2790 quatuor,

2067 2827 2195 2867 nam
2234 2810 2477 2883 perfecte
2503 2812 2559 2868 in
2597 2812 2718 2885 ipso
2747 2820 2987 2884 quatuor
3020 2826 3326 2883 eorumque
3364 2811 3661 2868 dimidium

2064 2902 2342 2959 visuntur.
2376 2902 2648 2975 Epitritus
2684 2913 2866 2960 autem
2897 2913 3013 2972 est,
3064 2905 3157 2976 qui
3197 2918 3323 2961 cum
3370 2919 3663 2975 compara

2065 3003 2183 3051 tum
2212 2994 2267 3059 in
2295 3010 2356 3051 se
2389 3011 2682 3052 numerum
2710 2996 2952 3052 obtineat
2978 3036 2996 3066 ,
3026 2996 3257 3068 ejusque
3287 2996 3506 3052 tertiam
3534 3012 3665 3067 por-

2067 3088 2272 3143 tionem
2304 3087 2494 3155 habet,
2534 3096 2595 3146 ut
2622 3100 2865 3162 quatuor
2896 3089 2965 3145 ad
3002 3090 3144 3156 tria;
3180 3103 3308 3144 nam
3340 3103 3465 3144 cum
3518 3088 3670 3144 inte—

2069 3195 2228 3252 grum
2283 3181 2579 3237 ternarium
2632 3181 2950 3253 possideat,
2989 3192 3044 3236 et
3085 3180 3210 3252 ejus
3245 3180 3403 3237 tertia
3436 3196 3566 3259 pars
3606 3182 3662 3236 in

363 3269 550 3326 λοιπά.
579 3271 654 3326 T6
669 3270 726 3327 66
757 3272 980 3345 φλέγμα
1000 3274 1256 3345 ἡμιόλιον
1277 3293 1289 3305 ·
1323 3276 1359 3347 ἠ
1380 3275 1439 3330 66
1462 3274 1636 3348 ξανθὴ
1664 3275 1799 3348 χολὴ
1835 3275 1959 3330 ἐπί·

2064 3287 2133 3329 eo
2164 3289 2288 3344 qua:
2319 3275 2505 3330 unitas
2531 3283 2615 3330 est
2657 3274 2987 3331 ostenditur.
3030 3272 3169 3329 Cum
3224 3272 3392 3343 igitur
3438 3274 3665 3345 sanguis

363 3377 572 3435 τριτον.
632 3362 701 3417 Ἦ
742 3364 803 3419 δὲ
854 3364 1086 3437 μέλαινα
1130 3365 1289 3439 χολὴ,
1349 3366 1611 3440 ἐλαχίστη
1675 3366 1959 3430 παντελῶς

366 3455 538 3512 ἔστιν.
594 3455 801 3527 Ἐχρῆν
849 3456 961 3527 γὰρ
993 3454 1192 3521 οὕτως.
1231 3456 1515 3529 Φθαρτικὴ
1558 3460 1671 3530 γάρ
1720 3459 1839 3513 ἔστι
1863 3456 1960 3512 τοῦ

365 3544 513 3611 ζώου
543 3546 639 3600 καὶ
669 3545 739 3599 τά
793 3547 1049 3617 χείριστα
1080 3548 1193 3601 τῶν
1236 3552 1571 3620 νοσημάτων
1630 3550 1698 3604 ὲκ
1752 3548 1961 3621 ταύτης

366 3636 586 3705 φύεται.
619 3637 1075 3712 Πλημμυρούσης
1117 3637 1231 3712 γὰρ
1265 3642 1325 3695 ὲν
1349 3641 1430 3713 τῷ
1483 3640 1700 3715 σώματι
1724 3641 1802 3715 τῷ
1820 3643 1961 3714 ἡμε-

2066 3366 2356 3423 amicahile
2390 3367 2708 3437 quoddam.
2753 3376 2808 3423 et
2846 3367 2993 3438 quod
3040 3366 3221 3436 ipsum
3277 3364 3481 3421 animal
3529 3381 3664 3437 pro-

2065 3466 2239 3523 creat,
2266 3460 2629 3529 quaedamque
2678 3459 2976 3530 peculiaris
3006 3467 3219 3513 naturae
3251 3465 3453 3512 nostras
3482 3458 3664 3527 portio

2064 3551 2139 3606 sit
2164 3591 2178 3613 ,
2230 3550 2469 3622 diplasio
2524 3566 2759 3607 numero
2793 3551 2860 3607 ad
2907 3551 3155 3623 reliqua,
3184 3565 3309 3622 qua:
3348 3552 3402 3607 in
3432 3566 3665 3622 corpore

2065 3652 2258 3699 nostro
2302 3651 2455 3710 sunt,
2492 3644 2903 3714 quodammodo
2940 3646 3254 3716 respondet.
3301 3646 3503 3702 Pituita
3537 3660 3666 3700 vero

364 3727 532 3801 τέρῳ,
560 3730 980 3801 ἐλεφαντιάσεις
1024 3732 1121 3787 καὶ
1168 3730 1396 3805 λέπραι,
1461 3735 1559 3789 καὶ
1597 3732 1803 3807 ψῶραι,
1864 3733 1959 3788 καὶ

2072 3735 2333 3793 Hemiolii
2367 3756 2382 3793 :
2418 3736 2558 3794 flava
2583 3747 2766 3794 autem
2806 3738 2954 3807 bilis,
2988 3739 3209 3811 Epitriti
3241 3742 3508 3797 rationem
3532 3754 3666 3794 con-

363 3818 547 3889 ἀλφοὶ,
583 3824 686 3878 καὶ
711 3822 949 3897 σκίῤῥοι,
994 3823 1092 3879 καὶ
1122 3827 1379 3898 καρκῖνοι
1409 3827 1507 3881 καὶ
1558 3825 1716 3897 ὄγκοι
1760 3844 1959 3898 καρκι-

2073 3829 2229 3885 ιὶιιει.
2261 3830 2395 3885 Atra
2426 3830 2648 3902 quidem
2679 3831 2809 3888 bilis
2863 3833 3092 3888 omnino
3133 3832 3362 3889 inferior
3404 3832 3661 3888 habetur.

362 3913 553 3980 νώδεις
584 3915 853 3986 γίνονται.
1510 3930 1515 3936 ’

2072 3921 2220 3987 Sive,
2257 3931 2318 3978 ut
2350 3923 2426 3979 ita
2451 3923 2708 3991 dixerim,
2736 3924 2853 3995 ipsa
2884 3927 3029 3981 enim
3056 3935 3162 3994 est,
3191 3943 3314 3998 quae
3339 3940 3463 3982 cum
3487 3924 3680 3979 malva

362 4007 590 4066 morbos
623 4008 874 4075 inducat,
901 4025 1104 4083 corpus
1139 4020 1392 4070 nostrum
1423 4013 1481 4070 in
1532 4015 1836 4087 perniciem
1894 4023 2110 4072 vertere
2141 4017 2304 4074 solet.
2341 4015 2479 4073 Nam
2507 4058 2523 4084 ,
2561 4019 2633 4074 ob
2689 4018 2811 4089 ejus
2877 4021 2931 4075 in
2973 4036 3207 4092 corpore
3241 4031 3433 4078 nostro
3459 4021 3664 4077 exube-

364 4103 626 4171 rantiam,
665 4103 943 4169 homines,
1014 4104 1364 4175 elephantiaa,
1418 4107 1612 4178 leprae,
1676 4106 1910 4170 scabiei,
1958 4105 2311 4180 impetigini,
2359 4109 2627 4165 callorum
2696 4110 3108 4179 asperitatibus,
3154 4113 3390 4176 cancris,
3423 4113 3663 4168 carbun-

360 4198 524 4268 culis,
562 4194 797 4267 aliisque
820 4196 1131 4252 tumoribus
1152 4197 1385 4254 obnoxii
1412 4198 1740 4255 redduntur.

433 4290 620 4354 οὕτως
648 4283 743 4344 οῦν
774 4288 998 4361 νοητέον
1037 4289 1134 4344 καὶ
1159 4290 1255 4344 ἐπὶ
1284 4289 1396 4345 τῶν
1431 4291 1529 4346 τοῦ
1568 4292 1782 4364 κόσμου
1811 4310 1959 4347 στοι-

361 4380 546 4452 χείων.
591 4381 652 4434 Ὀ
682 4379 794 4452 γὰρ
824 4380 957 4452 ἀὴρ,
987 4379 1065 4444 ὡς
1088 4378 1328 4453 εἴρηται,
1362 4381 1623 4452 ἀναλογεῖ
1645 4383 1724 4455 τῷ
1759 4385 1956 4454 αἵματι

2144 4288 2344 4345 Eadem
2392 4290 2561 4361 igitur
2580 4290 2722 4346 ratio
2744 4300 2799 4346 et
2825 4293 2892 4347 de
2914 4290 3065 4346 orbis
3094 4290 3381 4349 elementis
3408 4293 3659 4354 habenda

2064 4393 2168 4439 est.
2207 4380 2343 4438 Nam
2377 4398 2491 4450 aer,
2523 4393 2579 4439 ιιι
2613 4384 2768 4455 prius
2818 4384 3183 4452 asseruimus,
3229 4400 3354 4440 cum
3400 4391 3659 4459 sanguini

358 4474 566 4529 πλείὼν
593 4472 713 4546 (sic)
736 4473 847 4528 τῶν
870 4472 1049 4528 ἄλλων
1085 4473 1181 4528 καὶ
1212 4473 1499 4531 διπλάσιον
1519 4474 1682 4546 λόγον
1695 4475 1808 4549 ἔχει
1832 4478 1955 4530 καθ’

2064 4476 2423 4546 proportione
2468 4474 2631 4550 ιω
2658 4476 3007 4548 respondeat,
3033 4478 3179 4548 quod
3206 4480 3454 4534 omnium
3481 4481 3661 4552 major

359 4569 620 4625 ὑπόθεσιν
655 4568 792 4640 πρὸς
825 4568 895 4623 τά
923 4568 1123 4624 λοιπάο
1164 4566 1222 4623 ιν
1260 4568 1438 4641 τούτῳ
1466 4568 1576 4642 γὰρ
1605 4570 1759 4623 πᾶσα
1787 4569 1952 4624 δύνα-

359 4681 455 4736 μις
483 4662 694 4735 ψυχικὴ
723 4662 820 4717 καὶ
847 4661 1077 4735 ζωτικὴ,
1113 4658 1190 4727 ὥς
1221 4679 1389 4733 φησιν
1448 4662 1853 4737 Ἀριστοτέλης.
1882 4661 1957 4717 Τὸ

353 4755 412 4809 66
433 4754 581 4824 ὕδωρ
615 4752 920 4823 ἀναλογοῦν
941 4754 1016 4824 τῷ
1040 4750 1318 4826 φλέγματι
1341 4755 1595 4826 ἡμιόλιον
1639 4755 1801 4826 λόγον
1841 4756 1956 4829 ἔχει

356 4846 497 4918 πρὸς
518 4844 591 4900 τά
619 4845 817 4901 λοιπάο
845 4844 1118 4916 ζωογόνον
1135 4847 1245 4917 γάρ
1274 4847 1394 4901 ὲστι
1418 4846 1692 4902 πλείστων
1707 4847 1957 4920 ἐνύγρων

356 4938 535 5004 ζώων.
585 4938 662 4993 T6
690 4938 749 4993 66
777 4938 891 5011 πῦρ
917 4937 1041 4993 οὐδὲ
1080 4938 1210 5007 μίαν
1253 4938 1420 5011 ἕδραν
1451 4938 1588 5011 ἔχει,
1620 4937 1697 5005 ὥς
1736 4958 1902 5012 φησιν
1928 4943 1957 4996 6

352 5030 745 5104 Σταγειρίτης,
775 5030 916 5086 ἀλλά
961 5030 1247 5102 πανταχοῦ
1296 5033 1590 5104 πάρεστιν,
1640 5034 1717 5099 ὡς
1776 5035 1806 5088 6
1847 5036 1955 5106 Δη-

355 5125 644 5197 μιουργός.
684 5124 777 5179 Ἐν
812 5125 949 5179 πᾶσι
990 5124 1102 5195 γὰρ
1136 5124 1170 5196 ἢ
1198 5124 1405 5179 πλείων
1427 5126 1462 5197 ἦ
1499 5125 1751 5180 ἐλάσσων
1783 5129 1952 5199 μοῖρα

352 5215 450 5271 τοῦ
480 5217 657 5288 πυρὸς
686 5217 1160 5289 ἔγκατέσπαρται.
1217 5217 1281 5272 Ἦ
1306 5218 1366 5273 δὲ
1397 5220 1469 5291 γῆ
1517 5218 1781 5293 ἐλαχίστη
1814 5216 1952 5276 οὖσα

351 5306 580 5378 κέντρον
609 5306 824 5377 πέφυκε
852 5306 948 5361 τοῦ
980 5309 1204 5374 παντός.
1251 5309 1414 5364 Ἀλλὰ
1434 5309 1493 5363 δὲ
1526 5310 1583 5365 αί
1606 5312 1718 5365 τῶν
1740 5310 1953 5384 ἀνθρώ-

350 5417 472 5455 πων
503 5401 718 5473 ἡλικίαι
773 5400 1059 5471 ἀναλόγως
1099 5402 1285 5475 ἔχουσι
1330 5404 1444 5468 τοῖς
1484 5421 1546 5458 τε
1593 5404 1688 5460 τοῦ
1735 5404 1949 5476 κόσμου

353 5494 642 5566 στοιχείοις
694 5494 791 5550 καὶ
845 5497 961 5560 τοῖς
1003 5496 1302 5568 προσεχέσι
1342 5497 1455 5552 τῶν
1493 5496 1650 5563 ζώων
1699 5499 1796 5553 καὶ
1840 5498 1952 5554 τῶν

348 5585 639 5657 ἡμετέρων
670 5586 964 5659 σωμάτων.
1009 5587 1074 5642 Ἡ
1106 5589 1206 5661 μὲν
1232 5589 1343 5661 γὰρ
1367 5588 1477 5643 τῶν
1512 5590 1724 5646 παίδων
1759 5591 1951 5663 ἡλικία

352 5674 534 5748 Θερμὴ
566 5670 705 5731 οῦσα
733 5677 829 5730 καὶ
854 5676 1001 5751 ὑγρά
1044 5677 1302 5748 ἀναλογεῖ
1337 5680 1537 5754 αἵματί
1582 5698 1643 5735 τε
1674 5681 1768 5736 καὶ
1801 5682 1947 5754 ἀέρι.

365 5766 432 5821 Ἦ
451 5767 510 5822 δέ
535 5766 724 5823 τετῶν
751 5767 1118 5839 ἀκμαζόντων
1147 5768 1329 5842 θερμὴ
1348 5764 1487 5825 οὖσα
1518 5772 1612 5827 καὶ
1635 5771 1777 5844 ξηρά
1812 5774 1948 5829 ἀνα-

346 5856 500 5943 λογεῖ
513 5862 580 5935 τῇ
604 5858 774 5932 ξανθῇ
787 5859 918 5934 χολῇ
938 5860 1033 5914 καὶ
1043 5858 1121 5932 τῷ
1139 5860 1290 5933 πυρί.
1348 5863 1413 5918 Ἥ
1429 5863 1484 5919 66
1504 5881 1578 5919 πα
1588 5854 1967 5938 ρακμαστικη

645 5955 922 6018 ΡΑτιιοι..
965 5955 1083 6017 Gtt.
1127 5958 1330 6021 LXIV.

2063 4578 2158 4644 sit,
2186 4577 2405 4649 diplasii
2439 4579 2508 4635 ad
2537 4579 2770 4651 reliqua,
2804 4588 2866 4635 ut
2894 4579 2968 4636 ita
2998 4578 3256 4648 dixerim,
3282 4580 3496 4637 ratione
3530 4581 3675 4638 fun-t

2059 4671 2250 4742 gitur;
2286 4672 2340 4728 in
2369 4671 2478 4729 hoc
2503 4673 2674 4738 enim,
2708 4680 2769 4728 ιιι
2812 4672 3139 4730 Aristoteles
3168 4673 3366 4744 inquit,
3398 4676 3656 4731 animalis

2059 4763 2352 4835 vitalisque
2390 4763 2626 4822 facultas
2656 4773 2768 4821 tota
2797 4765 3076 4822 consistit.
3102 4763 3261 4835 Aqua
3293 4774 3499 4832 autem,
3529 4783 3671 4820 cum

2057 4855 2272 4925 pituitae
2301 4858 2778 4929 proportionetur,
2814 4856 3071 4914 Hemiolii
3100 4858 3317 4913 ratione
3344 4857 3410 4912 ad
3444 4860 3652 4929 reliqua

2057 4948 2395 5018 respondere
2434 4950 2713 5017 creditur;
2769 4951 2824 5006 in
2881 4952 3000 5022 ipsa
3051 4950 3235 5015 enim,
3288 4951 3651 5021 plurimormn

2058 5054 2182 5109 qua:
2207 5037 2434 5095 humida
2465 5049 2595 5097 sunt
2616 5041 2938 5097 animalium
2982 5043 3392 5113 generationem
3421 5042 3533 5097 fieri
3569 5045 3653 5097 in-

2058 5132 2343 5203 spicimus.
2392 5132 2630 5201 Verum,
2668 5133 2819 5206 igni,
2867 5137 3333 5206 quemadmodum
3378 5135 3653 5206 Stagiritze

2059 5224 2259 5295 placet,
2299 5224 2449 5280 nulla
2481 5234 2632 5282 certa
2675 5229 2834 5284 sedes
2863 5227 3260 5298 praescribitur,
3292 5228 3408 5293 sed,
3455 5238 3512 5281 ut
3559 5243 3650 5282 re-

2057 5329 2182 5372 rum
2213 5314 2395 5388 opifex
2428 5317 2634 5389 ubique
2681 5327 2737 5374 et
2770 5318 2824 5373 in
2872 5319 3133 5375 omnibus
3152 5328 3258 5376 est.
3285 5317 3342 5374 in
3375 5319 3651 5375 universis

2054 5406 2203 5462 enim
2245 5407 2448 5475 rebus,
2486 5408 2632 5480 ignis
2667 5408 2914 5471 semina,
2948 5419 3046 5464 aut
3079 5424 3311 5480 magna,
3347 5420 3447 5465 aut
3484 5424 3649 5480 parva

2054 5498 2413 5568 proportione
2434 5499 2793 5558 disseminata
2810 5511 2959 5557 sunt.
2975 5500 3143 5561 Terra
3168 5511 3376 5569 autem,
3399 5501 3650 5558 omnium

2054 5591 2325 5660 minima,
2370 5607 2496 5648 cum
2534 5593 2726 5664 puncti
2791 5593 3152 5665 proportione
3202 5593 3271 5648 ad
3327 5593 3650 5652 universum

2052 5682 2337 5756 fungatur,
2355 5683 2573 5756 Epitriti
2593 5686 2860 5743 rationem
2889 5686 3074 5742 habet.
3127 5682 3649 5753 Verumenimvero,

2048 5785 2105 5833 ct
2135 5778 2422 5835 hominum
2448 5787 2660 5848 aetates,
2684 5780 3044 5853 proportione
3081 5780 3321 5853 quadam
3349 5823 3365 5848 ,
3410 5791 3525 5838 tum
3578 5783 3649 5839 ad

2054 5870 2207 5927 orbis
2241 5872 2531 5942 elementa,
2574 5882 2690 5930 tum
2721 5875 2789 5933 ad
2818 5890 2881 5932 ea
2913 5878 3037 5948 qua
3070 5875 3394 5934 animalium
3426 5886 3649 5935 nostro-

3123 5970 3200 6034 E3
