4142 6464
388 383 531 442 1289

1640 369 1731 425 DE
1768 367 2057 427 NATUliA
2098 366 2409 427 HOMINIS.

3542 376 3681 437 £290

392 505 491 558 stat
531 497 661 573 περὶ
713 494 892 569 ψυχῆς
927 492 1087 563 ὀλίγα
1134 491 1261 547 τινά
1314 489 1668 563 διαλάϐωμεν
1692 506 1707 522 ·
1772 491 1863 546 ἵνα
1906 491 1984 562 μὴ

2090 492 2470 555 disseramus,
2524 503 2595 547 ne
2643 488 2961 548 alterutram
3034 490 3320 549 videamur
3382 494 3682 558 animantis

385 595 635 665 δόξωμεν
691 590 923 661 Θάτερον
987 587 1159 659 μέρος
1209 584 1307 640 τοῦ
1353 585 1498 649 ζώου
1555 584 1909 640 καταλιπεῖν.

473 680 858 757 ’Δρχώμεθα⁵¹
911 679 971 732 δὲ
1019 677 1297 734 ἐντεῦθεν.
1338 677 1412 732 Ἥ
1460 676 1611 749 ψυχὴ
1661 677 1831 750 νοητὴ
1887 678 1984 731 καὶ

386 776 590 848 νοερά⁶
618 770 787 843 νοητὴ
830 770 953 842 μὲν,
998 769 1137 825 καθὸ
1176 770 1384 828 νοεῖται
1418 767 1664 840 νοητῶς·
1710 766 1874 839 νοερὰ
1904 767 1984 836 δὲ,

385 867 462 929 ὡς
496 861 709 934 ἀμιγὴς
737 860 838 931 τῆς
867 858 1002 929 ὕλης
1028 856 1126 912 τοῦ
1168 859 1445 929 σώματος.
1484 856 1681 927 Ψυχῆς
1731 855 1790 909 δὲ
1832 853 1989 925 ἐνέρ-

384 973 536 1026 γειαι
566 950 875 1024 γνωστικαὶ
931 951 1031 1005 καὶ
1066 948 1322 1017 ζωτικαὶ,
1358 949 1443 1003 ὅτι
1473 946 1761 1018 σύμφυτος
1789 947 1824 1019 ἡ
1871 944 1987 1019 ζωὴ

384 1050 451 1118 τῇ
482 1046 631 1115 ψυχῇ
653 1059 667 1074 ·
693 1040 774 1114 τῷ
800 1040 1016 1114 σώματι
1043 1042 1102 1095 δὲ
1135 1041 1281 1099 κατὰ
1314 1039 1569 1113 μέθεξινο
1616 1040 1852 1112 δργανον
1874 1036 1987 1109 γὰρ

384 1143 452 1206 τῇ
479 1139 629 1208 ψυχῇ
672 1136 733 1189 τὸ
773 1136 965 1205 σῶμα·
998 1133 1371 1204 ὑποκείμενον
1412 1131 1473 1186 δὲ
1512 1132 1613 1187 τοῦ
1665 1130 1923 1202 σώματος
1951 1130 1986 1201 ἡ

386 1227 554 1297 ψυχή.
608 1227 878 1297 Κινήσεις
940 1224 1217 1295 ψυχικαί·
1267 1223 1546 1296 αἴσθησις,
1598 1222 1809 1294 νόησις,
1842 1220 1989 1293 ἔνερ-

387 1335 535 1385 γεια.
568 1318 820 1372 Κινεῖται
849 1315 911 1372 δὶ
939 1317 975 1387 ἡ
1009 1315 1161 1388 ψυχὴ
1191 1315 1495 1381 κυκλικῶς,
1528 1313 1864 1377 ὲλικοειδῶς,
1890 1314 1990 1367 καὶ

388 1413 511 1465 κατ’
550 1409 792 1464 εὐθεῖαν.
842 1407 991 1472 Νοῦς
1026 1410 1147 1463 ἐστι
1196 1406 1342 1463 κατά
1396 1406 1627 1478 γνώμην
1664 1405 1987 1472 ἄπταιστος,

388 1501 619 1575 πρώτης
648 1501 964 1574 προσϐολῆς
992 1502 1105 1556 τῶν
1126 1501 1479 1575 πραγμάτων
1515 1499 1853 1570 ἁπτόμενος,
1892 1498 1991 1553 καὶ

387 1599 643 1670 κρεῖττον
681 1596 716 1669 ἢ
758 1595 907 1652 κατά
944 1594 1229 1662 ἀπόδειξιν
1254 1591 1727 1667 ἁπολαμϐάνων⁸²
1757 1591 1828 1647 τά
1852 1590 1991 1662 πρά-

387 1708 610 1762 γματα·
638 1688 707 1744 δι’
748 1681 826 1746 ὧν
875 1688 994 1743 ἐστι
1040 1687 1274 1742 συνιδεῖν
1306 1686 1409 1759 πῆ,
1456 1683 1565 1741 ποῦ
1615 1681 1987 1757 πορευόμεθα,

388 1785 510 1840 ὁδὸν
539 1783 833 1858 ζητοῦντες
851 1783 951 1855 τῆς
976 1780 1333 1849 ἀποδείξεως.

471 1962 530 2018 '0
572 1962 631 2018 δὲ
674 1962 807 2034 περὶ
837 1961 1023 2033 ψυχῆς
1060 1960 1245 2031 λόγος,
1289 1960 1353 2015 οὐ
1387 1958 1451 2014 τὸ
1487 1957 1543 2015 τί
1575 1960 1728 2013 ἐστιν
1771 1959 1806 2030 ἡ
1837 1956 1987 2029 ψυχὴ

390 2056 514 2112 κατ’
548 2057 741 2113 οὐσίαν
778 2056 1057 2112 διδάσκει·
1088 2055 1207 2113 ἀλλ’
1240 2056 1296 2109 εί
1322 2072 1379 2108 τι
1406 2053 1508 2109 οὐκ
1553 2052 1671 2108 ἔστι
1710 2053 1894 2125 δηλοί’
1925 2051 1990 2107 τὸ

388 2151 501 2222 γὰρ
554 2151 659 2221 τῆς
711 2148 906 2214 οὐσίας
962 2151 1134 2223 αὐτῆς
1182 2149 1318 2221 παρ’
1365 2151 1502 2221 ἡμῖν
1554 2148 1837 2218 ἄγνωστον
1890 2146 1990 2202 καὶ

390 2243 761 2316 ἀγνώριστον.
808 2241 937 2307 Πῶς
969 2239 1104 2309 οὖν,
1156 2243 1276 2316 ἐρεῖ
1316 2259 1406 2307 τις
1450 2241 1644 2314 τυχὸν,
1684 2244 1846 2312 εἴπερ
1886 2240 1990 2294 οὐκ

390 2333 688 2391 ἐπίστασαί
731 2350 787 2387 τι
841 2332 973 2405 περὶ
1021 2332 1244 2405 ψυχῆς,
1293 2331 1537 2405 γράφεις
1590 2331 1723 2405 περὶ
1773 2329 1987 2402 ψυχῆςς

388 2429 596 2483 ἄτοπον
616 2427 753 2500 γὰρ,
769 2432 863 2487 τὸν
879 2428 957 2497 μὴ
990 2425 1229 2498 βεϐαίως
1254 2425 1454 2498 ἔχοντα
1479 2424 1610 2498 περί
1641 2441 1718 2489 τι,
1749 2424 1988 2497 γράφειν

388 2520 424 2592 ἢ
469 2518 789 2590 ἐξηγεῖσθαι
825 2516 960 2588 περὶ
1006 2514 1202 2571 αὐτοῦ.
1242 2516 1460 2571 Είδέναι
1502 2516 1615 2589 γὰρ
1655 2514 1741 2569 δεῖ
1768 2514 1989 2589 πρῶτον

387 2610 483 2664 τὸν
509 2607 845 2682 χαρακτῆρα
870 2606 969 2661 τοῦ
990 2608 1058 2672 Δ,
1083 2602 1202 2660 εἶτα
1230 2606 1330 2679 τὴν
1355 2606 1453 2662 τοῦ
1480 2606 1755 2678 στοιχείου
1782 2604 1989 2675 γνῶσιν

389 2701 602 2772 ἑτέροις
622 2698 971 2756 ἀπωιθέναι.
1002 2698 1150 2771 Πρὸς
1174 2699 1234 2752 ὃν
1255 2701 1397 2771 ρη...
1420 2700 1466 2732 ⁵³
1491 2699 1561 2753 τὰ
1583 2697 1705 2753 θεῖα
1732 2698 1987 2771 ἀόριστα,

388 2792 528 2847 ἀλλά
556 2793 655 2846 καὶ
682 2791 944 2861 ἄγνωστα
977 2793 1102 2846 κατ’
1133 2790 1348 2847 οὺσίαψ
1385 2789 1469 2844 διὸ
1495 2790 1592 2845 καὶ
1622 2790 1717 2845 τὸν
1746 2790 1881 2845 Θεὸν
1905 2791 1984 2845 εί-

388 2884 541 2938 δέναι
573 2882 829 2953 λέγομεν,
883 2880 961 2954 μὴ
996 2882 1219 2946 ἰδόντεςο
1252 2880 1331 2946 ὡς
1363 2881 1446 2936 τό·
1475 2877 1662 2938 Εἶδον
1691 2880 1801 2935 τὸν
1839 2880 1990 2936 Θεὸν

386 2975 488 3030 ἐπὶ
519 2975 741 3044 θρόνου
764 2974 1041 3044 ὑψηλοῦ·
1071 2974 1169 3030 καί
1210 2992 1225 3008 ο
1256 2972 1443 3031 Εἶδον
1471 2976 1581 3031 τὸν
1607 2974 1759 3033 Θεὸν
1796 2978 1985 3047 πρόσ-

389 3082 559 3124 ωπον
586 3068 738 3136 πρὸς
771 3068 1105 3138 πρόσωπον
1123 3084 1138 3100 ο
1160 3069 1276 3125 ἀλλ’
1303 3070 1365 3123 οὐ
1407 3070 1532 3125 κατ’
1559 3069 1752 3125 οὐσίαν
1788 3069 1990 3134 ίδόντες

2088 593 2299 654 partem
2323 583 2765 654 praetermisisse.

2159 674 2280 731 Jam
2317 675 2450 732 hinc
2477 675 2807 747 incipiamus
2841 692 2854 730 :
2887 674 3081 732 Anima
3134 675 3445 747 intelligens
3478 688 3533 735 et
3566 683 3681 750 spi-

2090 765 2302 823 ritualis
2334 786 2349 823 :
2380 765 2715 836 intelligens,
2738 775 3012 836 quatenus
3060 767 3509 827 intellectualiter
3535 784 3683 842 cogi-

2092 865 2206 924 tat;
2231 857 2556 927 spiritualis,
2585 868 2858 929 quatenus
2876 857 2945 915 ab
2966 859 3114 915 omni
3140 858 3395 918 mistioue
3415 876 3541 918 cum
3572 877 3688 917 cor-

2088 948 2239 1019 poris
2268 948 2497 1006 materia
2528 948 2787 1004 immunis
2816 954 2921 1005 est.
2965 946 3181 1004 Animas
3220 959 3405 1006 autem
3434 951 3688 1007 actiones

2089 1040 2157 1095 ad
2187 1040 2628 1111 cognoscendum
2655 1049 2713 1095 et
2751 1040 2819 1096 ad
2871 1040 3167 1097 vivendum
3220 1051 3495 1111 spectant,
3542 1043 3673 1112 quia

2091 1132 2272 1187 anima
2298 1132 2465 1190 vitam
2490 1132 2656 1189 habet
2675 1131 2943 1198 innatam,
2966 1146 3169 1204 corpus
3195 1144 3378 1189 autem
3400 1149 3496 1204 per
3531 1149 3687 1191 com-

2091 1224 2516 1280 municationem
2539 1240 2555 1291 ;
2578 1238 2817 1293 namque
2840 1238 3103 1294 organum
3122 1224 3319 1279 anima:
3333 1233 3415 1280 est
3446 1238 3683 1294 corpus;

2090 1315 2342 1386 corporis
2368 1330 2502 1370 vero
2529 1315 2869 1371 subStratum
2901 1315 3105 1370 anima.
3133 1313 3309 1371 Motus
3339 1314 3537 1371 animas
3562 1330 3688 1370 sen-

2092 1406 2365 1474 sibilitas;
2403 1407 2689 1478 cogitatio,
2729 1406 2978 1477 energia.
3007 1406 3255 1463 Moretur
3277 1408 3463 1463 anima
3492 1406 3547 1463 in
3575 1408 3687 1462 cir-

2090 1497 2294 1563 culum,
2326 1498 2554 1569 spiram,
2589 1508 2821 1554 rectum.
2848 1497 3004 1553 Mens
3027 1498 3080 1554 in
3109 1498 3356 1555 consiliis
3384 1497 3499 1554 suis
3515 1496 3687 1553 oﬂen-

2091 1590 2331 1649 diculum
2360 1591 2596 1662 ignorat,
2642 1591 2708 1648 ad
2740 1592 2975 1663 primam
3012 1607 3197 1651 rerum
3252 1591 3683 1665 propositionem

2092 1682 2382 1737 adhaerens
2434 1692 2490 1738 et
2517 1681 2898 1739 vehementius
2918 1695 3081 1750 quam
3108 1679 3347 1751 postulat
3372 1677 3689 1735 manifesta.

2096 1774 2173 1829 tio
2208 1788 2299 1829 res
2329 1772 2627 1845 abripiens.
2658 1772 2866 1831 Exinde
2916 1772 3270 1830 considerare
3299 1781 3384 1828 est
3416 1785 3547 1843 qua,
3579 1785 3688 1843 quo

2090 1880 2406 1937 pergamus,
2440 1867 2583 1920 viam
2616 1873 2928 1936 quaerentes
2957 1864 3443 1923 manilestationis.

2164 1958 2354 2028 Itaque
2387 1959 2454 2014 de
2489 1959 2667 2013 anima
2714 1957 3033 2027 disputatio,
3066 1971 3173 2015 non
3224 1956 3356 2029 quid
3407 1955 3479 2012 sit
3504 1956 3687 2011 anima

2090 2048 2266 2117 quoad
2294 2047 2593 2104 essentiam
2629 2048 2825 2113 docet;
2853 2046 2950 2102 sed
2985 2047 3114 2117 quid
3150 2063 3256 2104 non
3312 2047 3387 2105 sit
3417 2047 3685 2103 ostendit.

2089 2138 2338 2210 Namque
2366 2141 2485 2210 ejus
2532 2142 2773 2197 essentia
2806 2140 2934 2211 quid
2986 2140 3081 2209 sit,
3116 2155 3295 2212 neque
3321 2140 3467 2196 scire
3506 2153 3687 2209 neque

2090 2232 2306 2303 assequi
2338 2232 2495 2291 nobis
2519 2231 2668 2293 licet.
2698 2231 2983 2299 Quomodo
3016 2247 3170 2303 ergo,
3204 2232 3346 2289 dicet
3373 2231 3685 2304 quispiam,

2092 2326 2159 2382 de
2188 2327 2371 2385 anima
2403 2326 2540 2384 nihil
2576 2327 2779 2392 sciens,
2812 2327 2879 2384 de
2908 2327 3088 2382 anima
3125 2325 3686 2383 scribistabsurdum

2092 2420 2259 2487 enim,
2295 2419 2371 2477 rei
2407 2420 2631 2475 notione
2680 2417 2838 2475 ﬁrma
2884 2428 3187 2487 carentem,
3212 2420 3278 2474 de
3333 2432 3399 2476 ea
3445 2417 3687 2474 scribere

2092 2523 2187 2567 aut
2208 2511 2502 2568 disserere.
2541 2508 2784 2567 Noscere
2811 2510 2957 2567 enim
2992 2520 3211 2583 oportet
3257 2511 3435 2584 primo
3489 2510 3687 2566 littera:

2090 2607 2135 2660 A
2170 2604 2427 2671 formam,
2448 2603 2693 2676 posthaec
2718 2611 2931 2659 tantum
2959 2602 3361 2659 elementorum
3386 2601 3680 2660 scientiam

2094 2698 2222 2756 aliis
2247 2712 2577 2770 proponere.
2612 2695 2714 2753 Cui
2751 2695 3092 2768 respondebo
3122 2712 3137 2749 :
3175 2695 3371 2752 Divina
3404 2693 3686 2753 indelluita

2089 2801 2147 2847 et
2184 2791 2338 2860 juxta
2389 2790 2687 2848 essentiam
2724 2787 3321 2858 incomprehensibilia.
3369 2786 3556 2843 Videri
3589 2792 3679 2841 ta-

2090 2899 2218 2941 men
2258 2884 2425 2939 Deum
2468 2898 2500 2937 a
2531 2882 2693 2939 nobis
2750 2882 3007 2947 dicimus,
3035 2893 3199 2952 Quem
3251 2897 3361 2937 non
3414 2882 3684 2949 videmus,

2091 2988 2152 3033 ut
2185 2996 2200 3034 :
2240 2975 2362 3032 Vidi
2394 2975 2562 3032 Deum
2593 2991 2754 3045 super
2788 2977 3033 3031 thronum
3062 2975 3365 3031 excelsum‘
3387 2993 3405 3045 ;
3427 2985 3481 3031 et
3513 2993 3526 3029 :
3567 2973 3687 3033 Vidi

2090 3069 2261 3127 Deum
2299 3070 2437 3141 [acie
2469 3069 2541 3124 ad
2568 3069 2819 3139 faciem”.
2854 3069 2927 3125 At
2981 3084 3089 3127 non
3133 3069 3436 3127 secundum
3488 3083 3686 3129 essen—

388 3165 548 3231 Θεὸν,
578 3164 756 3222 ταῦτα
798 3166 1092 3237 εἰρήκασιν
1130 3167 1182 3221 οί
1220 3165 1559 3239 ἑωρακότες,
1600 3166 1718 3222 ἀλλ’
1759 3168 1985 3238 ἐνεργη-

2095 3162 2233 3219 tiam
2264 3162 2436 3218 Deum
2472 3162 2724 3218 videntes
2765 3160 2894 3215 talia
2921 3160 3177 3218 dixerunt
3210 3161 3326 3227 isti,
3364 3163 3459 3219 sed
3516 3162 3688 3234 inspi-

391 3256 580 3321 Θέντες
600 3256 827 3310 τοιῶσδε
844 3273 859 3288 ·
884 3256 1012 3310 ἐπεὶ
1037 3255 1188 3311 Θεὸν
1209 3256 1475 3326 ὲάῳακεν
1495 3255 1699 3323 οὐδεὶς
1720 3254 1983 3309 πώποτεο

388 3350 516 3406 κατ’
546 3349 741 3404 οὐσίαν
768 3349 995 3422 δηλαδὴ,
1022 3350 1125 3407 οὐκ
1160 3351 1225 3404 ὲκ
1254 3350 1364 3403 τῶν
1398 3351 1519 3405 κατ’
1546 3350 1736 3415 αὑτὸν,
1771 3349 1889 3402 ἀλλ’
1918 3351 1987 3403 ὲκ

389 3440 505 3494 τῶν
543 3440 674 3509 περὶ
717 3439 904 3493 αὐτόν.
950 3439 1091 3492 Ἀλλ’
1130 3441 1231 3509 οὐχ
1260 3442 1290 3493 ό
1321 3439 1421 3510 τὴν
1451 3440 1643 3493 οὐσίαν
1677 3439 1753 3510 μὴ
1780 3438 1986 3494 εἰδέναι

391 3530 563 3585 εἰπὼν
590 3529 687 3584 τοῦ
716 3528 878 3594 Θεοῦ,
916 3530 993 3599 μὴ
1037 3528 1367 3582 ἐπίστασθαι
1396 3529 1489 3582 τὸν
1523 3528 1659 3582 Θεὸν
1695 3527 1986 3599 ὡμολόγη-

395 3640 528 3688 σεν;
584 3622 727 3677 Ἀλλ’
759 3618 869 3676 οἵδε
912 3622 1015 3692 μὲν
1058 3622 1225 3675 αὐτὸν
1256 3623 1321 3674 ὲκ
1352 3620 1464 3674 τῶν
1497 3620 1814 3693 ἐνεργειῶν·
1848 3617 1983 3689 οἷον,

393 3715 829 3784 παντοδύναμον,
864 3713 1288 3785 παντεπόπτην,
1317 3712 1522 3783 ἀγαθὸν
1556 3714 1649 3767 καὶ
1674 3712 1986 3785 φιλάνθρω-

393 3822 497 3861 πον
547 3804 886 3877 δημιουργὸν
938 3804 1033 3859 καὶ
1080 3804 1360 3875 κηδεμόνα
1382 3844 1397 3870 ,
1450 3805 1544 3860 καὶ
1595 3804 1983 3876 προνοητικόν

389 3901 583 3968 ἀγνοεῖ
615 3898 672 3953 δὲ
710 3898 810 3971 τὴν
843 3899 1010 3970 φύσιν
1048 3898 1233 3955 ὁποία.
1271 3900 1346 3955 Οὐ
1402 3897 1512 3969 μὴν
1540 3897 1630 3955 διὰ
1663 3898 1727 3954 τὸ
1766 3900 1987 3968 ἀγνοεῖν

390 3992 493 4062 τὴν
518 3991 709 4045 οὐσίαν
735 3992 894 4053 Θεοῦ,
945 3990 1083 4063 μηδὲ
1115 3990 1197 4044 ὅτι
1222 3991 1358 4056 Θεός
1386 3993 1502 4044 ἐστι
1529 3990 1757 4045 δύναται
1781 3991 1982 4061 λέγειν’

388 4085 550 4138 τοῦτο
577 4084 649 4154 γά
659 4101 690 4156 ρ
718 4085 829 4138 τῶν
859 4083 1117 4156 ἀφρόνων
1138 4098 1152 4115 °
1182 4080 1333 4139 Εἷπε
1358 4084 1468 4156 γὰρ
1495 4084 1705 4154 ἄφρων
1742 4084 1813 4139 ἐν
1846 4100 1988 4153 καρ-

388 4177 490 4245 δίᾳ
517 4176 708 4232 αὑτοῦ
743 4193 757 4207 ⁸
791 4178 917 4233 Οὐκ
946 4176 1080 4232 ἔστι
1112 4180 1280 4243 Θεός.
1298 4176 1492 4247 Ἡμεῖς
1524 4177 1582 4230 δὲ
1607 4176 1987 4247 ὁμολογοῦμεν

387 4270 473 4322 ὅτι
512 4268 647 4332 Θεὸς
679 4266 821 4322 ἐστι’
851 4268 947 4321 καὶ
990 4270 1054 4323 ὲκ
1083 4267 1193 4321 τῶν
1223 4272 1550 4339 ποιημάτων
1578 4268 1747 4323 αὑτοῦ
1778 4269 1982 4341 γνωρί-

388 4362 504 4425 ζειν
552 4361 720 4415 αὐτὸν
758 4360 1014 4430 λεγόμεν’
1065 4364 1132 4432 τῇ
1170 4361 1227 4413 δὲ
1270 4361 1431 4432 οὐσίᾳ
1466 4360 1634 4419 αὑτοῦ
1681 4362 1986 4433 προσεγγί-

388 4452 505 4516 ζειν
528 4454 629 4523 οὑχ
661 4453 1095 4524 ὑπισχνούμεθα.

2093 3256 2215 3312 rati.
2242 3255 2522 3326 Siquidem
2546 3254 2714 3309 Deum
2739 3269 2889 3319 nemo
2919 3254 3053 3311 uidit
3072 3271 3302 3327 unquam
3320 3255 3363 3321 ',
3386 3256 3687 3312 secundum

2091 3348 2389 3406 essentiam
2422 3346 2704 3415 nimirum,
2738 3362 2915 3425 neque
2943 3363 3010 3405 ex
3040 3347 3108 3403 iis
3126 3348 3217 3417 qui
3256 3347 3323 3402 ad
3350 3346 3523 3417 ipsius
3551 3348 3682 3402 ima-

2092 3441 2273 3512 ginem
2307 3440 2435 3497 lacti
2466 3448 2612 3504 sunt,
2648 3455 2826 3510 neque
2854 3456 2921 3496 ex
2962 3439 3031 3497 iis
3063 3440 3156 3510 qui
3200 3439 3250 3497 ei
3287 3448 3491 3495 astant.
3538 3436 3683 3494 Nutu

2091 3533 2257 3604 igitur
2288 3534 2382 3605 qui
2441 3532 2537 3588 Dei
2591 3533 2891 3589 essentiam
2927 3533 3145 3589 nescire
3169 3547 3230 3589 se
3261 3530 3480 3595 fatetur,
3514 3531 3682 3586 Deum

2091 3627 2348 3697 ignorare
2375 3640 2435 3681 se
2464 3626 2749 3683 confessus
2772 3625 2893 3682 est?
2917 3624 3025 3681 Sed
3048 3639 3173 3682 eum
3196 3625 3415 3696 quidem
3450 3639 3519 3681 ex
3549 3639 3684 3695 ope-

2088 3711 2247 3775 ribus
2266 3720 2436 3787 novit,
2460 3720 2669 3776 scilicet
2687 3718 3146 3789 omnipotentem,
3171 3719 3356 3775 omnia
3382 3717 3680 3783 videntem,

2091 3812 2321 3880 bonum,
2348 3812 2667 3880 benignum,
2705 3813 2889 3869 mundi
2923 3819 3229 3869 creatorem
3256 3821 3312 3867 et
3349 3812 3682 3885 gubernato-

2093 3922 2209 3961 rem
2240 3915 2297 3962 et
2320 3914 2631 3963 curatorem
2671 3925 2683 3961 :
2718 3904 2899 3975 qualis
2927 3919 3059 3962 vero
3102 3906 3174 3961 sit
3215 3912 3411 3960 natura
3444 3905 3680 3976 ignorat.

2090 3997 2272 4062 Quare
2300 3997 2391 4064 qui
2431 3994 2527 4051 Dei
2580 3996 2945 4051 substantiam
2998 3995 3236 4066 ignorat,
3301 3996 3486 4051 dicere
3534 3993 3684 4067 quod

2092 4091 2232 4148 Deus
2254 4104 2360 4147 non
2391 4090 2621 4148 exsistat
2651 4091 2842 4161 nequit
2859 4106 2875 4155 ;
2892 4086 3276 4160 insipientium
3288 4089 3433 4147 enim
3452 4091 3554 4145 hoc
3574 4099 3681 4149 est.

2087 4181 2358 4253 Namque,
2382 4182 2530 4237 Dixit
2545 4183 2797 4252 insipiens
2812 4182 2867 4237 in
2887 4183 3045 4237 corde
3065 4198 3161 4237 suo
3184 4197 3204 4236 :
3225 4180 3349 4237 Non
3370 4191 3448 4239 est
3475 4181 3615 4239 Deus
3638 4184 3679 4238 ‘.

2087 4272 2198 4328 Nos
2227 4282 2408 4327 autem
2434 4271 2605 4326 Deum
2636 4286 2758 4327 esse
2789 4271 3140 4336 conﬁtemur,
3172 4279 3226 4327 et
3255 4285 3319 4324 ex
3354 4271 3477 4341 ejus
3501 4272 3684 4347 operi-

2087 4365 2189 4423 bus
2216 4380 2314 4423 nos
2344 4379 2468 4420 eum
2498 4379 2834 4436 cognoscere
2861 4364 3116 4433 dicimus,
3149 4366 3220 4419 ad
3244 4365 3541 4423 essentiam
3579 4381 3679 4421 au-

2088 4469 2196 4515 tem
2225 4458 2343 4526 ejus
2377 4459 2642 4513 accedere
2679 4472 2787 4511 non
2818 4456 3083 4512 valemus.

471 4547 627 4600 Ἐπεὶ
651 4542 747 4600 οὖν
775 4547 872 4599 καὶ
897 4547 929 4615 ἡ
956 4545 1105 4618 ψυχὴ
1148 4546 1271 4600 κατ’
1303 4546 1490 4601 είκόνα
1517 4546 1655 4602 Θεοῦ
1691 4550 1829 4613 ἔστι,
1862 4548 1980 4603 δια-

2159 4553 2296 4608 Cum
2353 4551 2518 4621 igitur
2563 4550 2630 4606 ad
2691 4548 2787 4607 Dei
2847 4551 3139 4618 imaginem
3165 4550 3237 4607 sit
3272 4550 3479 4618 anima,
3514 4551 3679 4607 intel-

386 4636 630 4705 πέφευγε
661 4636 765 4705 τὴν
792 4635 1076 4707 ἡμετέραν
1103 4636 1435 4708 κατάληψιν·
1466 4636 1561 4690 καὶ
1585 4637 1668 4691 ὅτι
1701 4637 1801 4708 μέν
1829 4638 1980 4692 ἐστιν

386 4728 446 4780 ἐν
466 4725 545 4796 τῷ
575 4724 851 4795 ἀνθρώπῳ
882 4725 1052 4797 ψυχὴ,
1073 4722 1196 4781 οῐδα
1225 4727 1438 4797 σαφῶς,
1463 4729 1557 4785 καὶ
1581 4729 1649 4785 ἐκ
1670 4729 1780 4785 τῶν
1807 4731 1980 4799 ἁγίων

384 4815 619 4888 Γραφῶν
648 4815 854 4885 ἔμαθον
882 4818 1096 4888 ταύτην
1125 4818 1398 4875 ἀθάνατον
1427 4815 1571 4876 εἶναι
1595 4861 1610 4887 ,
1638 4825 1761 4877 κατ’
1789 4826 1979 4879 είκόνα

380 4908 479 4963 τοῦ
509 4909 835 4972 κτίσαντος·
862 4909 917 4962 τί
946 4908 1006 4962 δὲ
1032 4912 1065 4980 ἡ
1094 4910 1254 4964 οὐσία
1284 4911 1455 4982 αὐτῆς
1494 4914 1668 4981 ἐστιν,
1694 4915 1835 4988 ὑπὲρ
1862 4917 1981 4972 διά-

382 5019 534 5056 νοιαν
565 5000 812 5073 τίθεμαι.
848 5003 962 5057 Καὶ
992 4999 1111 5059 οίδα
1139 5000 1270 5071 οὖν,
1312 5005 1410 5060 καὶ
1442 5006 1544 5060 οὐκ
1576 5003 1695 5062 οἶδα
1720 5025 1733 5040 ·
1779 5011 1840 5062 οὐ
1871 5012 1983 5082 μὴν

382 5093 527 5147 κατά
561 5094 781 5157 ταύτὸν,
815 5093 953 5147 ἀλλὰ
982 5094 1105 5150 κατ’
1139 5095 1271 5149 ἀλλο
1303 5094 1406 5165 μὲν
1437 5090 1579 5165 οἰδα,
1612 5099 1734 5154 κατ’
1762 5098 1893 5157 ἄλλο
1921 5100 1977 5157 δὲ

379 5186 584 5254 ἀγνοῶ·
610 5186 707 5241 καὶ
736 5187 985 5251 εἰκότως.
1010 5187 1075 5241 Et
1103 5189 1204 5259 μὲν
1230 5188 1343 5260 γὰρ
1368 5190 1700 5263 καταληπτὴ
1721 5187 1791 5264 ἦν
1812 5194 1847 5265 ἡ
1868 5195 1970 5265 τῆς

380 5280 593 5344 εἰκόνος
619 5280 801 5346 οὐσία,
838 5283 871 5352 ἡ
907 5282 963 5335 δὲ
992 5282 1086 5337 τοῦ
1120 5283 1259 5339 Θεοῦ
1286 5284 1706 5355 ἀκατάληκτός,
1747 5289 1779 5359 ὴ
1817 5288 1974 5341 ὲναν-

379 5368 567 5439 τιότης
606 5369 717 5425 τῶν
750 5370 1244 5444 ἐπιθεωρουμένων
1289 5374 1352 5431 τὸ
1388 5376 1843 5449 διημαρτημένον
1876 5377 1977 5450 τῆς

380 5460 591 5526 εἰκόνος
619 5461 899 5534 διήνεγκε.

2090 4643 2369 4715 ligentiam
2402 4652 2649 4699 nostram
2671 4653 2963 4712 exsuperat
2986 4658 3001 4709 ;
3028 4652 3085 4701 et
3107 4644 3251 4713 quod
3279 4644 3335 4701 in
3367 4644 3588 4701 homine
3611 4648 3683 4700 sit

2089 4740 2296 4805 anima,
2334 4736 2467 4793 illud
2502 4736 2749 4807 proiecto
2780 4738 2929 4801 novi,
2960 4746 3015 4794 et
3064 4752 3127 4797 ex
3175 4737 3348 4799 sacris
3377 4737 3681 4809 Scripturis

2088 4830 2236 4885 illam
2277 4827 2641 4886 immortalem
2681 4844 2802 4887 esse
2829 4830 3025 4897 didici,
3063 4832 3133 4887 ad
3176 4830 3455 4889 Creatoris
3485 4831 3680 4899 imagi-

2088 4937 2249 4987 nem;
2279 4920 2408 4991 quid
2445 4934 2579 4976 vero
2606 4920 2677 4977 sit
2710 4920 2829 4990 ejus
2863 4920 3123 4987 essentia,
3161 4921 3212 4975 id
3257 4936 3421 4990 supra
3471 4920 3676 4993 intelli-

2086 5014 2326 5085 gentiam
2350 5012 2551 5070 l'ateor.
2580 5012 2647 5067 Et
2668 5027 2939 5083 cognosco
2958 5027 3109 5078 ergo,
3141 5019 3197 5071 et
3224 5028 3330 5066 non
3364 5025 3675 5082 cognosco;

2087 5120 2194 5163 non
2237 5104 2491 5175 equidem
2530 5104 2722 5161 eodem
2762 5105 2946 5167 modo.
2978 5106 3071 5161 sed
3122 5105 3282 5160 aliter
3316 5104 3462 5169 novi,
3519 5103 3679 5158 aliter

2082 5193 2274 5261 ignoro
2298 5210 2312 5245 :
2335 5202 2389 5248 et
2412 5192 2528 5255 iure
2555 5193 2879 5263 meritoque.
2917 5193 2973 5250 Si
2996 5194 3142 5253 enim
3164 5194 3679 5264 comprehensibilis

2080 5292 2229 5340 esset
2278 5282 2535 5353 imaginis
2556 5287 2819 5351 essentia,
2874 5286 2970 5342 Dei
3004 5300 3136 5345 vero
3192 5289 3430 5343 essentia
3480 5286 3682 5340 ineoru-

2089 5374 2498 5445 prebensibilis,
2537 5377 2653 5435 liaac
2684 5376 2993 5436 diﬂ‘erentia
3028 5378 3285 5451 imaginis
3307 5377 3678 5451 imperlectio-

2086 5481 2212 5522 nem
2254 5478 2530 5535 argueret.

441 5642 457 5673 ³
499 5640 601 5700 lsa.
634 5658 713 5713 vt,
756 5645 806 5702 Ι.
880 5647 901 5683 ³
929 5645 1066 5706 Gen.
1101 5664 1276 5717 xxxii,
1304 5649 1396 5709 50.
1473 5650 1494 5682 ³
1531 5648 1691 5711 Joan.
1717 5667 1758 5716 ι,
1793 5651 1880 5708 18.
1959 5653 1980 5683 ⁸

2089 5652 2152 5708 al.
2187 5667 2310 5722 xm,
2332 5655 2388 5710 4.

452 5818 497 5852 ³¹
523 5820 894 5895 ἀρχώμεθα...
919 5826 1179 5896 ἐδόξασαν
1211 5829 1346 5901 (col.
1384 5846 1500 5901 seq.
1532 5831 1571 5884 Β
1601 5832 1615 5885 l
1646 5830 1663 5899 )
1712 5844 1821 5885 om.
1849 5829 1907 5885 Ρ.

2094 5830 2143 5884 ic
2165 5832 2229 5884 Α.
2308 5830 2357 5864 ⁸⁸
2385 5831 2580 5902 ῥητέον
2605 5832 2715 5887 vid.
2739 5831 2846 5903 leg.
