4142 6474
487 365 621 426 Ηθὶ

1800 360 2087 418 HELETII
2132 361 2442 420 MONACHI

3614 366 3636 421 Ι
3645 363 3755 422 εὶ9ῗ.

553 486 692 543 Cum
728 492 908 539 autem
959 481 1378 555 intelligentiam
1430 491 1678 539 nostram
1727 483 1896 555 fugiat
1949 489 2064 554 ejus

2234 485 2410 542 ’Ἐπεὶ
2443 491 2499 541 δι
2531 488 2724 558 ιρεύγει
2753 488 2852 559 τὴν
2885 485 3086 557 γνῶσιν
3120 484 3277 558 ἡμῶν
3306 486 3405 557 τῆς
3429 485 3624 549 οὐσίας
3651 488 3751 541 αὒ-

484 578 739 636 essentia:
795 575 1250 644 comprehensio,
1307 575 1912 644 incomprehensibilem
1970 579 2061 632 Dei

485 679 739 725 naturam
768 680 864 736 per
889 665 940 720 id
968 665 1112 736 quod
1137 667 1378 737 ignotum
1410 675 1496 721 est
1523 665 1578 719 in
1606 679 1670 720 ea
1703 667 2060 721 demonstrat.

483 761 552 818 Et
585 768 846 816 accurate
886 757 1166 828 archetypi
1204 755 1617 811 similitudinem
1650 757 1816 812 habet
1841 769 1898 810 ut
1939 773 2062 812 vera

485 853 684 922 imago.
732 848 788 904 Si
819 863 952 904 vero
979 861 1046 902 eo
1085 845 1230 916 quod
1263 846 1474 916 absque
1529 847 1690 901 initio
1725 858 1812 902 est
1842 849 1980 903 Deus
2012 858 2068 903 et

485 944 754 1008 inﬁnitus,
779 942 904 996 dum
934 938 1150 994 initium
1183 937 1376 993 habuit
1410 938 1616 1006 anima,
1639 939 1853 995 etiamsi
1902 942 2062 995 finem

484 1053 593 1092 non
651 1033 891 1097 habebit,
949 1031 1067 1086 lucc
1126 1044 1233 1086 non
1287 1030 1519 1101 amplius
1568 1031 1745 1102 imago
1774 1045 1902 1085 vera
1943 1046 2064 1086 esse

481 1129 748 1192 videatur,
801 1123 884 1180 vel
953 1122 1191 1192 obiectio
1221 1151 1224 1154 ~
1258 1121 1420 1178 facile
1465 1121 1725 1180 solvetur.
1757 1122 1909 1178 Cur?
1939 1123 2065 1192 quia

483 1218 772 1290 imaginem
802 1215 1037 1271 dicimus
1071 1214 1215 1284 regis
1237 1213 1668 1280 similitudinem,
1693 1217 1788 1270 sed
1833 1229 1953 1284 quae
1994 1214 2064 1270 ab

481 1311 814 1382 intelligente
832 1307 1060 1363 multum
1086 1305 1288 1361 differt.
1315 1305 1382 1360 Et
1400 1306 1474 1360 dii
1515 1306 1771 1372 dicimur,
1811 1305 1905 1361 sed
1955 1319 2060 1360 non

481 1403 621 1458 sicut
654 1401 746 1472 qui
793 1415 859 1456 ex
897 1409 1088 1454 natura
1119 1399 1295 1464 Deus;
1319 1408 1374 1454 et
1417 1397 1512 1453 filii
1545 1397 1756 1452 Excelsi
1779 1437 1794 1462 ,
1828 1398 1923 1452 sed
1952 1412 2060 1451 non

484 1495 626 1551 sicut
678 1491 990 1563 unigenitus
1024 1487 1231 1557 Filius;
1265 1499 1321 1544 et
1352 1490 1533 1557 imago
1563 1487 1681 1551 Dei,
1715 1489 1811 1544 sed
1861 1503 1968 1541 non
2004 1497 2064 1541 ut

481 1580 884 1656 prototypum;
927 1587 1154 1649 propter
1210 1593 1404 1634 causas
1442 1577 1670 1642 multas,
1703 1589 1842 1646 quas
1897 1589 2063 1631 nove-

481 1681 610 1726 runt
643 1672 816 1727 solum
843 1669 1042 1740 quibus
1075 1669 1320 1724 scientim
1347 1669 1525 1724 lumen
1565 1667 1788 1723 affulsit.

553 1762 660 1816 Res
687 1775 819 1831 ergo
851 1773 973 1814 cum
1004 1759 1077 1812 ita
1112 1771 1173 1814 se
1199 1757 1418 1823 habeat,
1453 1757 1698 1812 dicemus
1739 1755 1806 1811 de
1835 1769 1898 1809 ea
1943 1769 2063 1825 qua!

2169 583 2268 651 τῆς
2307 585 2339 653 ὴ
2379 581 2708 651 κατάληψις,
2742 582 2842 652 τὴν
2871 581 3260 652 ἀκατάληπτον
3297 579 3460 648 φύσιν
3495 577 3634 632 Θεοῦ
3671 579 3754 651 τῷ

2168 675 2290 727 κατ’
2340 673 2512 744 αὐτὴν
2566 671 2845 740 ἀγνώστῳ
2879 672 3297 744 χαρακτηρίζει.
3348 671 3458 724 Kal.
3503 669 3753 741 ἀκριϐῶς

2169 765 2305 836 πρὸς
2349 765 2418 818 τά
2465 765 2807 835 ὑποκείμενα
2858 763 2958 836 τὴν
2994 764 3290 835 ὁμοιότητα
3321 762 3437 833 ἔχει
3469 762 3542 824 ὡς
3583 761 3751 815 είκὼν

2167 855 2400 928 ἀληθής,
2436 856 2497 908 Εί
2523 856 2581 910 δὲ
2614 857 2697 910 ὃτι
2725 855 2963 926 ἁναρχός
2994 857 3144 909 εστιν
3170 857 3199 908 6
3231 853 3365 918 Θεὸς
3397 854 3494 907 καὶ
3520 853 3748 906 ἀτελεύ-

2163 964 2348 1018 τητος,
2381 947 2585 1018 ἤρξατο
2620 947 2677 1000 δὲ
2707 947 2740 1017 ἡ
2773 946 2944 1020 ψυχὴ,
2973 949 3022 1000 εί
3049 947 3144 1001 καὶ
3167 945 3318 1009 τέλος
3342 946 3439 1015 οὐχ
3470 947 3604 1012 ἕξει,
3633 945 3750 998 δια-

2166 1041 2357 1093 πίπτει
2392 1037 2490 1092 τοῦ
2529 1035 2669 1093 εῖναι
2703 1038 2874 1094 είκὼν
2901 1037 3138 1109 ἀληθήςο
3179 1039 3240 1091 ού
3270 1038 3328 1092 δὲ
3358 1037 3517 1092 τοῦτο
3542 1037 3750 1107 ἁπορον

2165 1131 2244 1194 είς
2274 1131 2598 1199 ἀπολογίαν.
2625 1119 2778 1184 Διατί
2797 1147 2812 1194 ;
2834 1131 2918 1183 ὅτι
2951 1130 3138 1186 είκύνα
3163 1127 3396 1201 λέγομεν
3423 1128 3486 1182 τὸ
3516 1127 3611 1182 τοῦ
3649 1128 3747 1198 βα·-

2167 1222 2360 1287 σιλέως
2388 1221 2644 1293 ὁμοίωμα
2665 1261 2680 1286 ,
2721 1221 2859 1276 ἀλλὰ
2898 1221 3034 1282 πολὺ
3079 1221 3338 1291 διάφορον
3365 1220 3466 1292 τῆς
3492 1219 3748 1274 αίσθανο-

2167 1314 2360 1386 μένης“
2391 1315 2488 1368 καὶ
2514 1314 2628 1368 θεοὶ
2655 1312 2952 1384 λεγόμεθα,
2981 1312 3099 1367 ἀλλ’
3125 1313 3223 1384 οὐχ
3243 1313 3320 1375 ὡς
3347 1314 3375 1366 6
3401 1312 3562 1382 φύσει
3591 1311 3742 1374 Θεός·

2165 1409 2259 1463 καὶ
2311 1410 2363 1462 oi
2406 1408 2516 1462 ulol.
2563 1407 2845 1478 Ὑψίστου,
2902 1407 3018 1462 ἀλλ’
3059 1407 3120 1460 ού
3154 1408 3300 1461 κατά
3345 1405 3438 1460 τδν
3481 1404 3747 1476 μονογενῆ

2167 1501 2317 1556 Υίόνσ
2356 1501 2454 1556 καὶ
2484 1500 2653 1556 είκὼν
2685 1501 2844 1563 Θεοῦ,
2881 1499 2998 1554 ἁλλ’
3025 1500 3123 1571 οὐχ
3151 1500 3228 1564 ὡς
3257 1499 3318 1552 τὸ
3355 1498 3744 1570 πρωτότυπονο

2163 1595 2252 1649 διά
2287 1594 2489 1657 πολλάς
2532 1593 2736 1661 αίτίας,
2777 1594 2844 1658 ἃς
2863 1594 2910 1628 ⁸⁸
2939 1593 3114 1648 οἴδασι
3165 1593 3316 1665 μόνοι
3353 1593 3404 1646 oi
3453 1591 3657 1660 γνῶσιν
3689 1591 3749 1643 έν

2169 1687 2381 1740 συνέσει
2406 1686 2842 1757 κατορθωκότες.

2251 1778 2407 1832 Ἐπεὶ
2453 1772 2548 1834 οῦν
2575 1778 2723 1832 τοῦθ’
2753 1778 2926 1841 οὕτως
2960 1779 3095 1849 ἔχει,
3138 1779 3385 1847 εἴπωμεν
3417 1776 3547 1846 περὶ
3576 1776 3748 1844 αὐτῆς

480 1863 694 1909 veteres
720 1852 995 1922 sapientes
1027 1850 1233 1921 opinati
1261 1859 1407 1904 sunt.
1441 1848 1687 1920 Namque
1711 1847 2061 1918 philosopho-

2167 1874 2267 1928 ὅσα
2305 1873 2354 1925 οί
2385 1872 2554 1925 πάλαι
2583 1873 2736 1942 σοφοὶ
2765 1847 3043 1938 ἐδόξασαν.
3073 1873 3136 1926 Oi
3172 1871 3274 1943 μὲν
3305 1871 3414 1942 γὰρ
3447 1869 3556 1922 τῶν
3595 1867 3746 1936 φιλο-

481 1961 600 2002 rum
648 1945 738 2000 alii
791 1943 1038 2014 corporis
1067 1946 1275 2006 instar,
1330 1941 1578 2012 corporis
1636 1949 1915 2011 expertem
1969 1939 2059 1994 alii

481 2036 729 2092 arbitrati
755 2044 884 2090 sunt
912 2035 1176 2090 animam.
1220 2032 1340 2088 Uno
1372 2033 1544 2087 verbo
1591 2031 1659 2087 de
1688 2031 1944 2087 omnibus
1969 2032 2062 2100 qui

478 2125 728 2195 corporis
752 2127 929 2181 instar
963 2125 1206 2180 animam
1254 2124 1513 2178 dixerunt
1550 2123 1667 2178 sive
1703 2132 1962 2189 mentem,
1990 2122 2088 2177 sit.

480 2220 640 2290 ignis,
665 2228 757 2273 aut
783 2233 945 2288 aqua,
965 2225 1060 2272 aut
1088 2216 1334 2286 sanguis,
1358 2222 1445 2268 aut
1464 2229 1581 2283 aer,
1606 2225 1699 2268 aut
1716 2215 1862 2268 aliud
1893 2215 2059 2285 quod-

478 2311 630 2375 libet,
661 2308 855 2366 afferre
889 2307 1122 2364 suﬂlciat
1163 2306 1438 2362 Ammonii
1489 2305 1838 2376 Pythagorici
1875 2306 2060 2372 verba,

479 2416 671 2472 nempe
706 2419 719 2456 :
755 2419 774 2454 ι
814 2399 1057 2472 Corpora
1093 2401 1314 2469 propria
1343 2407 1534 2451 natura
1563 2397 1770 2452 caduca
1801 2412 1926 2452 cum
1955 2397 2064 2452 sint

477 2504 531 2552 et
548 2495 690 2550 fluxa
713 2503 765 2550 et
787 2496 853 2548 ad
876 2492 1148 2549 infinitum
1164 2491 1387 2546 omnino
1406 2491 1649 2558 dividua,
1669 2505 1898 2561 quorum
1917 2489 2062 2545 nulla

477 2602 606 2658 pars
642 2585 1002 2642 immutabilis
1031 2592 1308 2650 remanet;
1342 2583 1477 2654 ipsis
1497 2583 1816 2640 continente
1847 2592 1903 2638 et
1931 2597 2083 2638 con-—

477 2683 708 2737 ducente
736 2688 790 2734 et
811 2677 963 2749 quasi
983 2674 1308 2747 coagulante
1329 2675 1760 2746 dominanthue
1786 2690 1928 2746 opus
1947 2685 2058 2741 est;

477 2775 622 2843 quod
636 2772 874 2826 animam
890 2769 1142 2833 dicimus;
1151 2771 1262 2837 jam
1276 2767 1322 2822 si
1341 2767 1523 2821 anima
1538 2779 1622 2822 est
1636 2782 1854 2836 corpus,
1873 2781 2064 2836 qnam-

477 2863 560 2918 vis
575 2861 1017 2925 subtilissimum,
1035 2869 1118 2916 est
1147 2862 1313 2914 etiam
1333 2860 1558 2929 aliquid,
1579 2861 1718 2929 quod
1735 2859 1906 2929 ipsam
1932 2873 2081 2914 cou-

480 2954 690 3021 tineat;
723 2954 1125 3008 demontratum
1155 2959 1242 3006 est
1269 2951 1414 3005 enim
1447 2965 1649 3020 corpus
1689 2967 1852 3006 onme
1884 2951 2062 3005 couti-

479 3056 644 3102 nente
667 3043 902 3115 quodam
941 3042 1224 3111 indigere;
1251 3051 1308 3097 et
1337 3042 1416 3098 sic
1443 3041 1497 3096 in
1527 3043 1834 3097 infinitum:
1865 3043 2062 3097 absur-

479 3136 608 3193 dum
631 3145 809 3190 autem
836 3134 1058 3188 omnino
1075 3133 1343 3204 principia
1371 3133 1763 3204 principiorum
1785 3147 2062 3204 quaerere;

479 3244 613 3302 ergo
644 3228 828 3284 anima
866 3241 971 3282 non
1003 3235 1088 3282 est
1121 3241 1339 3297 corpus.

528 3319 730 3375 Contra
755 3332 850 3374 eos
870 3326 1049 3374 autem
1070 3318 1162 3388 qni
1185 3319 1562 3388 incorpoream
1586 3317 1773 3374 dicunt
1798 3318 2058 3387 animam,

478 3427 580 3469 nec
609 3412 746 3468 bene
782 3412 1248 3477 demonstrarunt,
1273 3411 1496 3482 prodeat
1518 3409 1676 3466 Plato
1706 3429 1718 3464 :
1757 3430 1777 3464 ε
1813 3409 2060 3483 Oportet,

479 3503 680 3576 inquit,
721 3516 845 3558 eum
893 3501 988 3571 qui
1039 3509 1185 3556 recte
1221 3499 1588 3571 philosophari
1630 3500 1765 3566 vult,
1817 3502 2063 3570 apprime

479 3594 624 3649 scire
650 3594 717 3648 de
747 3606 853 3663 qua
879 3605 942 3647 re
967 3599 1242 3662 quaeratur
1273 3609 1290 3647 :
1319 3591 1460 3648 alias
1475 3591 1624 3651 enim
1655 3595 1880 3649 omnino
1905 3608 2062 3649 erra-

481 3687 581 3744 bit.
634 3706 653 3741 ι
697 3685 806 3743 Vos
854 3695 1034 3742 autem
1090 3687 1444 3742 vehementer
1481 3688 1898 3756 contendentes,
1930 3689 2062 3758 quid

481 3777 755 3835 definitis?
783 3775 1072 3844 Quomodo
1101 3779 1249 3831 enim
1283 3791 1370 3831 res
1399 3776 1622 3848 singulae
1668 3780 1778 3834 sint
1811 3781 2059 3836 conside-

481 3871 664 3926 randae
694 3869 900 3934 nostis;
931 3869 1203 3938 quomodo
1233 3877 1425 3934 totum,
1473 3885 1836 3940 nequaquam.
1872 3869 1980 3928 Sed
2009 3883 2066 3927 et

481 3959 792 4031 Theologus
844 3958 1138 4030 Gregorius
1181 3960 1257 4014 ad
1309 3959 1450 4015 hanc
1488 3960 1619 4016 dicit
1642 3963 1996 4031 qumStionem
2043 3979 2056 4015 :

486 4072 508 4108 ε
533 4053 687 4111 Nulla
718 4061 915 4108 natura
949 4061 1035 4110 est
1061 4053 1190 4123 quia
1223 4067 1328 4107 non
1360 4063 1446 4110 est
1475 4053 1600 4120 hoc,
1635 4056 1728 4110 sed
1761 4057 1885 4124 quia
1911 4055 2057 4123 hoc;

479 4147 599 4218 ejus
629 4147 772 4216 quod
805 4146 1128 4216 est,positlo
1163 4161 1270 4201 non
1302 4145 1422 4216 ejus
1445 4147 1590 4214 quod
1624 4161 1728 4203 non
1757 4157 1844 4202 est
1899 4162 2060 4217 nega-

484 4245 584 4299 tio.
616 4240 871 4311 Namque
919 4241 1294 4310 incorpoream
1329 4239 1374 4294 si
1410 4238 1610 4293 dixeris
1643 4239 1905 4303 animam,
1953 4254 2060 4294 non

481 4335 624 4408 quod
685 4343 770 4391 est
821 4331 1144 4398 ostendisti,
1189 4331 1291 4386 nisi
1351 4330 1582 4386 fortasse
1646 4331 1787 4400 quod
1836 4344 1942 4385 non
1976 4339 2062 4385 est

481 4440 696 4497 corpus.
747 4445 766 4479 ι

557 4513 859 4568 Dinarchus
888 4509 1228 4565 harmoniam
1256 4509 1494 4564 animam
1537 4523 1657 4565 esse
1705 4508 1974 4576 definivit,
2006 4519 2061 4565 et
2093 4546 2135 4601 Β

483 4614 681 4674 corpus
707 4602 918 4674 lyram;
945 4600 1040 4656 seti
1061 4599 1182 4670 plus
1208 4609 1262 4655 et
1285 4599 1774 4655 minus‘harmonia
1799 4601 2059 4665 admittit,

418 4765 426 4774 ι
485 4695 734 4751 tensiOne
769 4703 826 4749 et
845 4691 1186 4748 relaxatione
1219 4691 1438 4746 :auima
1468 4707 1599 4750 vero
1631 4709 1737 4750 non
1769 4701 1854 4748 est
1880 4695 2059 4749 anima

483 4787 604 4859 plus
647 4796 702 4842 et
749 4785 953 4849 minus,
996 4781 1094 4840 sed
1146 4796 1246 4838 nec
1307 4783 1421 4853 ipsa
1465 4783 1649 4854 seipsa
1693 4785 1815 4854 plus
1854 4795 1910 4840 et
1960 4785 2062 4839 mi-

485 4895 610 4947 nus,
658 4891 765 4934 non
814 4891 944 4947 ergo
991 4873 1275 4931 harmonia
1321 4873 1525 4928 anima.
1574 4871 1846 4930 Praeterea
1879 4875 2060 4930 anima

483 4973 741 5028 virtutem
790 4977 846 5025 et
903 4966 1164 5023 malitiam
1229 4965 1466 5022 admittit
1503 4974 1560 5021 et
1605 4967 1890 5021 harmonia
1929 4980 2060 5020 con~

485 5045 792 5119 sonantium
817 5068 873 5115 et
901 5059 1295 5115 dissonantiam
1345 5071 1453 5125 non
1508 5055 1772 5110 admittit.
1802 5055 1922 5110 Non
1957 5056 2059 5124 igi-

485 5164 575 5210 tur
605 5153 786 5208 auima
820 5151 1128 5207 harmonia.
1159 5150 1402 5220 Denique
1433 5149 1612 5203 anima
1641 5148 1694 5203 in
1721 5149 2058 5206 admittendo

483 5246 758 5302 contraria
789 5245 1011 5316 partim,
1042 5243 1279 5299 essentia
1309 5251 1392 5298 est
1437 5253 1494 5295 et
1539 5239 1878 5309 subjectum;
1933 5240 2060 5294 har-

485 5341 666 5397 monia
695 5347 870 5392 autem
895 5335 1133 5407 qualitas
1169 5342 1225 5390 et
1251 5335 1304 5390 in
1331 5332 1577 5402 subjecto
1603 5352 1616 5388 :
1644 5349 1748 5388 non
1777 5346 1908 5402 ergo
1931 5333 2057 5388 har-

485 5437 663 5483 monia
701 5426 903 5482 anima.

553 5515 794 5574 Galenus
826 5515 960 5572 nihil
989 5516 1058 5572 de
1093 5515 1274 5569 anima
1335 5515 1683 5583 pronuntiat;
1735 5531 1803 5571 ex
1853 5515 2059 5586 llippo-

483 5605 650 5662 eratis
685 5621 813 5660 vero
834 5605 1178 5663 sermonibus
1216 5604 1497 5659 misturam
1537 5604 1682 5661 illam
1709 5621 1829 5662 esse
1855 5605 2059 5662 consti-

550 5768 598 5801 “
618 5767 675 5820 al
705 5769 768 5823 Α.
846 5770 891 5802 ⁸⁸
920 5771 998 5825 sic
1043 5775 1164 5828 cod.
1241 5774 1287 5807 ⁸⁸
1307 5772 1457 5847 δηλοῖ
1504 5773 1620 5827 ἁλλ’
1643 5773 1747 5826 ὅτι.

2167 1963 2348 2035 σόφων
2376 1963 2537 2034 σῶμα
2570 1963 2670 2036 τὴν
2694 1964 2876 2036 ψυχὴν
2905 1963 3338 2034 ἀποφαίνονται,
3364 1963 3414 2014 οί
3433 1961 3491 2014 δὲ
3520 1959 3747 2028 ἀσώμα-

2163 2074 2276 2112 τον.
2305 2056 2480 2128 Κοινὴ
2505 2056 2605 2128 μὲν
2625 2052 2719 2111 οὖν
2748 2056 2884 2128 πρὸς
2909 2056 3120 2120 πάντας
3143 2054 3272 2118 τοὺς
3295 2053 3557 2122 λέγοντας
3584 2051 3748 2122 σῶμα

2163 2149 2264 2219 τὴν
2293 2147 2507 2220 ψυχὴν,
2543 2142 2656 2202 οἷον
2689 2148 2815 2202 νοῦν
2835 2189 2851 2214 ,
2899 2147 2932 2218 ἢ
2982 2147 3116 2219 πῦρ,
3149 2147 3182 2218 ἢ
3215 2145 3359 2215 ὕδωρ
3381 2185 3395 2209 ,
3427 2143 3460 2214 ἦ
3501 2137 3662 2212 αἷμα,
3709 2141 3742 2211 ἢ

2162 2239 2323 2310 ἀέρα,
2367 2238 2401 2310 ἢ
2437 2239 2490 2290 εί
2524 2255 2577 2292 τι
2609 2238 2760 2303 ἀλλο,
2800 2239 3028 2310 ἀρκέσει
3074 2239 3144 2292 τά
3201 2235 3353 2308 παρὰ
3402 2235 3671 2305 ’Δμωνίου
3698 2234 3746 2265 ⁸³

2162 2333 2258 2388 τοῦ
2305 2331 2690 2405 Πυθαγορικοῦ
2751 2331 3056 2403 εἰρημέναο
3096 2332 3204 2385 sici.
3249 2331 3307 2384 δὲ
3362 2328 3566 2383 ταῦτα’
3603 2347 3622 2381 ε
3659 2329 3741 2383 Τά

2165 2424 2394 2497 σώματα
2445 2427 2512 2496 τῇ
2568 2425 2747 2497 οίκείᾳ
2804 2425 2966 2495 φύσει
3031 2423 3245 2496 τρεπτὰ
3295 2422 3427 2477 δντα
3473 2421 3571 2476 καὶ
3614 2438 3742 2475 σκε-

2161 2517 2367 2583 δαστά,
2399 2516 2497 2570 καὶ
2531 2516 2709 2570 διόλου
2746 2517 2829 2581 είς
2875 2515 3108 2588 ἄπειρον
3145 2515 3364 2587 τμητὰ,
3402 2514 3632 2587 μηδενὸς
3683 2515 3745 2567 ὲν

2162 2609 2348 2673 αὐτοῖς
2416 2607 2798 2679 ἀμεταϐλήτου
2874 2607 3344 2678 ὑπολειπομένου,
3407 2606 3582 2660 δεῖται
3645 2605 3741 2658 τοῦ

2165 2698 2485 2769 συνέχοντος
2513 2699 2608 2752 καὶ
2632 2697 2981 2768 συνάγοντος,
3014 2699 3106 2751 καὶ
3129 2697 3320 2768 ὥσπερ
3350 2696 3743 2766 συσφίγγοντος

2163 2793 2259 2846 καὶ
2293 2789 2729 2864 συγκρατοῦντος
2745 2791 2902 2844 αύτάο
2929 2791 3068 2861 ὅπερ
3091 2789 3270 2860 ψυχὴν
3294 2789 3549 2860 λέγομεν.
3577 2788 3644 2842 El’
3659 2806 3744 2842 τοι

2163 2879 2260 2936 νῦν
2293 2881 2454 2949 σῶμά
2480 2881 2628 2934 ἐστιν
2658 2881 2692 2951 ὴ
2721 2879 2905 2951 ψυχὴ,
2934 2877 3048 2934 οἷον
3079 2881 3302 2951 δήποτε,
3340 2881 3389 2934 εί
3423 2880 3517 2934 καὶ
3545 2879 3743 2933 λεπτο-

2167 2970 2505 3042 μερέστατόν
2524 2987 2598 3034 τι,
2614 2970 2778 3024 πάλιν
2799 2970 2917 3024 ἐστὶ
2941 2970 3004 3024 τὸ
3025 2970 3248 3041 συνέχον
3273 2970 3511 3042 ἐκείνην·
3529 2969 3741 3041 ἐδείχθη

2163 3058 2272 3128 γὰρ
2301 3060 2410 3112 πᾶν
2435 3059 2595 3129 σῶμα
2613 3058 2822 3112 δεῖσθαι
2849 3057 2946 3112 τοῦ
2975 3059 3312 3131 συνέχοντος
3339 3061 3436 3114 καὶ
3457 3059 3634 3126 οὕτως
3662 3065 3745 3124 εἰς

2164 3150 2412 3220 ἄπειρον.
2451 3149 2680 3218 Ἀλογον
2704 3150 2762 3204 δὲ
2789 3149 3074 3214 παντελῶς
3109 3151 3171 3205 τὸ
3204 3150 3390 3223 ζητεῖν
3415 3151 3592 3225 ἀρχὴν
3619 3153 3742 3208 κατ’

2089 3205 2132 3263 c
2166 3205 2374 3311 ἁρχή¹νο
2408 3239 2550 3294 ὥστε
2580 3205 2642 3294 οὐ
2675 3239 2892 3312 σῶμ,αή
2920 3205 3092 3315 ψυχη.
3135 3261 3154 3296 ι

2237 3330 2380 3402 Πρὸς
2405 3331 2463 3386 δὲ
2490 3331 2616 3396 τοὺς
2645 3332 2904 3402 λέγοντας
2925 3332 3100 3406 αὐτὴν
3121 3334 3434 3406 ἀσώματον,
3461 3336 3537 3407 μὴ
3564 3335 3744 3400 καλῶς

2165 3423 2606 3494 σκεπτομένους,
2676 3426 2704 3478 6
2774 3425 3004 3479 Πλάτων
3064 3425 3479 3494 ἀπολογείσθω,
3543 3443 3563 3478 ι
3629 3429 3741 3487 Δεῖ,

2162 3514 2369 3583 λέγων,
2398 3513 2493 3568 τὸν
2552 3514 2814 3585 μέλλοντα
2871 3516 3226 3587 βουλεύεσθαι
3284 3517 3486 3584 καλῶς,
3545 3517 3740 3572 εἰδέναι

2163 3605 2348 3669 καλῶς
2390 3605 2522 3676 περὶ¹
2557 3606 2682 3660 ὅτου
2742 3607 3020 3680 ἡσκέψις,
3073 3607 3107 3679 ἢ
3157 3607 3251 3662 τοῦ
3306 3609 3506 3672 παντὸς
3561 3611 3740 3681 ἁμαρ-

2161 3697 2344 3752 τάνειν
2377 3698 2612 3768 ἀνάγκη.
2653 3717 2672 3750 ι
2720 3699 2908 3769 Ὑμεῖς
2967 3699 3024 3752 δὲ
3061 3697 3533 3769 προσκρούοντες,
3565 3700 3617 3752 τί
3661 3701 3744 3751 διο

2161 3788 2435 3859 οριεῖσθε;
2470 3783 2514 3856 ᾧ
2539 3789 2651 3859 γὰρ
2680 3789 2749 3842 τὰ
2779 3789 2902 3842 καθ’
2936 3791 3146 3842 ἕκαστα
3170 3791 3366 3860 ὁρᾶται
3405 3790 3559 3860 ἔχετε
3579 3807 3592 3821 ·
3613 3785 3661 3857 ᾧ
3686 3792 3742 3844 δὲ

2162 3879 2230 3930 τὰ
2264 3877 2496 3933 καθόλου
2530 3878 2674 3948 οὐχί.
2718 3877 2882 3932 Ἀλλὰ
2918 3879 3015 3932 καὶ
3045 3880 3073 3930 6
3113 3878 3378 3947 Θεολὸγος
3417 3881 3740 3951 Γρηγόριος,

2164 3971 2300 4040 πρὸς
2330 3970 2520 4023 τοῦτόν
2555 3987 2690 4040 φησι
2719 3970 2812 4023 τὸν
2842 3970 3054 4023 ’σκοπόν
3075 3987 3088 4000 '
3129 3989 3146 4021 ι
3189 3971 3432 4042 Οὐδεμία
3460 3971 3622 4041 φύσις
3658 3973 3744 4026 ὅτι

2167 4062 2242 4132 μὴ
2269 4062 2387 4114 τόδε
2423 4062 2594 4124 ἐστὶν,
2627 4060 2742 4115 ἀλλ’
2771 4063 2853 4116 ὅτι
2877 4062 3022 4128 τόδε,
3051 4065 3084 4133 ἡ
3113 4062 3209 4117 τοῦ
3248 4063 3400 4128 ὄντος
3436 4063 3608 4128 θέσις,
3642 4065 3742 4134 οὐχ

2162 4154 2194 4223 ὴ
2230 4152 2324 4206 τοῦ
2366 4151 2443 4224 μὴ
2469 4152 2622 4216 ὄντος
2665 4152 2970 4224 ἀναίρεσις·
3003 4153 3064 4207 τό
3095 4154 3206 4226 γὰρ
3235 4155 3418 4222 λέγειν
3451 4155 3745 4226 ἀσώματον

2161 4244 2261 4315 τὴν
2284 4243 2480 4315 ψυχὴν,
2501 4245 2600 4315 οὐχ
2629 4244 2708 4298 ὃτι
2733 4244 2850 4298 ἐστι
2877 4245 3095 4316 δηλοῖ...
3119 4246 3224 4299 είτι
3249 4248 3295 4280 ⁵⁸
3316 4248 3415 4300 οὐκ
3439 4246 3554 4301 ἐστι
3581 4247 3744 4318 τυχὸν

2161 4336 2244 4392 ὅτι
2275 4335 2435 4406 σῶμα
2458 4336 2560 4390 οὑκ
2593 4335 2730 4390 ἔστι.
2765 4353 2783 4386 ι

2233 4511 2527 4583 Δείναρχος
2555 4511 2614 4564 δὲ
2645 4510 2910 4582 ἁρμονίαν
2943 4510 3184 4579 ὡρίσατο
3212 4509 3314 4577 τὴν
3352 4508 3534 4578 ψυχὴν
3576 4504 3739 4573 εἶναι,

2164 4604 2254 4656 καὶ
2298 4603 2468 4672 λύραν
2499 4604 2560 4655 τὸ
2597 4603 2776 4672 σῶμω
2820 4601 2936 4654 ἀλλ’
2977 4603 3010 4668 ἡ
3051 4599 3287 4669 ἁρμονία
3324 4599 3635 4668 ἐπιδέχεται
3680 4600 3742 4652 τὸ

2167 4694 2368 4764 μᾶλλον
2419 4693 2518 4747 κα)⁴
2544 4689 2726 4763 ἦττον,
2766 4691 2845 4762 τῷ
2895 4691 3163 4762 χαλᾶσθαι
3195 4693 3290 4744 καὶ
3330 4691 3738 4745 ἐπιτείνεσθαιο

2161 4785 2306 4857 ψυχὴ
2329 4785 2384 4838 δὲ
2407 4784 2583 4856 ψυχῆς
2602 4785 2702 4838 οὐκ
2728 4784 2844 4838 ἔστι
2881 4785 3085 4854 μᾶλλον
3108 4785 3204 4837 καὶ
3238 4778 3405 4852 ἧττον
3431 4800 3446 4815 ο
3475 4783 3590 4838 ἀλλ’
3624 4784 3744 4838 οὐδὲ

2162 4878 2301 4949 αὑτὴ
2329 4877 2551 4944 έαυτῆςο
2579 4876 2681 4930 οὐκ
2712 4877 2822 4948 άρα
2855 4876 3092 4948 ἁρμονία
3117 4879 3152 4948 ὴ
3177 4877 3348 4948 ψυχή.
3385 4877 3506 4930 Ἔτι
3534 4877 3566 4946 ή
3595 4877 3744 4946 ψυχὴ

2159 4972 2362 5040 ἀρετὴν
2395 4967 2491 5021 καὶ
2527 4969 2731 5022 κακίαν
2769 4970 3118 5040 ἐπιδέχεται,
3163 4970 3254 5022 καὶ
3297 4968 3535 5040 ἁρμονία
3583 4970 3747 5040 εὐαρ-

2167 5059 2396 5130 μοστίαν
2423 5060 2519 5113 καὶ
2546 5061 2926 5131 ἀναρμοστίαν
2947 5062 3047 5114 οὐκ
3071 5060 3414 5129 ἐπιδέχεται,
3443 5060 3544 5112 οὐκ
3575 5060 3682 5130 ἄρα
3710 5061 3745 5130 ή

2163 5151 2310 5224 ψυχὴ
2343 5153 2603 5223 ἁρμονία.
2643 5154 2767 5206 Ἔτι
2787 5153 2820 5224 ἡ
2843 5152 2991 5223 ψυχὴ
3021 5152 3100 5223 τῷ
3123 5152 3467 5222 ἐπιδέχεσθαι
3494 5152 3563 5204 τὰ
3595 5153 3748 5205 ὲνανο

2165 5244 2259 5300 τία
2288 5244 2440 5314 παρὰ
2471 5243 2672 5316 μέρος,
2701 5244 2858 5298 ούσία
2892 5245 3008 5296 ἐστὶ
3045 5244 3140 5297 καὶ
3181 5243 3545 5313 ὑποκείμενον
3566 5259 3580 5275 ο
3614 5247 3648 5312 ἡ
3690 5242 3769 5296 δὲ’

2168 5336 2404 5406 ἁρμονία
2435 5337 2679 5407 ποιότης,
2711 5337 2804 5391 καὶ
2831 5338 2889 5390 ὲν
2914 5337 3279 5406 ὑποκειμένῳο
3305 5336 3404 5388 οὐκ
3433 5336 3544 5406 ἄρα
3571 5336 3747 5405 ἁρμο-

2057 5457 2062 5462 -
2169 5427 2256 5480 νισι
2289 5428 2323 5497 ὴ
2349 5428 2495 5499 ψυχή
3743 5463 3754 5471 ο

2239 5519 2477 5590 Γαληνὸς
2505 5519 2564 5573 δὲ
2593 5519 2954 5590 ἀποφαίνεται
2987 5520 3087 5591 μὲν
3113 5519 3266 5573 οὐδὲν
3299 5519 3428 5589 περὶ
3453 5515 3652 5588 ψυχῆς·
3683 5518 3748 5569 ἑκ

2165 5609 2221 5662 δὲ
2262 5610 2371 5664 τῶν
2433 5611 2834 5683 Ἱπποκράτους
2877 5611 3055 5680 λόγων
3100 5609 3508 5677 κατασκευάζει
3553 5610 3747 5678 κρᾶσιν
