4142 6468
367 438 508 498 1295

1610 447 1704 508 ΒΕ
1733 445 2031 508 .MTURA
2075 444 2382 503 HOMINIS.

3512 455 3650 515 ΗΜ

364 553 508 614 εἶναι
537 559 709 632 αὐτήν
727 600 739 614 .
770 560 834 615 El
861 559 919 614 δὲ
946 559 1126 627 τοῦτο,
1153 559 1400 634 δηλονότι
1433 561 1529 618 καὶ
1553 556 1761 636 θνητὴν
1783 567 1958 621 οῐιται

2068 566 2202 628 ιιιίι;
2231 564 2278 620 si
2307 579 2437 620 vero
2469 563 2542 618 ita
2566 571 2675 628 est,
2710 577 2842 622 sane
2870 572 2923 622 et
2937 564 3223 622 mortalem
3245 565 3389 622 illam
3412 567 3652 623 arbitra-

365 649 559 722 αὑτήν·
595 651 678 704 ὅτι
711 652 770 705 δὲ
799 653 859 706 οὐ
894 652 1119 706 δύναται
1148 653 1246 706 τοῦ
1280 654 1537 726 σώματος
1570 659 1603 728 ἡ
1647 660 1844 729 κρᾶσις
1879 653 1956 712 εἶ-

365 757 456 795 ναι
485 741 656 814 ψυχὴ,
677 744 838 816 δῆλον
861 745 1130 801 ἐντεῦθεν·
1159 748 1269 800 πᾶν
1290 747 1472 817 σῶμα,
1504 747 1749 820 ἔμψυχόν
1771 767 1830 802 τε
1861 750 1958 804 καὶ¹

367 833 598 905 ἄψυχον,
650 837 715 890 ὲκ
759 835 870 890 τῶν
916 839 1203 910 τεσσάρων
1255 840 1538 910 στοιχείων
1577 841 1887 913 κέκραται·
1923 843 1957 914 ἡ

369 923 478 998 γὰρ
507 927 716 982 τούτων
744 930 941 998 κρᾶσις
970 929 1038 983 τά
1067 928 1300 1000 σώματα
1326 930 1722 1001 ἀπεργάζεται.
1755 933 1817 986 El
1846 932 1960 986 τοί-

367 1035 464 1071 νυν
495 1020 528 1090 ὴ
564 1020 761 1090 κρᾶσις
787 1020 880 1074 τοῦ
917 1020 1168 1092 σώματός
1192 1022 1341 1075 ἐστιν
1368 1022 1402 1091 ἡ
1431 1021 1600 1094 ψυχὴ,
1639 1023 1792 1077 οὐδὲν
1822 1023 1960 1093 ἄψυο

368 1127 462 1182 χον
485 1111 661 1178 ἐσται,
684 1115 778 1165 καὶ
808 1113 1103 1180 συνάγεται
1130 1114 1161 1167 ὁ
1186 1112 1346 1182 λόγος
1367 1110 1565 1177 οὕτως.
1597 1115 1658 1166 El
1687 1114 1721 1184 ἡ
1755 1115 1957 1182 κρᾶσις

367 1197 748 1273 τοῦσώματος
784 1204 930 1276 ψυχή
959 1207 1096 1269 ἐστι,
1139 1205 1248 1260 πᾶν
1274 1201 1330 1258 δὲ
1371 1204 1532 1276 σῶμα
1578 1207 1778 1273 κρᾶσιν
1817 1205 1954 1277 ἔχει·

370 1295 466 1350 καὶ
497 1289 607 1350 πᾶν
641 1296 808 1367 σῶμα
837 1297 1083 1366 δηλονότι
1111 1297 1292 1369 ψυχὴν
1324 1298 1456 1368 ἔχει⁹
1486 1300 1534 1351 εἰ
1567 1298 1625 1352 δὲ
1655 1300 1765 1353 πᾶν
1795 1298 1960 1368 σῶμα

367 1386 550 1461 ψυχὴν
577 1387 712 1460 ἔχει,
753 1391 876 1444 οὐδὲ
903 1389 960 1442 ἓν
999 1389 1163 1461 σῶμά
1196 1391 1345 1444 ἐστιν
1379 1390 1607 1460 ἄψυχον,
1642 1389 1768 1443 οὔτε
1811 1389 1961 1454 λίθος

369 1475 500 1546 ἄρα,
536 1475 661 1529 οὔτε
690 1477 868 1544 ξύλον,
903 1476 1028 1532 οὔτε
1062 1478 1305 1550 σίδηρος,
1344 1477 1469 1532 οὗτε
1494 1479 1626 1535 ἄλλο
1658 1497 1714 1534 τι
1753 1479 1960 1551 ἄψυχον

371 1569 546 1625 ἔσται.
582 1572 704 1626 Ἔτι
733 1574 782 1626 εί
819 1575 852 1644 ἡ
896 1572 1043 1646 ψυχὴ
1079 1573 1278 1645 κρᾶσίς
1306 1574 1492 1638 ἐστιν,
1530 1576 1585 1628 αἱ
1627 1574 1685 1628 δὲ
1729 1575 1962 1648 κράσεις

370 1664 818 1732 ἐναλλάσσονται,
861 1667 1003 1722 κατά
1037 1683 1098 1720 τε
1131 1667 1230 1731 τάς
1262 1666 1502 1740 ἡλικίας,
1536 1667 1632 1722 καὶ
1663 1668 1764 1732 τὰς
1789 1666 1960 1740 ὧρας,

371 1758 466 1810 καὶ
490 1757 588 1819 τὰς
610 1757 842 1824 διαίτας,
861 1761 894 1831 ἡ
923 1760 1070 1832 ψυχὴ
1091 1759 1199 1831 ἄρα
1220 1759 1630 1816 ἐναλλάσσεται·
1653 1763 1702 1814 εί
1724 1760 1781 1814 δέ
1803 1761 1962 1814 ἐναλ-

369 1845 654 1918 λάσσεται,
674 1853 737 1906 οὐ
765 1852 864 1924 τὴν
891 1853 1062 1926 αὐτὴν
1089 1853 1287 1926 ἔχομεν
1315 1853 1515 1926 ψυχήνο
1542 1853 1679 1908 ἀλλὰ
1702 1853 1835 1907 ποτέ
1863 1853 1964 1923 μὲν

2065 667 2182 723 tur;
2208 656 2355 727 quod
2381 671 2508 711 vero
2530 672 2635 711 non
2659 657 3102 728 possitcorporis
3119 659 3349 714 mistura
3378 674 3501 715 esse
3534 661 3654 714 ani-

2062 762 2172 815 ma,
2205 749 2330 803 inde
2353 756 2537 819 patet:
2562 763 2727 805 mune
2743 764 2942 820 corpus
2967 757 3022 805 et
3049 750 3352 806 animatum
3371 763 3426 809 et
3467 753 3650 806 anima

2062 853 2254 894 Carclls
2291 851 2322 892 e
2365 847 2600 907 quatuor
2634 838 2920 894 elementis
2964 850 3417 911 coagmentatur;
3456 841 3650 898 borum

2060 931 2206 986 enim
2262 930 2510 986 misturte
2567 945 2798 999 corpora
2824 932 3065 988 coniicit.
3129 931 3188 988 Si
3233 947 3365 1002 ergo
3403 932 3654 1004 corporis

2064 1023 2292 1079 mistura
2310 1023 2617 1090 estanima,
2649 1022 2787 1078 nihil
2816 1023 2935 1078 sine
2961 1023 3146 1078 anima
3171 1024 3300 1088 erit,
3329 1033 3388 1080 et
3416 1025 3496 1080 sic
3516 1040 3651 1082 con-

2064 1115 2304 1171 cluditur
2338 1131 2520 1171 sermo
2547 1134 2564 1174 :
2616 1118 2662 1172 si
2690 1118 2944 1188 corporis
2976 1118 3213 1173 mistura
3241 1127 3332 1176 est
3361 1120 3566 1187 anima,
3597 1129 3660 1178 et

2061 1222 2224 1265 omne
2236 1223 2436 1278 corpus
2458 1209 2744 1264 ntisturam
2766 1209 2952 1276 habet,
2969 1218 3026 1266 et
3046 1225 3210 1266 omne
3230 1225 3431 1280 corpus
3454 1211 3672 1268 exinde'

2063 1301 2302 1356 animam
2329 1301 2522 1356 habet.
2555 1301 2612 1356 Si
2637 1316 2766 1356 vero
2797 1317 2960 1356 onme
2984 1317 3183 1371 corpus
3219 1301 3461 1358 animam
3488 1303 3657 1360 habet

2064 1410 2164 1450 nec
2205 1409 2371 1449 unum
2409 1408 2608 1463 corpus
2637 1403 2720 1450 est
2748 1395 2959 1466 absque
2982 1395 3310 1462 anima,nec
3340 1410 3472 1467 ergo
3492 1395 3652 1466 lapis.

2065 1503 2163 1542 nec
2177 1487 2404 1556 lignum,
2427 1502 2528 1542 nec
2545 1485 2773 1553 ferrum,
2799 1502 2898 1544 nec
2915 1487 3061 1544 aliud
3091 1488 3222 1558 quid
3241 1488 3448 1558 absque
3467 1487 3650 1542 anima

2063 1587 2176 1644 est;
2209 1593 2374 1648 porro
2402 1579 2448 1634 si
2468 1579 2652 1633 anima
2680 1581 2910 1636 mistura
2932 1590 3040 1646 est,
3075 1590 3130 1636 et
3157 1579 3400 1636 misturze
3431 1587 3652 1635 mutan-

2067 1678 2156 1724 tur
2190 1668 2494 1738 secundum
2529 1675 2739 1734 aetates,
2781 1679 2836 1724 et
2863 1670 3028 1724 horas
3056 1679 3110 1725 et
3139 1669 3317 1726 victus
3357 1669 3654 1734 rationem,

2064 1763 2248 1816 anima
2269 1776 2401 1830 ergo
2431 1761 2846 1830 immutabitur;
2871 1763 2918 1817 si
2939 1771 3125 1818 autem
3159 1764 3508 1827 immutatur,
3542 1776 3654 1816 non

2065 1854 2314 1910 eamdem
2367 1854 2629 1910 habemus
2659 1856 2920 1921 animam,
2980 1856 3076 1911 sed
3108 1870 3255 1910 nunc
3281 1853 3480 1922 leonis,
3510 1868 3658 1910 nunc

367 1937 621 2008 λέοντος,
652 1943 784 1998 ποτέ
818 1944 876 1998 δέ
907 1945 1215 2017 προϐάτου,
1245 1945 1278 2017 ἢ
1312 1946 1476 2000 ἄλλου
1517 1948 1662 2011 τινὸς
1693 1946 1836 2012 ζώου
1880 1946 1962 2001 ἔτι

2068 1947 2205 2010 uvis,
2231 1963 2376 2003 ttunc
2398 1948 2535 2004 alius
2556 1947 2836 2016 cujusdam
2873 1949 3062 2004 bestia:
3095 1969 3110 2006 :
3140 1959 3252 2002 tum
3287 1948 3514 2002 mistnra
3546 1962 3657 2001 non

369 2029 406 2100 ἡ
427 2031 640 2101 κρᾶσις
663 2032 762 2086 οὐκ
786 2033 1128 2088 ἐναντιοῦται
1147 2037 1267 2099 ταῖς
1291 2035 1612 2108 ἐπιθυμίαις
1640 2036 1738 2092 τοῦ
1769 2035 1963 2108 σώμα-
2006 2028 2016 2038 ”

368 2139 482 2187 τος,
514 2123 654 2178 ἀλλὰ
683 2126 777 2179 καὶ
805 2129 1089 2197 συνεργεῖ·
1124 2124 1265 2197 αὕτη
1294 2125 1403 2200 γάρ
1439 2128 1589 2183 ἐστιν
1623 2131 1658 2200 ὴ
1704 2127 1960 2183 κινοῦσα’

369 2214 402 2285 ἡ
439 2213 496 2268 δὲ
542 2215 690 2287 ψυχὴ
735 2217 860 2282 ταῖς
909 2216 1234 2289 ἐπιθυμίαις
1279 2211 1648 2274 ἐναντιοῦται.
1700 2220 1818 2274 Οὐκ
1854 2218 1966 2290 ἄρα

369 2306 626 2379 κρᾶσιςή
662 2307 832 2380 ψυχή.
869 2309 992 2363 Ἔτι
1029 2312 1078 2364 εί
1112 2311 1310 2384 κρᾶσίς
1353 2312 1566 2384 ἐστινὴ
1607 2312 1780 2384 ψυχὴ,
1825 2313 1859 2382 ή
1906 2311 1965 2364 δὲ

370 2401 571 2470 κρᾶσις
608 2401 866 2473 ποιότηςο
917 2394 1142 2475 ποιότης
1193 2404 1252 2458 δέ
1286 2405 1380 2459 καὶ
1417 2404 1662 2473 γίνεται,
1693 2404 1787 2458 καὶ
1827 2405 1964 2458 ἀπο-

369 2495 606 2564 γίνεται,
639 2497 812 2568 χωρὶς
843 2497 945 2568 τῆς
985 2498 1082 2551 τοῦ
1117 2499 1486 2570 ὑποκειμένου
1531 2499 1767 2570 φθορᾶς,
1805 2498 1900 2553 καὶ
1930 2501 1964 2572 ή

366 2587 516 2660 ψυχὴ
538 2589 647 2659 ἄρα
675 2590 1103 2663 χωρισθήσεται,
1125 2589 1292 2646 καὶού
1319 2592 1668 2663 φθαρήσεται
1689 2591 1753 2645 τδ
1777 2591 1962 2663 σῶμαο

366 2669 531 2735 τοῦτο
558 2683 616 2741 δὲ
650 2681 752 2738 οὐκ
782 2683 1018 2754 ἀληθέςο
1045 2685 1147 2738 οὐκ
1180 2685 1290 2756 ἄρα
1321 2685 1544 2756 κρᾶσις,
1579 2685 1705 2739 οὐδὲ
1738 2685 1966 2756 ποιότης

368 2773 403 2843 ή
433 2772 604 2844 ψυχή,
633 2775 757 2829 Ἐτι
783 2775 990 2840 παντὸς
1016 2775 1270 2847 σώματος
1302 2778 1357 2831 αἱ
1392 2777 1681 2850 ποιότητες
1708 2777 1966 2847 αίσθηταί

369 2867 530 2933 εἰσιν,
560 2869 594 2937 ἡ
623 2867 681 2920 δὲ
708 2867 856 2940 ψυχὴ
890 2869 992 2923 οὐκ
1024 2869 1286 2940 αἰσθητὴ,
1317 2871 1456 2926 άλλὰ
1491 2872 1682 2942 νοητή·
1714 2871 1818 2926 οὐκ
1857 2871 1968 2943 ἄρα

310 2955 314 2959 ’
371 2958 597 3030 ποιότης
628 2959 926 3032 ἀσώματος
957 2963 990 3033 ή
1018 2961 1191 3035 ψυχή.

442 3072 588 3144 Πρὸς
618 3074 677 3129 δὲ
712 3075 844 3140 τοὺς
879 3075 1168 3144 λέγοντας,
1200 3077 1470 3147 ἁρμονίαν
1501 3078 1600 3145 τῆς
1626 3075 1839 3146 ὑγείας,
1870 3077 1968 3131 καί⁵

368 3167 472 3238 τῆς
495 3167 702 3240 ἰσχύος,
745 3169 844 3225 καὶ
879 3169 974 3224 τοῦ
1005 3170 1242 3236 κάλλους
1278 3167 1419 3225 εἶναι
1453 3172 1552 3241 τὴν
1584 3170 1786 3242 ψυχὴν,
1823 3168 1970 3224 οὕτω

2067 2039 2356 2096 desideriis
2381 2041 2630 2112 corporis
2656 2043 3000 2104 adversatur,
3060 2041 3171 2096 imo
3216 2040 3518 2105 concurrit,
3571 2049 3658 2095 ut-

2069 2143 2194 2203 pote
2223 2149 2344 2204 quae
2372 2149 2436 2189 ea
2473 2143 2855 2201 commoveat;
2898 2135 2992 2190 sed
3027 2133 3211 2189 anima
3243 2133 3534 2189 desideriis
3562 2133 3661 2188 ad-

2068 2236 2337 2283 versatur.
2377 2224 2492 2280 Non
2522 2240 2654 2298 ergo
2687 2227 2916 2281 mistura
2951 2226 3158 2281 anima.
3188 2225 3394 2281 Deinde
3421 2226 3470 2282 si
3507 2225 3660 2281 mis-

2069 2327 2188 2371 tura
2213 2327 2298 2371 est
2320 2319 2528 2380 anima,
2552 2325 2607 2372 et
2625 2317 2856 2373 mistura
2882 2317 3160 2387 qualitas;
3186 2317 3427 2387 qualitas
3457 2331 3585 2372 vero
3604 2323 3662 2370 et

2069 2410 2128 2463 lit
2159 2419 2213 2464 et
2238 2408 2411 2476 abest,
2439 2409 2649 2480 absque
2671 2409 2904 2480 subjecti
2941 2399 3336 2474 destructione,
3365 2417 3421 2464 et
3477 2408 3660 2463 anima

2069 2497 2201 2572 ergo
2239 2501 2531 2567 dividetur,
2565 2511 2621 2557 et
2651 2516 2768 2556 non~
2784 2510 3167 2572 corrumpetur
3189 2516 3411 2572 corpus,
3441 2502 3543 2556 hoc
3577 2511 3660 2554 ta-

2069 2610 2192 2650 men
2224 2610 2331 2648 non
2357 2604 2441 2649 est
2471 2609 2684 2650 verum.
2717 2591 2838 2649 Non
2874 2602 3005 2664 ergo
3037 2593 3291 2658 mistnra,
3340 2606 3445 2649 nec
3472 2591 3658 2662 quali-

2071 2697 2153 2744 tas
2178 2688 2384 2744 anima.
2417 2686 2662 2758 Denique
2699 2685 2949 2755 corporis
2978 2699 3171 2741 omnes
3197 2683 3496 2754 qualitates
3528 2697 3661 2738 sen-

2067 2781 2196 2836 siles
2215 2789 2364 2847 sunt,
2390 2784 2574 2835 anima
2599 2787 2783 2834 autem
2821 2794 2931 2834 non
2951 2777 3173 2835 sensilis
3197 2778 3293 2833 sed
3323 2775 3662 2832 intellectua-

2068 2873 2167 2942 lis;
2201 2888 2308 2928 non
2333 2886 2467 2944 ergo
2496 2872 2746 2942 corporis
2777 2871 3016 2943 qualitas
3041 2870 3248 2925 anima.

2091 3140 2096 3144 ,
2140 3075 2345 3132 Contra
2387 3074 2635 3131 dicentes
2691 3086 2820 3129 vero
2861 3071 3100 3128 animam
3156 3083 3282 3127 esse
3314 3068 3662 3125 harmoniam

2073 3170 2345 3235 sanitatis,
2375 3178 2432 3224 et
2466 3168 2666 3224 virium
2693 3177 2747 3223 et
2777 3163 3224 3237 pulchritudinis,
3251 3163 3333 3218 sic
3367 3177 3664 3232 argumen-

370 3258 831 3331 συλλογιζόμεθα’
867 3260 934 3322 El
973 3263 1007 3333 ἠ
1052 3261 1294 3333 ἁρμονία
1334 3263 1436 3334 τῆς
1475 3261 1681 3332 ἰσχύος,
1722 3260 1818 3314 καὶ
1865 3260 1967 3330 τῆς

2074 3261 2314 3316 labimur
2352 3279 2366 3315 :
2396 3259 2454 3315 Si
2487 3259 2669 3314 anima
2703 3267 2792 3314 est
2844 3257 3069 3324 virium,
3109 3255 3392 3318 sanitatis,
3424 3254 3666 3325 pulchri-

369 3352 586 3421 ὑγείας,
628 3354 725 3408 καὶ
754 3353 850 3407 τοῦ
873 3354 1110 3417 κάλλους
1142 3355 1290 3424 ψυχή
1323 3355 1494 3417 ἐστιν,
1526 3353 1744 3422 ἀνάγκη
1775 3348 1845 3423 ἦν
1865 3351 1962 3405 τὸν
1997 3373 2007 3385 ·

370 3446 664 3517 ἄνθρωπον
687 3447 830 3516 μήτε
853 3448 1053 3509 νοσεῖν,
1089 3445 1228 3515 μήτε
1251 3443 1522 3506 ἀσθενεῖν,
1551 3445 1689 3515 μήτε
1713 3443 1964 3513 ἄμορφον

370 3532 547 3590 εῖναιο
589 3534 882 3605 συμϐαίνει
914 3536 972 3590 δὲ
1010 3536 1307 3600 πολλάκις,
1335 3535 1398 3588 οὗ
1452 3533 1584 3606 μίαν
1623 3534 1812 3606 μόνην,
1845 3531 1965 3587 ἀλλ’

370 3625 508 3699 ὁμοῦ
540 3626 641 3690 τὰς
669 3629 822 3698 τρεῖς
854 3626 1064 3691 ταύτας
1108 3626 1414 3698 εὐκρασίας
1459 3624 1830 3688 ἀπόλλυσθαι,
1868 3625 1966 3679 καὶ

373 3719 474 3792 ζῇν
515 3719 610 3774 τὸν
639 3718 966 3791 ἄνθρωπονο
1005 3719 1299 3790 συμϐαίνει
1339 3718 1452 3790 γάρ
1495 3718 1586 3774 τὸν
1628 3718 1791 3773 αὑτὸν
1824 3715 1963 3789 ὁμοῦ

373 3814 469 3867 καὶ
495 3812 745 3885 ἄμορφον
766 3807 930 3878 εἶναι,
954 3813 1050 3866 καὶ
1077 3811 1349 3875 ἀσθενεῖν,
1383 3812 1479 3866 καὶ
1499 3813 1696 3866 νοσεῖν’
1724 3810 1827 3866 οὐκ
1856 3810 1966 3883 ἄρα

373 3903 646 3976 εὐκρασία
673 3903 770 3959 τοῦ
804 3903 1056 3976 σώματος
1083 3902 1233 3958 ἔστιν
1261 3905 1297 3976 ή
1328 3903 1498 3976 ψυχή.

444 4099 572 4165 Πῶς
601 4099 726 4168 οὖν,
757 4101 914 4171 φασὶ,
951 4103 1184 4172 φυσικαί
1223 4119 1368 4167 τινες
1403 4102 1594 4158 κακίαι
1640 4103 1737 4157 καὶ
1772 4103 1968 4173 ἀρεταὶ

369 4195 487 4260 τοῖς
524 4193 835 4264 ἀνθρώποις
861 4196 1117 4265 ἓπονταις
1157 4197 1329 4251 Τοῦτο
1357 4199 1422 4252 ἐκ
1449 4197 1553 4268 τῆς
1580 4198 1676 4257 τοῦ
1713 4196 1968 4268 σώματος

367 4287 750 4361 ¹ἀληθεστέρας
810 4289 1063 4360 κράσεως
1126 4289 1374 4359 γίνεται·
1422 4289 1500 4353 ὡς
1556 4289 1666 4359 γὰρ
1722 4289 1969 4359 φυσικῶς

375 4383 607 4451 ύγιεινοὶ
632 4385 729 4438 καὶ
758 4383 1014 4450 νοσώδεις
1039 4384 1148 4438 είσί
1171 4401 1318 4449 τινες
1350 4385 1416 4438 ἐκ
1441 4383 1544 4453 τῆς
1574 4383 1849 4455 κράσεως,
1878 4381 1970 4437 οὖ-

374 4493 485 4540 τως
515 4476 666 4540 τινές
708 4477 959 4546 φυσικῶς
993 4476 1388 4550 πικρόχυλοι⁵⁷
1436 4477 1592 4540 ὅντες
1631 4475 1846 4547 ὀργίλοι
1891 4478 1972 4530 εί-

380 4571 486 4634 σὶν,
521 4569 672 4625 ἄλλοι
717 4570 774 4624 δέ
825 4570 1019 4637 δειλοὶ,
1069 4568 1222 4626 ἄλλοι
1263 4571 1618 4640 καταφερεῖςο
1673 4568 1789 4624 ἀλλ’
1837 4567 1970 4622 ἔνιοι

379 4663 644 4734 κρατοῦσι
670 4665 766 4717 καὶ
791 4663 1187 4736 περιγίνονταιο
1214 4663 1374 4735 δῆλον
1391 4663 1448 4717 δὲ
1470 4663 1556 4716 ὄτι
1583 4665 1684 4734 τῆς
1715 4656 1971 4734 κράσεως

377 4755 701 4826 κρατοῦσινο
743 4756 875 4811 ἄλλο
921 4756 980 4810 δέ
1011 4758 1131 4811 ἐστι
1180 4756 1244 4810 τὸ
1271 4756 1549 4827 κρατοῦν,
1590 4754 1687 4810 καὶ
1733 4754 1864 4810 ἄλλο
1898 4753 1970 4825 τὸ

375 4847 754 4920 κρατούμενον
773 4864 786 4878 ·
815 4846 946 4903 ἄλλο
970 4848 1090 4919 ἄρα’
1105 4848 1324 4918 κρᾶσις,
1349 4848 1444 4902 καὶ
1471 4846 1603 4902 ἄλλο
1632 4845 1802 4918 ψυχή.
1836 4847 1970 4918 Ὀρ·

361 4956 544 5007 ,γανον
571 4938 682 5010 γάρ
708 4936 770 4993 ὃν
801 4937 866 4992 τὸ
899 4937 1063 5009 σῶμα
1100 4939 1201 5009 τῆς
1245 4936 1458 5008 ψυχῆς,
1486 4936 1587 4990 ἐὰν
1628 4937 1730 5006 μὲν
1771 4937 1972 5006 ἐπιτη-

375 5028 536 5093 δείως
562 5027 994 5100 κατασκευασθῇ
1015 5070 1030 5094 ,
1062 5028 1320 5099 συνεργεῖ
1342 5029 1410 5098 τῇ
1446 5026 1596 5098 ψυχῇ
1618 5041 1632 5056 ο
1661 5025 1728 5080 ἂν
1780 5024 1838 5083 δέ
1871 5027 1970 5080 ἅν·-

378 5120 724 5192 επιτηδείως,
742 5119 1058 5193 ἐμποδίζει·
1088 5119 1183 5178 καὶ
1211 5119 1334 5174 τότε
1361 5118 1522 5190 χρεία
1551 5120 1618 5189 τῇ
1648 5117 1794 5190 ψυχῇ
1827 5135 1972 5189 πρα-

378 5215 608 5285 γμάτων
636 5213 1042 5287 ἀπομαχομὲνῃ
1065 5213 1203 5285 πρὸς
1232 5211 1331 5286 τὴν
1354 5212 1847 5284 ἀνεπιτηδειότητα
1874 5211 1972 5267 τοῦ

376 5305 636 5376 ὀργάνου,
671 5307 768 5360 καὶ
795 5306 890 5360 ἐὰν
939 5304 1016 5376 μὴ
1051 5304 1262 5376 σφόδρα
1296 5303 1448 5376 νήφῃ
1487 5304 1585 5356 καὶ
1619 5302 1973 5376 συνδιαστρέ-

365 5415 548 5469 .φηται
579 5397 763 5469 αὐτῷ,
801 5396 1060 5469 καθάπερ
1103 5396 1360 5468 μουσικὸς
1397 5395 1870 5468 συνεξαμαρτάνει
1906 5400 1972 5467 τῇ

377 5492 478 5562 τῇς
503 5489 676 5561 λύρας
705 5490 1032 5567 διαστροφῇ,
1062 5489 1160 5544 ἐὰν
1196 5489 1274 5561 μὴ
1310 5489 1578 5561 πρότερον
1605 5490 1778 5562 αὐτὴν
1805 5507 1974 5546 κατα-

382 5585 555 5656 στήσῃ
581 5583 785 5647 καλῶς.
816 5583 908 5637 Διὸ
937 5585 1032 5637 καὶ
1058 5583 1220 5654 χρεία
1249 5585 1316 5654 τῇ
1344 5582 1490 5654 ψυχῇ
1521 5582 1618 5650 τῆς
1648 5582 1974 5653 ἐπιμελείας

378 5673 478 5731 τοῦ
513 5673 766 5748 σώματος
785 5715 805 5744 ,,
842 5675 931 5731 ἴνα
963 5674 1277 5750 καταρτίσῃ
1321 5674 1455 5729 αὐτὸ
1499 5673 1733 5746 ὄργανον
1780 5675 1974 5747 ἐπιτή-

454 5876 502 5912 ⁶⁷
528 5875 854 5950 πικρόχυλοι
877 5876 1026 5934 ABC.

2070 3355 2274 3409 tudinis
2313 3353 2604 3408 harmonia
2627 3390 2642 3417 ,
2675 3365 2903 3406 necesse
2933 3357 3018 3404 est
3067 3347 3342 3404 hominem
3363 3361 3464 3402 nec.
3487 3362 3666 3414 aegro-

2069 3455 2208 3511 tare,
2243 3459 2344 3499 nec
2370 3444 2684 3509 debilitare,
2719 3457 2819 3497 nec
2853 3440 3030 3496 forma
3065 3439 3383 3507 immutari;
3413 3449 3470 3493 at
3522 3453 3666 3506 saepe

2067 3534 2269 3590 accidit
2301 3543 2362 3588 ut
2392 3548 2500 3587 non
2533 3547 2642 3587 una
2670 3538 2904 3594 tantum,
2939 3529 3035 3585 sed
3067 3539 3181 3584 tres
3215 3519 3322 3583 illa;
3373 3527 3668 3598 qualitates

2066 3625 2228 3683 simul
2255 3626 2580 3680 amittantur
2596 3635 2650 3679 et
2681 3623 2846 3678 immo
2865 3622 3053 3684 vivat;
3081 3635 3473 3689 nonnunquam
3518 3620 3667 3674 enim

2067 3718 2318 3775 eumdem
2343 3717 2505 3773 simul
2523 3716 2848 3780 deformem,
2876 3723 2932 3770 et
2954 3712 3209 3778 debilem,
3231 3721 3287 3768 et
3310 3719 3668 3784 aegrotantem

2068 3827 2190 3870 esse
2207 3811 2485 3877 videmus;
2509 3825 2616 3866 non
2640 3808 2804 3881 igitur
2823 3806 3071 3877 corporis
3087 3803 3342 3861 valetudo
3359 3803 3542 3859 anima
3561 3815 3666 3859 est.

2141 4107 2425 4177 Quomodo
2458 4121 2611 4175 ergo,
2637 4107 2813 4171 aiunt,
2845 4102 3123 4168 naturales
3169 4104 3416 4173 quaedam
3450 4098 3674 4155 malitia

2068 4207 2126 4266 et
2151 4199 2382 4256 virtutes
2431 4195 2485 4250 in
2516 4195 2832 4250 hominibus
2888 4192 3290 4250 inveniuntur?
3329 4190 3463 4246 Illud
3493 4205 3524 4246 e
3569 4205 3668 4244 ve-

2072 4291 2202 4352 riori
2229 4290 2477 4360 corporis
2510 4286 2739 4343 mistura
2777 4286 2840 4341 lit
2883 4304 2898 4342 :
2932 4271 3126 4356 nempe
3156 4285 3296 4342 sicut
3347 4281 3670 4341 naturaliter

2071 4385 2191 4442 sani
2219 4391 2274 4438 et
2293 4381 2482 4452 aegroti
2512 4387 2641 4436 sunt
2663 4379 2886 4449 quidam
2917 4377 3220 4434 secundum
3255 4375 3668 4442 mistnram,sic

2072 4475 2297 4547 quidam
2349 4472 2528 4529 biliosi
2575 4473 2630 4527 in
2680 4472 2818 4527 iram
2881 4470 3194 4542 praecipites
3238 4476 3389 4533 sunt,
3415 4468 3506 4522 alii
3541 4483 3670 4524 vero

2077 4568 2293 4632 timidi,
2329 4565 2423 4622 alii
2458 4564 2732 4621 libidinosi
2761 4581 2778 4632 ;
2805 4578 2997 4619 rursus
3041 4561 3134 4616 alii
3181 4569 3442 4631 superant
3466 4567 3522 4614 et
3551 4559 3670 4614 viu-

2007 4629 2050 4684 θ
2078 4671 2232 4716 cunt.
2277 4629 2538 4716 Videlicet
2586 4629 2874 4729 mistnram
2920 4656 3189 4720 vincunt;
3222 4629 3316 4708 sed
3361 4652 3507 4708 aliud
3585 4658 3672 4707 est

2077 4753 2221 4824 quod
2249 4752 2438 4818 vincit,
2463 4749 2610 4806 aliud
2630 4749 2775 4821 quod
2789 4748 3028 4804 vincitur
3052 4765 3068 4802 :
3097 4745 3242 4803 aliud
3261 4759 3394 4816 ergo
3414 4743 3667 4807 mistnra,
3747 4811 3753 4817 ἱ

2074 4855 2129 4902 et
2163 4845 2310 4899 aliud
2343 4843 2546 4911 anima.
2579 4842 2716 4900 Cum
2747 4841 2898 4916 enim
2924 4853 3125 4910 corpus
3156 4837 3231 4894 sit
3282 4835 3483 4890 anima:
3518 4848 3673 4906 orga-

2071 4953 2227 5004 num,
2253 4937 2299 4994 si
2345 4937 2484 4998 bene
2523 4935 2880 4992 constitutum
2915 4943 3021 5001 est,
3054 4931 3290 4987 animam
3320 4928 3585 4997 adjuvat;
3617 4925 3666 4982 si

2073 5032 2256 5088 minus
2291 5031 2453 5094 bene,
2486 5029 2734 5100 impedit,
2767 5035 2824 5082 et
2861 5037 2992 5082 tunc
3041 5024 3239 5080 anima:
3289 5035 3430 5091 opus
3484 5027 3566 5078 est
3613 5021 3666 5072 in

2073 5121 2336 5192 Operibus
2379 5117 2522 5175 bello
2580 5126 2772 5174 contra
2807 5115 3000 5187 organi
3056 5112 3446 5182 incongruum,
3471 5118 3527 5163 et
3559 5107 3666 5162 nisi

2075 5223 2336 5273 accurate
2364 5211 2573 5283 vigilet,
2592 5210 2715 5278 imo
2742 5223 2867 5264 cum
2896 5221 2960 5262 ea
2991 5211 3404 5272 corrumpatur,
3435 5199 3664 5258 errabit.

2077 5305 2234 5363 Sicut
2287 5304 2532 5360 musicus
2589 5317 2713 5358 cum
2762 5299 2916 5372 lyrae
2951 5293 3290 5354 dissonantia
3348 5287 3671 5354 errat,nisi

2076 5399 2226 5470 prius
2261 5396 2393 5468 lyra:
2442 5394 2577 5450 lides
2612 5401 2764 5448 recte
2798 5387 3113 5446 contendat.
3146 5384 3445 5452 Pr0pterea
3484 5377 3670 5432 anima

2074 5491 2236 5548 debet
2283 5503 2482 5558 corpus
2525 5499 2726 5542 curare
2773 5491 2834 5538 ut
2876 5479 2978 5537 sibi
3016 5475 3351 5535 conveniens
3399 5483 3668 5558 organum

2077 5590 2319 5653 coeptet.
2365 5557 2524 5646 Quod
2568 5585 2624 5632 et
2680 5589 2776 5646 per
2813 5571 2980 5628 verba
3031 5578 3087 5624 et
3133 5581 3231 5638 per
3285 5577 3467 5619 mores
3506 5557 3672 5615 allicit

2079 5652 2220 5732 sicut
2255 5674 2308 5730 in
2331 5668 2616 5729 harmonia
2645 5686 2660 5721 :
2694 5681 2842 5724 nunc
2861 5664 3137 5724 relaxans.
3167 5672 3312 5716 nunc
3333 5652 3673 5713 contendens
