4142 6494
504 426 645 483 1295

1820 421 2101 479 ηειετιι
2143 423 2460 483 IONACHI

3647 417 3793 478 ητα

500 551 556 598 ut
590 542 844 597 idoneum
876 542 979 610 ipsi
1019 541 1151 598 illud
1189 540 1438 616 perficiat
1469 539 1928 610 convenientique
1968 550 2090 597 uta-

2196 542 2336 597 δειον
2368 537 2541 614 ἑαυτῇ
2562 555 2576 572 ’
2609 539 2771 596 τοῦτο
2841 538 2900 595 δὲ
2923 539 3072 594 ποιεῖ
3101 536 3194 594 διά
3232 555 3293 592 τε
3339 536 3450 591 τῶν
3488 535 3665 605 λόγων
3695 538 3794 591 καὶ

502 642 594 688 tur
625 649 854 702 organo.

583 897 909 954 Aristoteles
943 912 1069 953 vero
1091 895 1463 953 endelechiam
1495 894 1776 967 appellans
1823 895 2086 962 animam,

515 1008 624 1047 non
659 993 836 1047 minus
861 1006 982 1046 cum
1007 991 1085 1045 eis
1113 991 1203 1060 qui
1230 1005 1350 1045 eam
1377 991 1586 1056 dicunt,
1607 988 1923 1060 qualitatem
1962 1002 2092 1042 con-

511 1085 678 1140 venit.
729 1083 1086 1155 Pythagoras,
1141 1098 1426 1138 numerum
1459 1082 1698 1152 seipsum
1736 1089 2087 1148 moventem;

508 1175 866 1242 Xenocrates,
900 1185 956 1231 et
995 1190 1282 1230 numerum
1306 1175 1624 1231 continuum
1649 1184 1706 1229 et
1733 1171 1970 1228 universi
1999 1187 2092 1227 ex-

508 1268 858 1323 halationem.
906 1267 1190 1324 Manicltaai
1219 1269 1581 1324 immortalem
1619 1265 1765 1320 illam
1795 1271 1852 1321 et
1900 1265 2086 1321 incor-

505 1376 726 1431 poream
769 1362 980 1427 dicunt,
1019 1376 1180 1415 unam
1232 1370 1414 1416 autem
1449 1358 1622 1415 solam
1655 1371 1777 1412 esse
1840 1355 2085 1412 universi

505 1453 766 1518 animam,
811 1452 1118 1507 minutatim
1149 1452 1426 1508 redactam
1451 1460 1506 1505 et
1535 1449 1767 1504 divisam
1792 1447 1844 1501 in
1871 1447 2085 1518 singula

505 1561 736 1616 corpora
781 1547 1020 1601 animata
1055 1555 1111 1602 et
1153 1561 1258 1601 non
1319 1547 1585 1600 animata.
1633 1541 1787 1596 Plato
1823 1552 1879 1598 et
1924 1556 2087 1595 unam

504 1652 626 1691 esse
662 1646 714 1692 et
747 1638 946 1694 multas
972 1637 1186 1695 animus
1225 1637 1527 1702 contendit,
1559 1635 1834 1692 Chronius
1875 1644 1927 1686 et
1959 1631 2091 1687 Por-

504 1730 732 1801 phyrius
764 1745 953 1786 omnes
1005 1731 1209 1786 formas
1265 1729 1425 1784 unius
1467 1729 1662 1784 anitum
1709 1741 1831 1781 esse
1879 1727 2086 1781 dicunt.

505 1820 841 1876 Jamblichus
877 1821 1094 1876 tandem
1133 1821 1200 1876 ad
1227 1820 1531 1891 oppositam
1560 1817 1887 1875 sententiam
1933 1816 2088 1871 incli-

2192 637 2300 690 τῶν
2321 635 2490 707 ἠθῶν,
2523 634 2598 698 ὡς
2629 637 2686 688 ὲν
2707 631 2966 704 ἁρμονία·
2992 631 3061 686 τὰ
3085 632 3185 704 μὲν
3223 630 3468 702 χαλῶσα,
3499 628 3567 684 τὰ
3585 629 3641 682 δὲ
3674 630 3793 682 ἐπι-

2195 728 2461 789 τείνουσα.
2485 728 2573 781 ἵνα
2594 725 2856 798 ἁρμόδιον
2884 725 3016 779 αὐτὸ
3045 725 3214 796 ἑαυτῇ
3243 722 3665 796 κατασκευάσῃ,
3693 721 3793 774 καὶ

2197 817 2466 890 χρήσηται
2497 813 2787 887 ἐπιτηδείῳ
2819 813 3039 886 ὀργάνῳ
3067 813 3135 870 ⁵⁸.

2275 907 2657 980 Ἀριστοτέλης
2683 906 2742 960 δὲ
2770 905 3106 976 ἐνδελέχειαν
3127 905 3304 974 λέγων
3323 905 3426 977 τὴν
3448 902 3653 976 ψυχὴν.
3689 900 3790 955 οὐ⁹

2191 998 2282 1053 δὲν
2301 993 2464 1070 ἦττον
2491 997 2838 1069 συμφέρεται
2863 998 2979 1060 τοῖς
3012 996 3274 1069 ποιότητα
3297 997 3554 1065 λέγουσιν
3583 992 3784 1062 αὐτήν

2194 1089 2523 1160 Πυθαγόρας
2542 1089 2624 1154 δὲ,
2648 1087 2881 1160 ἀριθμὸν
2905 1087 3098 1140 ἑαυτὸν
3127 1086 3405 1142 κινοῦνται
3435 1086 3792 1158 Ξενοκράτης

2189 1182 2246 1236 δὲ
2266 1224 2283 1247 ,
2315 1183 2409 1235 καὶ
2440 1181 2674 1252 ἀριθμὸν
2704 1183 2938 1251 συνεχῆ,
2972 1181 3065 1234 καὶ
3098 1180 3472 1251 ἀναθυμίασιν
3507 1180 3606 1234 τοῦ
3642 1199 3788 1235 παν-

2191 1273 2312 1337 τός·
2345 1273 2396 1326 οἱ
2419 1273 2477 1326 δὲ
2517 1271 2808 1342 Μανιχαϊοι
2857 1271 3127 1325 ἀθάνατον
3161 1271 3334 1343 αὐτὴν
3365 1272 3462 1325 καὶ
3491 1272 3788 1343 ἀσώματον

2191 1363 2432 1432 λέγουσι·
2461 1363 2591 1434 μίαν
2618 1363 2676 1416 δὲ
2703 1362 2873 1433 μόνην
2897 1357 3041 1415 εῖναι
3076 1360 3176 1433 τὴν
3209 1361 3318 1415 τῶν
3349 1361 3572 1416 πάντων
3601 1361 3786 1434 ψυχὴν

2193 1454 2817 1528 κατακερματιζομένην
2839 1457 2935 1508 καὶ
2951 1454 3444 1525 κατατεμνομένην
3466 1455 3548 1518 είς
3569 1455 3637 1509 τὰ
3658 1453 3787 1509 καθ’

2190 1545 2399 1600 ἕκαστα
2431 1543 2664 1616 σώματα
2691 1543 2914 1615 ἔμψυχα
2939 1545 3035 1598 καὶ
3061 1543 3268 1614 ἄψυχαο
3296 1543 3326 1596 ό
3353 1542 3412 1596 δὲ
3435 1543 3666 1598 Πλάτων
3687 1543 3789 1598 καὶ

2195 1636 2327 1708 μίαν
2360 1633 2502 1690 εἶναι
2529 1636 2624 1689 καὶ
2661 1635 2867 1700 πολλὰς
2905 1634 3087 1706 ψυχὰς
3118 1633 3484 1705 ἀποφαίνεται
3506 1650 3519 1664 ·
3555 1635 3789 1706 Κρόνιος

2191 1729 2248 1783 δὲ
2285 1731 2378 1784 καὶ
2413 1729 2724 1802 Πορφύριος
2747 1729 2926 1782 πάντα
2951 1727 3018 1782 τὰ
3051 1727 3166 1798 εῐδη
3194 1725 3417 1796 λέγουσι
3443 1727 3575 1798 μιᾶς
3600 1725 3788 1796 ψυχῆς

2193 1822 2400 1876 πέλεινο
2439 1821 2748 1892 Ἰάμϐλιχος
2780 1820 2838 1875 δὲ
2869 1821 2970 1892 τὴν
2997 1817 3250 1874 ἐναντίαν
3277 1817 3495 1882 τούτοις
3534 1815 3788 1890 δραμὼν,

506 1927 646 1970 nans
677 1913 907 1984 singulis
946 1914 1306 1969 animantiqu
1361 1911 1648 1983 speciebus
1693 1913 1889 1966 anima:
1958 1924 2083 1978 spe-

2196 1915 2316 1970 καθ’
2333 1915 2392 1968 ἓν
2414 1909 2554 1979 εἶδος
2579 1913 2721 1978 ζώου
2749 1912 2930 1984 ψυχῆς
2955 1906 3095 1975 εἶδος
3122 1905 3268 1965 εἶναι
3294 1908 3468 1978 λέγει.

503 2003 644 2057 ciem
671 2003 852 2058 inesse
877 2003 1036 2057 dicit.

580 2086 687 2143 Sed
717 2089 873 2144 nobis
909 2090 1044 2146 istos
1081 2091 1172 2160 qui
1216 2091 1427 2160 seipsos
1477 2089 1733 2146 refellunt
1758 2090 2093 2161 'przetermit-

509 2179 768 2246 tentibus,
789 2179 1258 2236 immortalitatem
1284 2181 1402 2252 ejus
1434 2197 1465 2237 e
1498 2180 1782 2250 Scriptura
1810 2193 1970 2236 sacra
1992 2179 2089 2234 de-

507 2281 814 2326 monstrare
844 2271 1101 2338 suliiciat,
1133 2287 1253 2344 qua:
1271 2282 1478 2328 certam
1516 2287 1582 2329 ex
1614 2285 1673 2328 se
1707 2271 1865 2326 [idem
1900 2270 2087 2337 habet,

504 2363 763 2434 quoniam
803 2363 1007 2421 Christi
1041 2366 1268 2436 ejusque
1306 2365 1704 2436 discipulorum
1729 2361 1891 2418 eli'ata
1912 2363 2088 2418 couti-

505 2465 620 2512 net.
654 2454 710 2510 Si
729 2455 874 2510 enim
904 2471 1012 2511 non
1036 2466 1174 2512 este
1199 2457 1363 2512 rebus
1387 2471 1507 2524 quae
1549 2463 1800 2524 pereunt,
1842 2453 2090 2509 incorru-

504 2547 710 2617 ptibilis
736 2555 791 2603 et
833 2546 1160 2602 immortalis
1189 2555 1295 2602 est.
1325 2545 1524 2601 Dicunt
1553 2555 1732 2600 autem
1767 2543 1985 2614 quidam
2023 2544 2090 2596 de

504 2637 621 2708 ejus
647 2640 1043 2696 unioneomnia
1074 2641 1219 2694 unita
1263 2639 1315 2694 in
1360 2639 1520 2692 unius
1576 2636 1896 2692 substantiae
1943 2635 2090 2690 exsi‘

504 2731 760 2787 stantiam
778 2731 996 2802 penitus
1020 2732 1161 2786 uniri
1191 2737 1424 2786 :cuncta
1454 2745 1581 2784 vero
1603 2729 1753 2783 unite
1786 2726 2090 2792 immutari,

506 2838 608 2879 nec
632 2835 855 2878 manere
875 2838 996 2894 quae
1025 2822 1176 2892 prius
1202 2821 1431 2886 fuerint,
1462 2822 1606 2877 sicut
1629 2823 1681 2875 in
1715 2836 1855 2891 aqua
1885 2829 1940 2876 et
1963 2819 2092 2873 vino

509 2915 588 2968 tit.
620 2910 742 2967 iam
773 2913 1050 2983 quomodo
1084 2913 1201 2968 sive
1236 2927 1435 2982 corpus
1463 2912 1657 2966 animae
1700 2911 1938 2976 unitum,
1968 2925 2092 2964 cor-

507 3019 610 3074 pus
636 3003 816 3058 adhuc
863 3012 1069 3066 manet,
1118 3003 1235 3058 sive
1279 3003 1458 3057 anima
1494 3017 1614 3072 qua!
1641 3002 1963 3072 incorporea
2007 3007 2093 3055 est

507 3105 565 3150 et
606 3096 659 3149 in
713 3109 773 3151 se
815 3093 934 3164 ipsa
990 3092 1670 3164 substantiata,quomodo
1697 3091 1915 3162 corpori
1963 3091 2087 3146 uni-

511 3195 601 3242 tur
640 3195 696 3242 et
742 3186 1036 3241 animantis
1077 3185 1140 3241 iit
1168 3201 1314 3256 pars,
1368 3185 1517 3242 salva
1582 3183 1798 3254 Propria
1853 3183 2089 3240 essentia

2275 2095 2416 2150 Ἀλλ’
2447 2097 2612 2166 ἡμεῖς
2653 2093 2881 2157 τούτους
2927 2091 3190 2154 ἐάσαντες
3234 2089 3328 2144 ὑπ’
3377 2087 3626 2160 ἀλλήλων
3651 2089 3789 2141 ἀνα-

2189 2186 2516 2261 τρέπεσθαι,
2557 2185 2922 2259 ἀρκεσθῶμεν
2954 2183 3092 2256 πρὸς
3124 2179 3400 2248 ἀπόδειξιν
3433 2179 3536 2252 τῆς
3577 2178 3789 2233 ἀθαναο

2191 2277 2315 2342 σίας
2341 2277 2515 2348 αὐτῆς
2544 2277 2612 2331 ἐκ
2639 2278 2740 2347 τῆς
2784 2274 3151 2331 θεοπνεύστου
3202 2272 3432 2345 Γραφῆς
3457 2287 3472 2302 ο
3498 2269 3560 2324 τὸ
3590 2269 3789 2324 πιστὸν

2191 2369 2286 2424 καὶ
2309 2367 2529 2441 βέϐαιον
2547 2367 2607 2434 ἐξ
2627 2368 2828 2438 ἑαυτῆς
2855 2365 3110 2438 ἐχούσης,
3137 2363 3228 2420 διὰ
3249 2365 3312 2418 τὸ
3343 2362 3598 2434 είρῆσθαι
3627 2361 3785 2432 παρὰ

2190 2459 2430 2534 Χριστοῦ
2490 2460 2584 2514 καὶ
2631 2459 2742 2514 τῶν
2797 2457 2965 2513 αὑτοῦ
3028 2455 3312 2528 μαθητῶν.
3365 2455 3431 2509 Ei
3471 2455 3580 2525 γὰρ
3609 2451 3784 2525 μηδέν

2192 2557 2312 2608 ἐστι
2339 2554 2452 2608 τῶν
2481 2551 2883 2624 φθειρομένων,
2944 2549 3062 2603 ἔστι
3096 2547 3154 2604 δὲ
3189 2547 3494 2620 ἄφθαρτος,
3543 2545 3660 2598 ἔστι
3686 2544 3786 2597 καὶ

2190 2646 2481 2709 ἀθάνατος.
2515 2644 2752 2713 Λέγουσι
2770 2643 2828 2697 δέ
2843 2659 2987 2706 τινες
3017 2642 3150 2713 περὶ
3179 2641 3278 2712 τῆς
3307 2639 3558 2702 ὲνώσεως
3581 2637 3784 2708 αὐτῆς,

2189 2740 2273 2793 ὅτι
2305 2739 2482 2793 πάντα
2510 2735 2582 2791 τὰ
2635 2735 2888 2790 συνιόντα
2918 2735 2999 2796 είς
3038 2735 3170 2805 μιᾶς
3223 2732 3416 2796 οὐσίας
3458 2731 3783 2796 ὑπόστασιν,

2190 2829 2486 2892 διαπαντὸς
2514 2827 2731 2883 ἑνοῦται
2763 2841 2777 2857 ο
2811 2827 2990 2880 πάντα
3020 2825 3076 2879 δὲ
3118 2823 3190 2878 τὰ
3233 2823 3505 2894 ἑνούμενα
3533 2821 3787 2876 ἀλλοιοῦ-

2191 2939 2307 2988 ται,
2338 2921 2435 2974 καὶ
2463 2920 2524 2974 οὗ
2559 2919 2713 2990 μένει
2739 2917 2776 2974 ἃ
2820 2910 3096 2990 πρότερον
3115 2911 3206 2989 ἦν,
3243 2915 3320 2979 ὡς
3351 2915 3444 2968 ἐπὶ
3495 2915 3642 2968 οῐνου
3683 2914 3786 2967 καὶ

2193 3010 2411 3075 ὕδατος.
2437 3009 2560 3074 Πῶς
2586 3009 2620 3080 ἢ
2645 3007 2708 3062 eo
2730 3007 2890 3079 σῶμα
2919 3006 3203 3078 ἡνωμένον
3230 3007 3297 3077 τῇ
3323 3004 3494 3076 ψυχῇ,
3519 3003 3600 3056 ἔτι
3627 3003 3786 3072 μένει

2194 3102 2422 3175 σῶμα,ἢ
2441 3102 2646 3173 πάλινή
2667 3101 2816 3172 ψυχὴ
2837 3099 3131 3170 ἀσώματος
3152 3092 3288 3152 οὖσα
3316 3096 3411 3150 καὶ
3442 3091 3709 3164 οΰσιώδης
3734 3094 3784 3126 ⁸⁹

2194 3195 2320 3249 καθ’
2351 3193 2573 3266 ἑαυτὴν,
2603 3192 2722 3257 πῶς
2755 3191 2971 3246 ἑνοῦται
3003 3189 3245 3260 σώματι,
3288 3188 3386 3242 καὶ⁹
3419 3185 3589 3257 μέρος
3630 3184 3784 3253 γίνε-

515 3278 787 3335 mistionis
812 3286 1038 3349 experte
1063 3278 1542 3349 ctcorruptiouis?
1569 3275 1807 3333 Necesse
1830 3285 1914 3332 est
1940 3276 2084 3330 enim

2196 3305 2284 3341 ται
2313 3287 2478 3353 ζὼου,
2537 3286 2788 3352 σώζουσα
2815 3284 2915 3355 τὴν
2947 3282 3089 3337 ἰδίαν
3125 3279 3318 3335 οὐσίαν
3347 3277 3660 3347 ἁσύγχυτον
3684 3275 3788 3328 καὶ

515 3381 609 3428 aut
635 3371 782 3428 uniri
830 3373 1070 3427 animam
1123 3380 1178 3426 et
1228 3386 1446 3440 corpus,
1467 3379 1523 3424 et
1549 3369 1707 3425 simul
1739 3367 2090 3434 commutari,

510 3475 603 3522 aut
632 3478 840 3528 coesse,
872 3463 1014 3520 sicut
1051 3463 1416 3519 iusaltatione
1448 3462 1755 3528 saltatores,
1779 3459 1863 3517 vel
1901 3461 1956 3516 in
1987 3459 2096 3516 suf-

509 3556 701 3628 fragiis
729 3553 1072 3626 suil‘ragium.
1101 3555 1209 3609 Aut
1252 3556 1297 3612 si
1328 3553 1646 3624 incorporea
1678 3562 1788 3617 est,
1821 3552 2095 3623 quomodo

511 3665 541 3702 a
571 3661 806 3719 corpore
859 3645 1181 3716 separatur?
1217 3645 1365 3700 Nihil
1417 3646 1563 3700 enim
1608 3643 1992 3714 incorporeum
2061 3657 2092 3698 a

511 3753 740 3811 corpore
769 3747 1058 3810 separatur
1094 3755 1108 3792 :
1141 3753 1249 3794 non
1277 3738 1517 3793 cohaeret
1554 3736 1701 3791 enim
1747 3734 1968 3804 corpori
2009 3735 2096 3790 in-

513 3845 836 3901 corporeum
867 3847 882 3884 :
915 3829 1098 3884 anima
1127 3840 1310 3884 autem
1357 3829 1598 3884 cohaeret
1621 3827 1834 3898 corpori
1858 3836 1912 3882 et
1935 3827 2004 3882 ab
2029 3841 2094 3884 eo

512 3932 817 3993 separatur.

587 4015 827 4070 Dicimus
857 4028 988 4084 ergo
1008 4013 1152 4084 quod
1190 4027 1221 4069 a
1257 4027 1484 4081 corpore
1507 4010 1558 4065 in
1615 4019 1790 4067 morte
1815 4018 2094 4080 separetur

513 4109 714 4174 anima,
743 4106 978 4178 illudque
1003 4121 1190 4162 verum
1232 4107 1304 4161 sit
1329 4104 1504 4174 ;quod
1537 4119 1664 4160 vero
1694 4119 1802 4159 non
1824 4103 2100 4159 adhaereat

515 4200 893 4268 incorporeum
921 4199 1160 4268 corpori,
1197 4197 1389 4253 falsum
1412 4197 1629 4268 quidem
1661 4205 1746 4250 est
1770 4195 2100 4265 generaliter

515 4293 741 4357 dictum,
770 4291 836 4346 de
867 4288 1046 4344 anima
1082 4299 1263 4344 autem
1296 4303 1483 4344 verum
1517 4305 1531 4343 :
1563 4302 1670 4342 non
1696 4287 1843 4342 enim
1879 4285 2095 4356 corpori

517 4384 803 4453 colligatur
837 4382 1037 4437 anima.
1065 4379 1286 4438 Falsum
1319 4381 1587 4452 siquidem
1646 4380 1790 4434 linea
1837 4391 1960 4448 qua
2013 4385 2099 4431 est

514 4475 835 4542 incorporea
868 4472 1079 4540 corpori
1108 4471 1350 4526 adhaeret
1377 4479 1432 4526 et
1470 4469 1814 4534 secernitur;
1847 4465 2102 4521 similiter

516 4561 853 4618 etalbitudn.
881 4559 960 4616 De
1005 4563 1186 4615 anima
1211 4571 1390 4614 autem
1432 4574 1618 4614 verum
1661 4567 1782 4624 est;
1815 4572 1924 4612 non
1951 4555 2098 4611 enim

2200 3380 2569 3454 ἀδιάφθορον;
2617 3378 2860 3448 Ἀνάγκη
2917 3375 3050 3446 γὰρ,
3091 3373 3125 3444 ἢ
3173 3370 3415 3444 ἡνῶσθαι
3465 3369 3568 3441 τὴν
3601 3367 3790 3440 ψυχὴν

2198 3473 2293 3528 καὶ
2333 3473 2394 3528 τὸ
2426 3472 2608 3544 σῶμα,
2640 3471 2734 3526 καὶ
2780 3465 3216 3542 συνηλλοιῶσθαι
3248 3465 3560 3538 ἀμφότερα.
3605 3464 3640 3534 ἢ
3677 3480 3790 3518 πα-

2199 3561 2515 3635 ρακεϊσθαι,
2551 3561 2627 3626 ὡς
2651 3561 2920 3634 χορευτὰς
2955 3560 3013 3612 ὲν
3035 3556 3261 3630 χορῷ,η
3292 3556 3476 3627 ψῆφον
3503 3556 3562 3609 ἐν
3581 3554 3754 3626 ψήφῳ
3771 3570 3789 3586 ο

2197 3651 2231 3722 ἢ
2263 3655 2312 3705 εί
2344 3650 2638 3722 ἁσὼματός
2665 3652 2806 3718 ἐστι,
2843 3649 2962 3713 πῶς
2995 3649 3298 3720 χωρίζεται
3329 3648 3440 3702 ἀπὸ
3467 3645 3566 3700 τοῦ
3599 3646 3794 3716 σῶμα-

2198 3757 2324 3806 τος;
2355 3740 2522 3793 Οὐδὲν
2550 3739 2661 3809 γὰρ
2691 3738 2989 3810 ἀσώματον
3023 3738 3133 3792 ἀπὸ
3170 3736 3425 3805 σώματος
3448 3737 3756 3811 χωρίζεται
3775 3749 3793 3766 ·

2198 3831 2320 3884 οῦδὲ
2355 3831 2464 3902 γὰρ
2489 3831 2796 3900 ἐφάπτεται
2829 3829 3083 3902 σώματος
3123 3829 3420 3900 ἀσώματον
3447 3846 3462 3862 ο
3493 3830 3530 3902 ἡ
3558 3827 3618 3882 δὲ
3639 3826 3793 3899 ψυχὴ

2199 3923 2296 3976 καὶ
2326 3923 2630 3992 ἐφάπτεται
2669 3923 2762 3976 καὶ
2788 3921 3086 3994 χωρίζεται
3107 3920 3199 3976 τοῦ
3227 3920 3500 3993 σώματος.
3529 3929 3542 3943 ⁸

2272 4012 2521 4083 Λέγομεν
2555 4013 2671 4081 οῦν,
2723 4014 2807 4068 ὅτι
2857 4012 2920 4067 τὸ
2969 4013 3070 4082 μὲν
3116 4012 3453 4083 χωρίζεσθαι
3476 4011 3578 4084 τὴν
3607 4009 3793 4082 ψυχὴν

2200 4104 2312 4158 ἀπὸ
2344 4105 2441 4159 τοῦ
2467 4104 2722 4176 σώματος
2746 4106 2806 4159 ἐν
2835 4104 2916 4176 τῷ
2949 4104 3190 4176 θανάτῳ,
3217 4104 3423 4176 ἀληθές
3452 4107 3569 4160 ἐστι
3600 4104 3705 4158 οτδ
3732 4105 3792 4158 δὲ

2203 4197 2280 4266 μὴ
2313 4197 2660 4266 ἐφάπτεσθαι
2686 4197 2980 4268 ἀσώματον
3010 4197 3283 4268 σώματος,
3315 4197 3513 4268 ψεῦδος
3539 4196 3640 4268 μὶν
3669 4197 3792 4250 ἔστι

2200 4289 2433 4344 καθόλου
2467 4290 2785 4362 λεγόμενον,
2820 4289 2914 4344 ἐπὶ
2945 4289 3004 4344 δὲ
3033 4289 3136 4360 τῆς
3159 4289 3343 4360 ψυχῆς
3391 4289 3592 4359 ἀληθές
3614 4306 3632 4322 ο
3664 4289 3796 4344 οὐδὲ

2200 4381 2309 4454 γὰρ
2337 4382 2640 4452 ἐφάπτεται
2691 4382 2790 4436 τοῦ
2840 4381 3093 4453 σώματος
3119 4383 3154 4452 ή
3201 4382 3373 4452 ψυχή.
3404 4380 3619 4444 Ψεῦδος
3662 4382 3793 4451 μὶν,

2203 4472 2393 4544 ἐπειδὴ
2449 4472 2547 4527 καὶ
2602 4471 2901 4544 ἠγραμμὴ
2957 4469 3248 4541 ἀσώματος
3298 4466 3437 4524 οὖσα
3484 4468 3797 4537 ἐφάπτεται

2200 4563 2300 4616 τοῦ
2333 4561 2589 4632 σώματος
2621 4561 2714 4615 καὶ
2738 4560 3059 4633 χωρίζεται,
3086 4559 3294 4629 ὁμοίως
3322 4559 3421 4613 καὶ
3448 4558 3794 4630 ἠλευκότης.

517 4652 731 4724 corpori
764 4649 1055 4720 colligatur
1082 4651 1262 4705 anima
1294 4668 1308 4704 :
1352 4652 1397 4705 si
1427 4651 1573 4705 enim
1634 4649 1949 4719 colligatur,
1983 4663 2092 4703 ma-

2215 4656 2339 4710 Ἑπὶ
2362 4625 2430 4709 δὲ,
2450 4655 2548 4725 τῆς
2571 4625 2980 4724 ψδκῆξάληθές
2999 4669 3014 4687 ο
3044 4625 3170 4706 οὐδὲ
3208 4651 3320 4724 γὰρ
3359 4625 3667 4720 ἐφάπτεται
3695 4625 3797 4704 τοῦ

519 4743 715 4800 nifeste
737 4743 788 4799 ei
813 4743 1091 4809 adhaeret;
1123 4742 1458 4813 impossibile
1478 4750 1660 4796 autem
1715 4741 2096 4811 incorporeum

519 4836 734 4908 corpori
783 4833 1008 4892 omnino
1060 4835 1362 4892 adlamrere.
1417 4834 1579 4891 Unde
1643 4847 1745 4890 nec
1793 4834 2094 4888 animatum

523 4929 630 4984 erit
684 4936 856 4984 totum
907 4925 1144 4994 animal;
1179 4926 1224 4982 si
1251 4940 1386 4981 vero
1413 4933 1502 4981 est
1561 4932 1733 4979 totum
1771 4925 2098 4991 animatum,

527 5033 629 5075 nec
661 5017 978 5083 adhaerebit,
1011 5030 1114 5073 nec
1153 5025 1491 5081 secernetur,
1527 5014 1792 5085 siquidem
1847 5013 2101 5084 incorpo-

524 5123 678 5165 reum
703 5116 808 5163 881.

585 5199 646 5257 Si
679 5213 807 5256 vero
836 5215 944 5254 non
975 5198 1268 5264 adunatur,
1305 5197 1581 5268 inquiunt,
1600 5209 1704 5252 nec
1730 5195 1970 5267 adjacet,
2002 5210 2102 5252 nec

519 5292 800 5358 miscetur,
827 5306 927 5346 cur
957 5291 1158 5346 animal
1185 5290 1382 5345 dicitur
1418 5305 1583 5345 unum
1610 5305 1732 5345 cum
1762 5288 1817 5343 in
1853 5289 2103 5358 corpori-

517 5385 621 5441 bus
677 5384 940 5440 adunatio
1015 5385 1385 5439 adunatorum
1443 5383 1684 5438 omnium
1741 5384 2097 5437 mutationem

520 5485 798 5544 operetur,
823 5474 1024 5548 quippe
1049 5489 1170 5545 quae
1195 5474 1253 5530 in
1295 5474 1400 5529 alia
1432 5487 1661 5545 corpora
1714 5473 2097 5538 immutantur,

523 5565 975 5633 quemadmodum
1009 5565 1277 5622 elementa
1335 5565 1391 5621 in
1449 5563 1857 5634 pcrmistiones,
1896 5571 1952 5617 et
1994 5563 2097 5618 ali-

593 5736 755 5809 ξθᾴίιᾶιν
793 5735 990 5809 μὴ-καὶ
1017 5739 1154 5809 αὑτὴ
1186 5740 1512 5809 συνδιαστρα

2205 4749 2461 4820 σώματος
2491 4747 2696 4818 ἡψυχὴ
2715 4761 2730 4778 ο
2757 4747 2809 4800 ei
2847 4747 2960 4816 γὰρ
2989 4743 3584 4816 ὲφάπτεται,ὃηλονότι
3607 4742 3798 4814 παράο

2205 4857 2388 4894 κειται
2413 4838 2562 4911 αὐτῷ
2581 4853 2596 4869 ·
2637 4837 2900 4893 ἀδύνατον
2945 4837 3007 4892 δὲ
3045 4836 3346 4908 ἀσώματον
3400 4834 3635 4908 σώματι,
3671 4835 3800 4889 ὅλοιν

2205 4929 2314 5000 ὅλῳ
2354 4927 2750 5000 παρακεῖσθαι*
2783 4925 2924 4981 ὥστε
2947 4925 3071 4981 οὐδὲ
3107 4924 3359 4998 ἔμψυχον
3396 4925 3553 4980 ἕσται
3586 4925 3711 4979 ὅλον
3735 4925 3803 4979 τὸ

2207 5019 2385 5085 ζῶον⁸
2418 5021 2467 5073 εί
2522 5018 2582 5072 δέ
2622 5019 2775 5072 ἐστιν
2816 5017 2940 5072 ὅλον
2998 5015 3268 5088 ἔμψυχον,
3309 5015 3440 5071 οὔτε
3489 5016 3804 5087 ipim-rat

2209 5112 2305 5166 καὶ
2332 5110 2649 5182 χωρίζεται,
2685 5108 2979 5181 ἀσώματος
3014 5104 3172 5164 οῦσα.

2277 5203 2345 5255 Ei
2375 5202 2429 5256 δὲ
2471 5201 2546 5273 μὴ
2583 5201 2812 5272 ἥνωται,
2860 5200 3022 5271 φησὶ,
3070 5201 3208 5271 μήτε
3259 5198 3619 5272 παράκειται,
3656 5203 3805 5272 μήτε

2210 5293 2500 5366 κέκραται,
2529 5292 2616 5356 τίς
2642 5293 2674 5345 ό
2703 5291 2863 5359 λόγος
2891 5289 2989 5344 τοῦ
3017 5290 3162 5356 ζώου
3193 5290 3254 5347 ἐν
3281 5291 3560 5361 λέγεσθαι,
3592 5293 3680 5347 ὅτι
3704 5295 3808 5348 ἐπὶ

2212 5384 2315 5454 μὲν
2364 5383 2475 5438 τῶν
2507 5383 2802 5454 σωμάτων,
2835 5384 2870 5453 ἡ
2901 5381 3102 5446 Ξνωσις
3125 5382 3420 5438 ἀλλοίωσιν
3438 5384 3550 5437 τῶν
3580 5386 3808 5440 συνιόν-

2203 5491 2316 5528 των
2355 5475 2575 5530 πάντων
2601 5471 2919 5545 ιργάζεται,
2948 5470 3251 5544 ἐπειδήπερ
3269 5473 3318 5508 ⁶⁹
3347 5475 3432 5538 είς
3450 5472 3586 5531 ἄλλα
3610 5475 3807 5546 σώμα-

2207 5583 2276 5619 τα
2323 5563 2725 5637 μεταϐάλλεται
2750 5581 2765 5595 ·
2800 5565 2878 5629 ὡς
2914 5564 2988 5619 τὰ
3035 5565 3280 5636 στοιχεῖα
3327 5563 3414 5629 είς
3447 5562 3523 5617 τὰ
3558 5565 3808 5638 συγκρι-

1831 5755 1893 5792 συ
1901 5738 2092 5810 μόαίνε

2196 5741 2259 5810 ἄρ
2287 5741 2380 5794 καὶ
2409 5740 2569 5794 τοῦτο
2599 5739 2723 5810 add.
2750 5738 2795 5810 li
2815 5740 2958 5810 quod
2989 5737 3404 5810 schplmidelur.
3485 5737 3532 5774 ”
3569 5737 3669 5796 καὶ
3695 5739 3796 5795 οῦ-

593 5757 638 5766 -“
661 5757 755 5790 saw
793 5757 866 5805 μη
896 5757 990 5792 και
1017 5757 1154 5808 αυτη
1186 5757 1528 5809 συνοιαστραι
1559 5757 1712 5811 ηαυτ
1779 5757 1793 5770 ·
1831 5757 1893 5792 συ
1946 5757 2092 5794 οαινε

528 5805 794 5878 σιὼδης...
833 5805 968 5861 οὖσα
995 5807 1159 5877 (inita
1187 5811 1228 5864 C
1259 5809 1343 5880 14)
1367 5825 1478 5866 om.
1651 5811 1696 5842 ‘°
1715 5757 2092 5882 ιίὶπιιδζίτεῖρ...

2196 5757 2259 5810 πρ
2287 5757 2380 5794 και
2409 5757 2569 5794 τουτο
2599 5757 2721 5794 auct.
2751 5757 2788 5792 ιν
2815 5757 2958 5806 quou
2989 5757 3139 5793 scunt

2196 5811 2254 5874 ῦς
2281 5811 2398 5866 αλλ.
2431 5810 2556 5883 (col.
2599 5807 2735 5866 1500
2766 5809 2808 5862 Β
2838 5808 2895 5880 ἳ)
2929 5824 3039 5866 om.
3077 5808 3139 5864 P.
