4142 6468
374 460 514 520 1297

1622 463 1710 518 DE
1750 461 2046 519 NATURA
2083 458 2394 518 HOMINIS.

2735 383 2793 432 /

3509 447 3652 507 ιιθθ

373 597 542 652 ματα,
571 581 665 641 καὶ
697 582 754 635 αί
785 583 986 653 τροφαὶ
1020 584 1100 648 είς
1132 567 1294 656 αἷμα,
1321 584 1382 638 τὸ
1407 584 1463 637 δὲ
1499 578 1640 655 αἷμα
1674 585 1753 648 είς
1780 585 1960 656 σάρκα

2072 590 2245 640 menta
2277 583 2329 637 in
2362 578 2708 652 sanguinem,
2734 591 2790 632 et
2818 573 3041 645 sanguis
3071 573 3125 630 in
3161 589 3380 630 carnem
3428 583 3484 630 et
3517 572 3648 628 reli-

371 670 468 723 καὶ
503 669 572 723 τά
613 669 779 725 λοιπὰ
837 672 1008 744 μόρια
1059 673 1158 728 τοῦ
1221 674 1522 746 σώματος;
1576 671 1701 728 Ἐπὶ
1759 675 1816 729 δὲ
1848 673 1960 729 τῶν

370 759 580 831 νοητῶν
653 763 851 827 ἓνωσις
917 765 1018 834 μὲν
1077 765 1312 836 γίνεται,
1392 766 1681 830 ἀλλοίωσις
1755 767 1813 822 δὲ
1895 769 1958 821 οὐ

372 854 807 924 παρακολουθεῖ’
861 855 924 912 οὐ
975 857 1086 930 γὰρ
1117 857 1333 928 πέφυκε
1381 859 1574 929 νοητὸν
1610 861 1732 914 κατ’
1771 860 1961 916 οὐσίαν

372 946 744 1004 ἀλλοιοῦσθαι.
775 949 889 1004 Καὶ
913 950 1112 1022 ἡψυχὴ
1135 949 1252 1022 ζωὴ
1271 946 1427 1016 οὖσα,
1458 954 1506 1006 εί
1526 954 1583 1006 ἑν
1609 955 1676 1026 τῇ
1700 955 1898 1026 κράσει
1926 955 1961 1026 ἢ

374 1037 564 1092 ἑνώσει
589 1039 974 1110 μετεϐάλλετο,
1012 1043 1285 1116 ἠλλοιώθη
1320 1043 1388 1099 ἂν
1427 1045 1523 1099 καὶ
1573 1045 1675 1099 οὐκ
1712 1043 1782 1118 ἦν
1807 1047 1959 1118 ζωή·

373 1128 426 1181 τί
456 1129 516 1183 δὲ
553 1129 916 1186 συνεϐάλλετο
940 1133 1020 1205 τῷ
1055 1133 1293 1206 σώματι,
1325 1136 1375 1189 εἰ
1405 1135 1483 1208 μὴ
1513 1138 1784 1210 παρεῖχεν
1812 1135 1964 1211 αὑτῷ

374 1220 475 1292 τὴν
503 1219 684 1291 ξωήν;
716 1224 828 1277 Καὶ
863 1224 1072 1296 ἥνωται
1105 1227 1346 1301 τοίνυνή
1382 1228 1532 1300 ψυχὴ
1571 1229 1632 1282 ἐν
1661 1227 1742 1301 τῷ
1778 1228 1966 1302 σῶμα·

373 1325 450 1372 τι,
481 1309 576 1363 καὶ
597 1310 927 1382 ἀσυγχύτως
957 1313 1186 1384 ἥνωται.

449 1401 572 1454 Ὀτι
598 1401 699 1471 μὲν
741 1402 853 1474 γάρ
881 1404 1087 1475 ἥνωται
1118 1407 1396 1463 δείκνυσιν
1427 1411 1460 1482 ἡ
1486 1412 1836 1484 συμπάθειαο
1881 1416 1966 1468 ὅτι

373 1491 431 1544 δὲ
466 1493 562 1546 καὶ
592 1494 905 1566 άσύγχυτος
960 1499 1136 1568 μένει,
1170 1499 1272 1554 οὐκ
1309 1502 1610 1569 ἀγνοεῖται.
1649 1504 1822 1560 Ὅταν
1856 1507 1967 1579 γάρ

375 1599 428 1636 τι
461 1585 583 1638 καθ’
616 1586 790 1640 ἑαυτά
812 1587 921 1640 τῶν
948 1588 1122 1644 ὄντων
1152 1593 1548 1648 ἐπισκέπτεται
1569 1594 1663 1650 τοῦ
1688 1596 1965 1668 σώματος,

375 1673 451 1736 ὡς
475 1669 585 1728 οἷόν
605 1692 665 1728 τε
690 1675 895 1748 ἑαυτὴν
919 1681 1233 1752 χωρίζουσα
1256 1683 1418 1739 τοῦτο
1458 1687 1640 1740 ποιεῖ·
1674 1687 1966 1760 ἀσώματος

377 1763 488 1836 γὰρ
511 1763 669 1834 οὖσα,
696 1769 764 1823 δι’
786 1769 909 1824 ὅλου
937 1771 1262 1845 κεχώρηκεν
1293 1776 1373 1839 είς
1406 1776 1475 1830 τὰ
1501 1779 1925 1852 συνεφθαρμένα
1948 1797 1963 1812 ·

378 1855 478 1909 καὶ
508 1856 710 1924 ἀφεῖσα
740 1858 916 1914 ταῦτα
953 1861 1105 1932 μένει
1137 1863 1468 1936 ἀδιάφθορος
1491 1869 1584 1922 καὶ
1616 1870 1927 1942 ἀσύγχυτος
1948 1887 1963 1904 ο

379 1947 474 2001 καὶ
498 1949 558 2002 τὸ
597 1949 722 2004 καθ’
764 1950 967 2024 ἑαυτὴν
1014 1954 1258 2028 καθαρὸν
1299 1958 1727 2027 ἐνδιασὼζουσα,
1779 1962 1877 2016 καὶ
1907 1964 1966 2018 ἐν

377 2034 462 2104 οἷς
495 2039 724 2114 γένηται
774 2045 1056 2113 τρέπουσα
1085 2048 1228 2102 κατά
1273 2049 1374 2122 τὴν
1404 2051 1610 2124 ἑαυτῆς
1660 2055 1830 2126 ζωὴν,
1871 2056 1967 2110 καὶ

380 2131 474 2185 ὑπ’
502 2133 730 2191 ἐκείνων
763 2136 838 2209 μὴ
869 2140 1207 2213 τρεπομένῳ
1260 2141 1350 2206 Ὠς
1379 2145 1490 2216 γὰρ
1521 2146 1549 2200 ό
1573 2145 1728 2218 ἥλιος
1749 2150 1817 2220 τῇ
1860 2166 1966 2202 πα-

380 2223 576 2298 ρουσίᾳ
604 2226 698 2281 τὸν
727 2228 869 2300 ἀέρα
908 2231 990 2294 είς
1025 2232 1142 2302 φῶς
1190 2235 1544 2304 μετασάλλει,
1597 2239 1770 2293 ποιῶν
1804 2239 1969 2296 αὐτὸν

379 2316 674 2390 φωτοειδῆ,
706 2319 804 2374 καὶ
857 2321 1076 2378 ἑνοῦται
1100 2324 1180 2396 τῷ
1210 2325 1334 2398 ἀέρι
1373 2328 1435 2381 τὸ
1469 2329 1608 2398 φῶς,
1643 2329 1969 2403 ἀσυγχύτως

379 2405 498 2478 ἅμα
525 2409 678 2482 αὐτῷ
711 2412 808 2466 καὶ
837 2415 1158 2486 κεχυμένως
1184 2431 1202 2449 σ
1229 2417 1322 2472 τὸν
1356 2420 1521 2474 αὑτὸν
1550 2422 1755 2493 τρόπον
1808 2425 1904 2479 καὶ
1932 2426 1968 2496 ἡ

377 2498 526 2573 ψυχὴ
589 2503 858 2578 ἑνουμένη
921 2507 1158 2578 σώματι,
1213 2512 1368 2582 μένει
1426 2513 1592 2568 πάλιν
1625 2515 1967 2587 ἀσύγχυτος·

380 2593 523 2646 κατά
552 2593 713 2650 τοῦτο
774 2597 940 2669 μόνον
990 2600 1410 2667 διαλλάττουσα,
1474 2605 1556 2659 ὅτι
1603 2608 1631 2660 ό
1667 2608 1770 2678 μὲν
1817 2609 1970 2680 ἥλιος

381 2682 544 2756 σῶμα
574 2685 670 2753 ὣν,
703 2691 798 2745 κα)⁸
833 2691 986 2764 τόπῳ
1012 2697 1512 2768 περιγραφόμενος,
1541 2700 1643 2755 οὐκ
1673 2699 1789 2757 ἔστι
1826 2720 1970 2757 παν-

2063 691 2169 745 qua
2231 671 2473 728 membra
2525 668 2812 740 corporis?
2853 667 2912 723 in
2963 667 3418 724 intellectualibus
3467 674 3651 722 autem

2063 765 2323 822 adunatio
2357 764 2576 836 quidem
2612 763 2692 828 lit,
2729 760 3041 816 immutatio
3077 770 3264 818 autem
3307 773 3416 814 non
3469 758 3652 828 sequi-

2067 865 2153 910 tur
2176 873 2191 923 ;
2211 851 2576 910 intellectuale
2597 852 2742 907 enim
2773 851 2952 922 quoad
2979 850 3278 906 essentiam
3313 865 3420 905 non
3477 857 3655 903 muta-

2066 958 2173 1002 tur.
2202 945 2266 1001 Et
2312 947 2494 1001 anima
2523 961 2645 1016 quae
2672 943 2783 999 vita
2815 953 2920 1008 est,
2950 943 2996 998 si
3038 942 3092 998 in
3147 940 3536 1011 coagulatione
3561 949 3656 993 aut

2066 1037 2393 1093 adunatione
2418 1034 2674 1099 variaret,
2704 1042 3012 1090 mutaretur
3053 1040 3111 1090 et
3163 1046 3269 1087 non
3317 1039 3464 1088 esset
3518 1033 3651 1086 vita.

2064 1129 2176 1187 Cur
2210 1139 2390 1184 tamen
2425 1126 2642 1198 corpori
2676 1126 3123 1197 coniungeretur,
3159 1124 3248 1179 cui
3286 1137 3394 1179 non
3432 1121 3656 1178 aﬂ‘errct

2068 1223 2234 1276 vitam
2257 1221 2282 1276 ἲ
2304 1221 2491 1291 Itaque
2518 1219 2707 1275 unitur
2748 1219 2926 1274 anima
2954 1216 3170 1288 corpori
3207 1225 3265 1272 et
3317 1216 3526 1286 absque
3573 1212 3657 1268 ιυ-

2067 1315 2220 1369 sione
2256 1313 2468 1366 unitur.

2138 1401 2293 1470 Quod
2319 1401 2464 1457 enim
2496 1396 2738 1465 uniatur,
2775 1399 2935 1456 docet
2966 1397 3311 1470 sympathia;
3349 1395 3494 1466 quod
3523 1408 3652 1449 vero

2067 1488 2273 1564 absque
2315 1491 2542 1549 mistura
2575 1499 2813 1555 maneat,
2875 1489 3226 1546 notissimum
3269 1496 3376 1542 est.
3410 1484 3656 1554 Namque

2069 1585 2161 1641 ubi
2191 1583 2394 1656 aliquid
2415 1581 2559 1655 quod
2589 1595 2685 1654 per
2706 1597 2767 1639 se
2788 1582 2854 1638 ad
2877 1596 3078 1652 corpus
3107 1579 3369 1651 pertinet,
3403 1577 3657 1633 conside-

2070 1686 2175 1745 rat,
2205 1686 2462 1748 quantum
2499 1685 2674 1749 potest
2695 1675 2930 1744 seipsam
2954 1686 3238 1730 removens
3263 1672 3367 1728 hoc
3385 1671 3516 1726 facit
3555 1688 3568 1724 :
3603 1678 3660 1723 at

2069 1771 2391 1840 incorporea
2419 1768 2565 1823 enim
2599 1769 2818 1839 penitus
2857 1767 3001 1822 intra
3032 1774 3294 1835 corrupta
3327 1761 3660 1835 penetravit,

2069 1874 2191 1932 quae
2246 1861 2667 1932 praetermittens
2719 1859 3036 1927 incorrupta
3100 1865 3286 1912 manet
3341 1863 3396 1910 et
3434 1852 3660 1908 mistura

2071 1953 2237 2009 libera
2263 1970 2280 2020 ;
2310 1961 2366 2007 et
2386 1950 2557 2021 ipsius
2581 1953 2871 2022 puritatem
2912 1959 3162 2014 servans,
3189 1954 3245 2002 et
3277 1959 3340 2000 ea
3381 1945 3433 2000 in
3465 1943 3663 2013 quibus

2068 2053 2151 2099 est
2177 2044 2244 2100 ad
2263 2059 2416 2100 suam
2443 2045 2606 2100 vitam
2630 2051 2977 2107 convertens,
3000 2041 3069 2096 ab
3105 2036 3212 2095 illis
3240 2053 3347 2094 non
3373 2051 3658 2092 conversa.
3709 2105 3716 2111 ι

2070 2136 2537 2205 Quemadmodum
2565 2135 2712 2192 enim
2763 2134 2844 2190 sol
2879 2146 3148 2205 apparens
3178 2145 3363 2187 aerem
3403 2129 3459 2184 in
3485 2125 3662 2184 lucem

2071 2235 2418 2293 transmutat,
2445 2235 2502 2282 et
2539 2224 2778 2280 lucidum
2817 2223 2972 2288 facit,
2998 2232 3054 2277 et
3092 2222 3206 2277 acri
3238 2220 3335 2277 lux
3372 2219 3664 2282 adunatur,

2071 2319 2191 2376 sine
2223 2317 2453 2373 mistura
2486 2330 2609 2373 cum
2651 2314 2772 2387 ipso
2795 2313 2958 2369 simul
2991 2323 3044 2369 et
3075 2309 3197 2368 cuni
3231 2307 3469 2377 fusione,
3499 2308 3665 2364 simili

2071 2413 2232 2467 modo
2259 2418 2315 2466 et
2335 2409 2515 2465 anima
2542 2407 2759 2479 corpori
2783 2408 3042 2474 adunata,
3063 2405 3182 2461 sine
3200 2403 3457 2460 mistione
3486 2415 3672 2456 rema-'

2071 2513 2165 2560 net
2195 2519 2211 2572 ;
2243 2502 2298 2558 in
2324 2502 2428 2559 hoc
2452 2509 2660 2556 tantum
2693 2497 2973 2563 ditierunt,
3008 2497 3150 2568 quod
3185 2494 3266 2553 sol
3315 2493 3534 2565 quidem
3570 2479 3666 2562 qul

2072 2609 2272 2666 corpus
2283 2607 2367 2651 est
2383 2594 2574 2650 etloco
2596 2589 3047 2661 circumscriptus
3065 2602 3172 2644 non
3193 2586 3395 2657 ubique
3410 2594 3493 2641 est
3507 2583 3596 2638 ubi
3613 2591 3668 2638 et

2071 2687 2315 2758 ejuslux,
2330 2684 2407 2740 uti
2436 2697 2534 2740 nec
2550 2684 2714 2739 etiam
2733 2680 2913 2754 ignis;
2939 2688 3120 2735 manet
3147 2678 3293 2733 enim
3313 2677 3369 2732 in
3389 2673 3554 2746 lignis
3573 2684 3668 2728 aut

378 2780 550 2851 ταχοῦ
577 2781 706 2836 ἔνθα
734 2783 832 2838 καὶ
855 2785 920 2839 τὸ
945 2787 1065 2856 φῶς
1083 2787 1273 2855 αὐτοῦ,
1305 2789 1382 2853 ὡς
1410 2791 1532 2846 οὐδὲ
1559 2793 1620 2847 τὸ
1635 2793 1749 2867 πῦρ
1771 2812 1786 2828 ο
1815 2796 1968 2867 μένει

2074 2782 2128 2838 in
2150 2777 2658 2867 ellychnio_h:nrens
2678 2775 2820 2832 sicut
2841 2773 2896 2829 in
2916 2771 3038 2829 loco
3061 2789 3076 2826 :
3096 2768 3280 2826 anima
3301 2783 3451 2835 vero,
3480 2775 3671 2837 utpote

380 2872 488 2944 γὰρ
517 2875 611 2929 καὶ
630 2876 764 2930 αὐτὸ
796 2879 855 2931 ἐν
893 2881 1010 2943 τοῖς
1038 2878 1240 2948 ξύλοις,
1274 2882 1306 2954 ἢ
1343 2883 1403 2938 ὲν
1430 2888 1504 2957 τῇ
1524 2856 1968 2957 θρυαλλίδιδεδε-

2075 2856 2541 2944 incorporea,°nec
2566 2869 2620 2925 in
2646 2869 2765 2924 loco
2789 2863 3227 2934 circumscripta,
3249 2872 3363 2918 tota
3381 2876 3606 2934 prorsus
3629 2860 3671 2915 it

381 2963 567 3033 μένον,
599 2965 677 3032 ὡς
716 2970 775 3022 ὲν
804 2969 985 3042 τόπῳο
1012 2973 1046 3044 ἡ
1075 2972 1227 3046 ψυχὴ
1255 2947 1312 3028 si
1346 2947 1644 3046 ἀσώματος
1673 2972 1836 3043 οὖσα,
1878 2981 1968 3034 καὶ

2074 2982 2199 3024 cum
2239 2965 2361 3021 luce
2393 2977 2491 3019 sua
2530 2969 2587 3018 et
2629 2961 2771 3017 bona
2803 2957 3050 3031 corporis
3098 2947 3550 3015 circumscribitf
3568 2967 3672 3007 nec

383 3055 461 3126 μὴ
491 3061 948 3134 περιγραφομένη
978 3065 1039 3118 ὲν
1064 3045 1240 3134 τόπῳ,
1267 3067 1367 3138 ὅλη
1386 3067 1453 3122 δι’
1473 3045 1602 3122 Ϋόλου
1639 3073 1811 3143 χωρεῖ
1833 3072 1968 3143 μετά

2077 3074 2207 3132 pars
2236 3066 2322 3115 est
2342 3055 2411 3111 ab
2432 3070 2497 3112 ea
2519 3053 2851 3118 illuminata,
2879 3051 2933 3107 in
2961 3063 3068 3120 qua
3104 3057 3216 3104 tota
3243 3061 3349 3102 non
3381 3045 3543 3110 adsit,
3564 3058 3669 3099 non

376 3151 474 3206 τοῦ
528 3155 708 3223 φωτὸς
741 3156 936 3229 αὐτῆς,
993 3160 1094 3214 καὶ
1138 3161 1417 3236 γράφεται
1467 3164 1570 3228 τὰς
1629 3137 1847 3231 δύσιας-
1875 3164 1968 3219 τοῦ

2078 3153 2223 3210 enim
2253 3147 2502 3220 corporis
2546 3145 2975 3203 dominationem
3012 3141 3242 3214 patitur,
3280 3139 3374 3195 sed
3403 3137 3517 3209 ipsa
3548 3150 3674 3191 cor-

380 3243 669 3317 σώματοςο
726 3248 823 3304 καὶ
877 3252 980 3307 οὐκ
1036 3229 1380 3326 ἔστίμέρος
1431 3229 1815 3328 φωτιζόμενον
1876 3258 1968 3313 ὕπ’

2078 3260 2179 3315 pus
2211 3241 2549 3304 dominatur,
2573 3237 2842 3310 siquidem
2881 3236 2934 3290 in
2969 3247 3200 3304 corpore
3235 3233 3413 3294 adest,
3440 3229 3677 3284 nousic-

379 3339 576 3411 αὐτῆς,
614 3343 673 3396 ὲν
703 3334 748 3412 ᾧ
780 3343 857 3415 μὴ
912 3345 1010 3417 ὅλη
1070 3320 1338 3418 πάρεστιν
1367 3362 1382 3377 °
1410 3320 1474 3402 οῦ
1518 3320 1660 3419 γὰρ·
1683 3351 1968 3419 κρατεῖται

2078 3348 2137 3394 ut
2190 3336 2244 3392 in
2285 3349 2413 3390 vase
2445 3341 2538 3388 aut
2565 3331 2620 3386 in
2666 3339 2808 3397 utre,
2845 3327 2940 3383 sed
2978 3326 3159 3396 potius
3195 3337 3398 3394 corpus
3427 3321 3479 3376 in
3528 3320 3667 3389 ipsa.

380 3429 489 3484 ὑπὸ
512 3431 610 3485 τοῦ
651 3411 926 3506 σώματος,
969 3411 1088 3491 ἀλλ’
1117 3411 1261 3509 αῦτη
1293 3441 1491 3512 κρατεῖ
1528 3411 1785 3509 τὺνσῶμα
1807 3456 1819 3469 ·
1845 3441 1968 3494 ἐπεὶ

2075 3429 2228 3484 Licet
2262 3425 2409 3482 enim
2469 3423 2741 3494 Propheta
2797 3428 2856 3474 ut
2895 3418 3093 3473 educat
3141 3414 3290 3471 illam
3323 3413 3390 3470 de
3419 3411 3669 3468 custodia

379 3521 502 3576 οὐδὲ
528 3525 588 3577 ὲν
640 3523 720 3596 τῷ
755 3525 974 3598 σώματί
1021 3529 1194 3594 ἐστιν,
1249 3531 1327 3594 ὡς
1383 3532 1442 3584 ὲν
1472 3530 1747 3603 ἀγγείῳῆ
1789 3531 1970 3604 ἀσκῷ,

381 3614 520 3671 ἀλλά
550 3616 753 3688 μᾶλλον
778 3619 840 3672 τδ
868 3619 1029 3692 σῶμα
1060 3623 1118 3676 ὲν
1145 3623 1307 3696 αὐτῇ.
1348 3625 1410 3678 Ei
1432 3624 1542 3696 γάρ
1572 3625 1667 3678 καὶ
1697 3626 1725 3679 6
1755 3625 1975 3698 προφή-

378 3722 480 3776 της
533 3707 827 3778 ἐξαγαγεῖν
883 3711 1057 3785 αὐτὴν
1113 3715 1180 3768 ὲκ
1245 3713 1498 3788 φυλακῆς
1553 3716 1649 3770 τὸν
1683 3716 1822 3772 Θεὸν
1877 3715 1974 3770 εὖ·

380 3815 561 3868 χεται,
592 3801 709 3854 ἀλλ’
739 3802 837 3875 οὐχ
869 3803 947 3868 ὡς
986 3805 1047 3860 τὸ
1093 3807 1255 3877 σῶμα
1296 3807 1455 3871 εἰδὼς
1497 3805 1772 3882 φυλακὴν,
1808 3809 1886 3875 ὠς
1914 3810 1974 3864 ἐν

382 3889 572 3964 ἑξορίᾳ
593 3893 635 3926 ⁶¹
663 3893 722 3950 δὲ
752 3895 848 3950 καὶ
894 3896 1113 3971 φυλακῇ
1160 3901 1220 3954 ὲν
1263 3901 1343 3972 τῷ
1378 3900 1482 3973 βίῳ
1545 3902 1811 3976 ὑπάρχων
1844 3919 1859 3932 ⁸
1895 3902 1972 3975 μὴ

383 3983 708 4055 κωλυόμενα
741 3986 852 4059 γὰρ
882 3988 990 4043 ὑπὸ
1031 3990 1142 4046 τῶν
1181 3993 1457 4064 σωμάτων
1489 3992 1560 4049 τὰ
1585 3996 1776 4066 νοητά,
1833 3994 1973 4050 ἀλλά

383 4077 481 4131 καὶ
513 4077 602 4133 διὰ
643 4081 847 4147 παντὸς
882 4082 980 4139 τοῦ
1013 4084 1266 4158 σώματος
1301 4088 1613 4162 χωροῦντα,
1639 4091 1736 4146 καὶ
1761 4091 1974 4161 διαφοι-

382 4171 586 4235 τῶντα,
616 4172 713 4227 καὶ
737 4173 1029 4243 διεξιόντα,
1081 4180 1184 4252 οὐχ
1208 4176 1300 4236 οἷά
1323 4183 1384 4236 τέ
1415 4183 1563 4237 ἐστιν
1606 4181 1717 4238 ἀπὸ
1749 4183 1846 4237 τοῦ
1881 4183 1976 4238 τό-

383 4280 487 4316 που
521 4267 852 4336 σωματικῶς
893 4271 1247 4343 κατέχεσθαι.
1290 4273 1530 4348 τοιαύτη
1561 4277 1673 4348 γὰρ
1697 4275 1807 4330 τῶν
1840 4294 1970 4349 νοη-

381 4353 490 4406 τῶν
525 4354 684 4424 φύσις
727 4356 1021 4430 ἀσώματος
1053 4360 1148 4416 καὶ
1203 4362 1525 4434 ἀμέριστος,
1568 4361 1664 4416 καὶ
1692 4361 1972 4435 ἀλλήλοις,

382 4445 478 4498 καὶ
508 4445 726 4517 σώματι
756 4449 1072 4522 μίγνυσθαι.
1114 4453 1206 4506 Ἐκ
1229 4454 1427 4507 τούτου
1443 4454 1554 4525 γὰρ
1570 4448 1728 4526 οἶμαι
1750 4454 1845 4508 καὶ
1872 4452 1974 4525 τὴν

2077 3521 2242 3586 Dens,
2265 3527 2538 3588 precetur,
2570 3529 2678 3570 non
2705 3523 2885 3569 tamen
2909 3509 2962 3565 id
2995 3509 3127 3564 dicit
3146 3505 3301 3578 quasi
3345 3520 3544 3576 corpus
3574 3519 3672 3574 pro

2076 3611 2325 3670 custodia
2341 3611 2569 3674 habens,
2599 3606 2694 3664 sed
2712 3613 2770 3660 ut
2787 3603 2841 3658 in
2862 3599 3058 3657 exsilio
3081 3599 3202 3655 etin
3217 3596 3464 3654 custodia
3492 3595 3545 3650 in
3559 3595 3670 3649 vita

2078 3706 2372 3762 exsistens.
2415 3700 2666 3772 Namque
2716 3691 3106 3752 iutellectualia
3150 3706 3258 3746 non
3301 3688 3674 3758 impediuntur

2077 3813 2176 3872 per
2193 3809 2448 3864 corpora,
2474 3793 2569 3848 sed
2589 3800 2646 3847 et
2666 3803 2761 3861 per
2783 3795 2956 3843 totum
2983 3798 3181 3854 corpus
3206 3781 3379 3837 divisa
3402 3789 3455 3835 et
3477 3777 3672 3834 din‘usa

2075 3869 2130 3947 et
2144 3887 2404 3954 errantia,
2418 3880 2921 3958 corporaliterloco
2934 3876 3184 3935 concludi
3205 3883 3504 3945 nequeunt.
3524 3869 3674 3925 Talis

2079 3994 2163 4042 est
2190 3983 2336 4041 enim
2368 3976 2821 4035 intellectualium
2857 3982 3053 4029 natura
3087 3970 3410 4039 incorporea
3452 3972 3510 4022 et
3538 3965 3676 4020 indi-

2083 4076 2223 4140 visa,
2278 4079 2340 4129 ut
2390 4070 2493 4127 sibi
2548 4070 2780 4124 invicem
2833 4073 2889 4122 et
2945 4061 3270 4134 corporibus
3312 4059 3672 4114 misceantur.

2081 4164 2292 4223 Exinde
2320 4163 2465 4219 enim
2492 4160 2689 4231 opinor
2707 4166 2763 4213 ct
2783 4154 3020 4210 animam
3046 4168 3078 4208 a
3103 4151 3438 4208 daemonibus
3461 4149 3672 4211 vexari,

2082 4275 2111 4316 a
2148 4255 2449 4314 ratiociniis
2483 4253 2642 4308 malis
2684 4247 3153 4320 blaSphemiisque
3180 4253 3237 4300 et
3265 4245 3334 4300 ab
3382 4245 3502 4299 istis
3551 4257 3675 4312 quae

2081 4353 2234 4412 nefas
2271 4358 2355 4406 est
2387 4349 2571 4405 dicere
2619 4354 2713 4400 aut
2745 4343 3009 4414 cogitare,
3029 4337 3336 4410 praesertim
3365 4353 3490 4392 cum
3549 4337 3673 4408 quis

2078 4444 2428 4504 Christianus
2461 4447 2567 4496 est.

381 4533 562 4608 ψυχὴν
593 4539 701 4593 ὑπὸ
721 4518 840 4594 τῶν
865 4542 1139 4612 δαιμόνων
1171 4518 1533 4618 πλήττεσθαι,
1564 4518 1671 4601 ὑπὸ
1689 4518 1971 4620 λογισμῶν
2009 4541 2268 4616 πονηρῶν
2299 4538 2398 4594 καὶ
2458 4529 2842 4608 βλασφημιῶν,
2877 4527 2974 4583 καὶ
3033 4519 3110 4582 ὧν
3135 4522 3260 4580 οὖδὲ
3283 4518 3449 4594 θέμις
3471 4521 3671 4584 εἶπεῖνο

380 4629 415 4699 ἢ
445 4631 728 4702 ὲκνοῆσαι,
759 4632 854 4686 καὶ
899 4635 1138 4705 μάλιστα
1193 4638 1524 4709 Χριστιανὸν
1557 4639 1712 4694 ὄντα.

452 4719 565 4794 Τὴν
599 4710 784 4794 μέντοι
823 4704 1127 4781 ἀθανασίαν
1158 4704 1330 4802 αὐτῆς
1357 4729 1454 4784 καὶ
1482 4732 1714 4787 Πλάτων
1765 4734 1830 4788 ὲκ
1873 4730 1968 4786 τοῦ

2150 4721 2323 4780 Porro
2379 4711 2845 4774 immortalitatem
2892 4707 3049 4764 Plato
3097 4721 3166 4764 ex
3199 4705 3317 4778 ejus
3368 4704 3675 4763 mobilitate

381 4813 701 4886 ἀεικινήτου
753 4815 928 4888 αὐτῆς
972 4819 1356 4889 συλλογίξεται
1383 4821 1558 4888 οὕτως
1583 4839 1597 4852 ·
1640 4842 1659 4877 ι
1704 4823 1769 4877 Ἦ
1799 4822 1970 4896 ψυχὴν

384 4903 552 4973 φησιν
581 4941 598 4968 ,
653 4906 969 4978 ἀεικίνητός
999 4910 1116 4963 ἐστι
1148 4925 1163 4940 ·
1206 4911 1266 4966 τὸ
1301 4912 1617 4984 ἀεικίνητον
1659 4912 1930 4970 ἀθάνατον
1955 4931 1972 4949 ⁸

384 4997 420 5065 ὴ
449 4995 600 5068 ψυχὴ
630 4996 740 5068 ἀρα
777 4999 1073 5066 ἀθάνατος.
1121 5001 1234 5056 Καὶ
1278 5003 1467 5076 ἐπειδὴ
1503 5003 1773 5069 ἀθάνατός
1825 5007 1976 5061 ἔστιν

385 5093 419 5160 ὴ
475 5089 664 5164 ψυχὴ,
707 5093 848 5148 τίσιν
904 5095 1134 5165 ἀμοιϐαὶ
1179 5095 1290 5148 τῶν
1342 5094 1562 5167 φαύλων
1612 5097 1708 5152 καὶ
1753 5098 1978 5168 ἀγαθῶν

384 5180 640 5254 πράξεων
669 5198 682 5212 ·
711 5185 763 5238 εί
806 5185 866 5240 δὲ
912 5186 1052 5240 εἰσιν
1080 5187 1332 5256 ἀμοιϐαὶ,
1368 5186 1486 5242 ἔστι
1522 5189 1583 5245 τὸ
1610 5190 1972 5263 δικαζόμενον

383 5273 480 5328 καὶ
508 5273 750 5340 δικάζον·
783 5277 832 5330 εί
859 5277 917 5331 δὲ
963 5278 1164 5332 ἔστιτὸ
1189 5278 1554 5353 δικαζόμενον
1592 5285 1686 5338 καὶ
1719 5283 1968 5352 δικάζον,

381 5362 500 5418 ἔστι
548 5366 853 5438 προνοητὸν
879 5368 978 5422 καὶ
1016 5369 1275 5442 πρόνοια·
1301 5371 1349 5424 εἰ
1380 5371 1439 5426 δὲ
1469 5373 1665 5444 ταῦτα,
1697 5376 1972 5443 ἀθάνατος

381 5455 491 5527 ἄρα
521 5459 554 5529 ἡ
585 5458 758 5532 ψυχή.
797 5478 817 5512 ι

465 5549 525 5605 ’0
556 5551 614 5606 δὲ
641 5552 817 5624 μέγας
837 5553 1119 5620 Βασίλειος
1146 5557 1345 5628 φησιν·
1374 5577 1393 5610 t
1418 5557 1846 5633 Ἀόρατονεῐναι
1871 5565 1965 5619 τὸν

379 5640 518 5696 Θεὸν
549 5643 798 5708 πίστευε,
826 5647 951 5700 ἐπεὶ
974 5647 1074 5701 καὶ
1101 5649 1134 5719 ἡ
1160 5647 1310 5722 ψυχὴ
1345 5652 1579 5724 ἀόρατός
1611 5655 1764 5710 ἐστιν
1798 5673 1814 5688 ·
1840 5656 1969 5713 οὗτε

381 5735 491 5806 γὰρ
514 5735 851 5807 κέχρωσται,
886 5737 1012 5792 οὔτε
1029 5739 1460 5811 ἐσχημάτισται,
1490 5744 1616 5800 οὔτε
1647 5748 1760 5803 τινὶ
1790 5766 1970 5822 χαρα-

383 5826 548 5897 κτῆρι
600 5827 905 5899 σωματικῷ
956 5829 1344 5904 περιείληπται
1372 5850 1388 5868 ο
1419 5834 1540 5890 ἀλλ’
1579 5839 1644 5893 ἐκ
1673 5838 1783 5896 τῶν
1813 5843 1968 5915 ἐνερ-

455 5938 499 5971 ⁸¹
525 5937 715 6013 όξορία
746 5937 881 5998 Cod.
917 5941 982 5997 A.

2073 4814 2332 4871 continua
2353 4807 2574 4865 deducit
2597 4804 2713 4862 sic:
2743 4821 2762 4856 ι
2791 4801 3012 4866 Anima,
3039 4798 3244 4870 inquit,
3273 4798 3532 4854 continue
3556 4811 3674 4852 mo-

2073 4907 2200 4964 bilis
2262 4911 2392 4969 est;
2444 4898 2590 4970 quod
2634 4894 2894 4952 continue
2939 4891 3157 4956 mobile,
3197 4887 3670 4954 est.immortale;

2073 5012 2206 5067 ergo
2223 4994 2404 5051 anima
2445 4987 2793 5047 immortalis.
2816 4985 2886 5041 Et.
2911 4984 2958 5041 si
2991 4981 3322 5039 immortalis
3348 4990 3436 5036 est
3459 4980 3670 5044 anima,

2075 5098 2201 5147 sunt
2225 5085 2615 5143 retributiones
2639 5094 2935 5154 pravarum
2963 5085 3019 5133 et
3053 5075 3323 5132 bonarum
3352 5074 3667 5136 actionum;

2075 5183 2122 5239 si
2148 5189 2278 5238 sunt
2300 5175 2712 5243 retributiones,
2750 5181 2834 5228 est
2859 5168 3163 5242 iudicatum
3191 5174 3248 5222 et
3299 5164 3589 5236 judicans;
3621 5164 3674 5220 si

2077 5284 2163 5332 est
2197 5271 2498 5344 iudicatum
2522 5277 2580 5325 et
2618 5265 2894 5336 judicans.
2927 5270 3014 5318 est
3042 5259 3320 5332 provisum
3377 5267 3432 5314 et
3483 5257 3667 5330 provi-

2078 5365 2248 5431 dens;
2287 5377 2409 5434 qua:
2438 5361 2485 5416 si
2519 5365 2668 5427 sunt,
2698 5353 3024 5413 immortalis
3041 5366 3175 5424 ergo
3198 5351 3403 5408 anima.
3439 5369 3460 5404 ι

2153 5561 2378 5635 Magnus
2434 5572 2566 5618 vero
2619 5555 2854 5614 Basilius
2909 5553 3088 5623 inquit
3149 5570 3166 5608 :
3235 5569 3256 5606 ι
3333 5551 3671 5609 lnvisibilem

2077 5655 2241 5711 crede
2259 5655 2452 5718 Deum,
2480 5664 2604 5705 cum
2639 5658 2694 5704 et
2717 5646 2898 5702 anima
2925 5643 3214 5700 invisibilis
3240 5644 3342 5699 sit:
3376 5659 3476 5701 nec
3522 5645 3670 5702 enim

2077 5745 2260 5802 colore
2289 5759 2392 5801 nec
2429 5740 2770 5816 paramentis
2790 5745 3042 5805 ornatur,
3076 5751 3177 5792 nec
3216 5736 3411 5806 quovis
3467 5737 3670 5792 cbara~

2073 5849 2226 5896 ctcre
2245 5849 2510 5910 corporeo
2534 5832 2852 5898 iucluditur,
2880 5829 2975 5887 sed
2999 5843 3067 5886 ex
3091 5827 3314 5901 energia
3343 5837 3553 5886 tantum
3583 5827 3666 5886 di-
