4142 6472
499 406 640 463 1299

1808 407 2087 465 MELETII
2129 409 2439 468 MONACHI

3615 409 3756 470 1300

490 521 772 593 guoscilur
806 537 967 592 quam
1001 523 1267 593 duplicem
1291 523 1454 578 habet
1483 523 1633 594 juxta
1666 523 2074 579 similitudinem

2185 524 2349 594 γειῶν
2378 524 2706 596 γνωρίζεται
2746 523 2910 595 μόνον
2936 540 2950 556 ·
2996 524 3111 594 ἔχει
3159 523 3216 578 δὲ
3244 523 3440 590 διπλᾶς
3471 527 3760 597 ἐνεργείας

491 613 588 668 Dei
629 612 784 682 cujus
820 614 1000 684 imago
1029 624 1145 670 est:
1169 614 1437 684 duplicem
1460 615 1602 668 enim
1631 615 1772 670 Deus
1794 615 2067 686 euergiam

491 704 996 774 hahetintelligendi
1020 716 1212 760 cuncta
1237 719 1356 774 qua:
1382 712 1528 772 sunt,
1552 713 1608 758 et
1638 704 1834 773 quibus
1857 720 1956 760 nos
1987 704 2072 758 in-

491 795 737 864 digemus
757 795 1091 865 providendi.
1117 793 1207 848 Sic
1234 809 1363 863 ergo
1387 795 1651 849 etauimaa
1675 804 1804 850 sunt
1827 795 2070 864 duplices

489 887 745 956 energima,
770 887 890 941 alia:
914 885 1328 955 intellectuales,
1349 887 1556 942 scilicet
1585 902 1755 951 mens,
1777 887 1978 956 opinio,
1997 887 2071 941 in-

494 979 810 1046 telligentia,
828 979 1163 1048 imaginatio;
1181 979 1302 1033 alia:
1318 978 1512 1033 vitales
1525 989 1580 1032 ct
1597 979 2070 1048 concupiscibiles,

492 1071 697 1125 scilicet
729 1070 998 1136 voluntas,
1021 1072 1237 1139 cupido,
1262 1071 1613 1125 desiderium.
1637 1071 1744 1125 Sed
1770 1071 2068 1126 secundum

492 1161 707 1216 vitalem
732 1162 837 1216 vim
869 1164 1082 1233 corpori
1108 1163 1492 1217 commiscetur
1521 1163 1701 1216 anima
1722 1162 1946 1233 physice
1976 1177 2073 1231 per

490 1253 966 1321 compositionem,
999 1263 1054 1308 et
1085 1269 1190 1307 non
1230 1269 1295 1308 ex
1318 1253 1598 1324 preposito
1629 1253 1834 1324 dirigit.
1870 1241 2073 1320 Quem-

492 1343 780 1398 admodum
841 1344 986 1399 euim
1027 1343 1196 1400 solem
1251 1344 1587 1415 impossibile
1633 1354 1720 1400 est
1769 1344 2066 1416 fulgentem

493 1449 597 1487 non
628 1432 680 1487 id
705 1433 1014 1490 illuminare
1057 1449 1219 1503 super
1249 1440 1395 1506 quod
1440 1434 1678 1505 fulgores
1717 1435 1965 1500 irradiat,
1994 1436 2074 1492 sic

492 1525 728 1580 animam
760 1525 1093 1596 impossibile
1108 1537 1190 1582 est
1225 1528 1589 1582 uouanimare
1611 1537 1666 1582 et
1691 1527 1868 1582 vivum
1894 1527 2075 1583 facere

491 1633 690 1688 corpus
712 1619 800 1672 cui
830 1619 990 1674 inest.
1021 1619 1454 1690 Contemplativa
1478 1628 1656 1674 autem
1692 1620 1775 1675 vis
1804 1621 1856 1674 in
1880 1634 2075 1688 propo-

492 1711 601 1764 sito
651 1721 859 1765 motum
907 1711 1091 1765 habet.
1137 1711 1350 1765 Etenim
1381 1711 1627 1781 corporis
1659 1710 1875 1781 quidem
1928 1713 2075 1767 visus

492 1798 706 1864 oculus,
742 1800 937 1854 anima:
985 1816 1112 1855 vero
1157 1802 1305 1856 visus
1364 1801 1466 1870 ipsi
1508 1802 1692 1856 innata
1740 1816 1932 1867 meus;
1976 1801 2072 1855 sed

495 1905 600 1944 non
631 1890 769 1946 sicut
803 1891 948 1945 aliud
991 1893 1044 1946 in
1089 1891 1217 1956 alio,
1256 1892 1350 1948 sed
1398 1907 1564 1946 unum
1616 1891 1870 1962 idemque
1891 1892 2074 1946 anima

491 1991 576 2037 est
618 1991 674 2037 et
709 1999 862 2040 mens
911 2002 924 2040 :
987 1985 1069 2040 vis
1125 1986 1372 2055 quaedam
1429 1985 1673 2056 physica,
1719 2001 1817 2041 nec
1873 1985 2072 2042 rationi

492 2076 687 2131 anima:
715 2087 994 2133 extranea.
1030 2095 1050 2130 ι

561 2255 927 2314 Aristoteles:
970 2274 992 2310 ι
1042 2256 1213 2324 Mens,
1260 2265 1528 2325 quatenus
1573 2265 1653 2312 est
1686 2253 1940 2323 facultas,
1966 2271 2072 2311 una

493 2362 616 2404 cum
647 2347 866 2402 homine
900 2347 1145 2403 nascitur
1169 2348 1376 2413 ;activa
1406 2355 1588 2404 autem
1619 2346 1689 2402 ab
1719 2357 1872 2403 extra
1895 2349 1948 2402 in
1977 2361 2075 2403 nos

493 2439 594 2494 sub
621 2440 785 2504 intra,
818 2450 873 2495 et
895 2448 1100 2494 natura)
1131 2439 1414 2494 scientiam
1446 2448 1502 2495 et
1531 2439 1895 2509 cognitionem
1947 2453 2073 2508 pro-

495 2531 659 2587 vehit.
703 2531 842 2604 Ergo
903 2547 1058 2589 mens
1111 2541 1298 2586 nostra
1336 2531 1636 2602 perfectum
1689 2532 1820 2601 quid
1879 2540 1964 2586 est
2020 2539 2075 2586 et

493 2621 822 2693 principale;
854 2621 948 2677 sed
999 2622 1192 2677 anima:
1220 2632 1278 2678 et
1305 2621 1548 2691 corporis
1600 2635 1697 2692 per
1747 2623 1990 2678 scientia:
2022 2631 2077 2676 et

490 2713 948 2770 considerationis
983 2728 1352 2784 progressum.
1389 2732 1410 2766 ι

569 2893 721 2948 Plato
759 2903 941 2948 autem
992 2893 1173 2948 dicere
1219 2908 1326 2948 non
1369 2893 1604 2957 videtur,
1628 2891 1904 2946 hominem
1951 2905 2078 2946 esse

497 2993 790 3053 utrumque
843 2983 1081 3037 animam
1111 2993 1166 3036 et
1196 2997 1416 3051 corpus,
1441 2983 1537 3038 sed
1565 2983 1805 3036 animam
1831 2981 1920 3036 tali
1952 2995 2075 3036 cor-

497 3089 628 3143 pore
674 3083 938 3138 utentem,
976 3074 1388 3129 convenientius
1436 3073 1821 3144 philosophans
1877 3074 1945 3128 de
1977 3074 2074 3128 ho-

498 3167 664 3232 mine,
692 3177 746 3220 et
775 3179 872 3221 uos
905 3180 1163 3220 revocans
1205 3165 1272 3219 ad
1313 3164 1481 3220 solam
1516 3165 1710 3220 animae
1737 3164 2075 3221 divinitatem

497 3268 554 3314 et
588 3273 798 3323 curam,
836 3267 893 3311 ut
931 3258 1024 3326 qui
1056 3257 1212 3312 nobis
1253 3256 1387 3326 ipsis
1427 3258 1665 3311 animam
1721 3271 1846 3314 esse
1894 3258 2084 3312 creda-

501 3364 642 3417 tnus,
677 3350 874 3406 auitme
925 3350 1065 3404 bona
1119 3350 1490 3420 insequamur,
1527 3349 1756 3404 virtutes
1801 3359 1855 3404 et
1913 3349 2084 3419 pieta-

503 3453 637 3506 tem,
669 3456 768 3496 uec
800 3441 1048 3512 corporis
1105 3442 1583 3512 concupiscentias
1624 3441 1916 3511 diligamus
1965 3457 2084 3511 qua:

502 3550 612 3591 non
665 3534 902 3590 hominis
953 3544 1082 3591 sunt
1126 3535 1220 3590 sed
1268 3534 1518 3591 animalis
1564 3534 2085 3606 principalitet'qui-

503 3630 647 3696 dem,
679 3628 1002 3685 secundario
1041 3643 1169 3683 vero
1193 3628 1449 3684 hominis.

578 3804 736 3862 Hunc
760 3805 936 3861 locum
968 3806 1202 3875 quodam
1257 3807 1344 3860 die
1401 3805 1775 3876 philosomiice
1803 3807 1898 3861 sed
1943 3807 2087 3862 male

509 3907 752 3954 tractans
779 3898 1180 3962 Ambraciotes,
1232 3912 1394 3966 quam
1434 3897 1700 3968 optimum
1731 3899 1928 3953 anima:
1979 3900 2086 3955 sita

509 4004 740 4060 corpore
787 3992 1081 4060 separatio,
1139 3990 1279 4045 saltu
1330 3991 1382 4044 in
1414 4005 1565 4046 mare
1629 4005 1689 4046 se
1727 3990 1959 4061 proiecit
2004 3991 2086 4046 sui

511 4083 686 4151 ipsius
736 4082 1006 4138 homicida
1039 4083 1241 4149 fastus,
1276 4083 1417 4139 sicut
1443 4082 1751 4153 Theologus
1788 4082 2086 4154 Gregorius

508 4176 585 4233 ait
617 4194 630 4232 :
662 4194 680 4228 ι
716 4176 1045 4234 Cleombroti
1069 4177 1438 4234 Ambraciotis
1458 4162 1630 4234 saltus
1656 4176 1712 4232 in
1743 4191 1997 4233 sermone
2021 4178 2090 4233 de

509 4270 689 4330 anima
717 4270 1094 4342 philosophice
1131 4279 1444 4339 tractatus,»
1482 4271 1622 4327 sicut
1651 4278 1709 4328 et
1739 4270 1867 4326 alibi
1907 4271 2038 4330 dicit
2070 4289 2084 4325 :

516 4381 536 4415 ι
584 4361 826 4433 Namque
856 4363 1038 4418 anima
1071 4363 1288 4432 quidem
1326 4361 1561 4418 femineo
1590 4363 1812 4421 nomine
1838 4374 2087 4428 vocatur,

2176 617 2320 670 κατά
2355 615 2588 685 μίμησιν
2621 614 2779 679 Θεοῦ,
2812 615 2888 678 ὠς
2914 613 3079 667 είκὼν
3109 609 3248 668 οὖσα
3280 613 3468 669 αὑτοῦ.
3501 615 3614 669 Καὶ
3645 616 3759 687 γὰρ

2173 706 2203 757 6
2236 704 2368 767 Θεὸς
2391 705 2586 767 διπλᾶς
2618 703 2732 774 ἔχει
2776 704 2876 768 τὰς
2907 705 3210 775 ἐνεργείας.
3243 705 3354 769 Τὰς
3391 705 3491 776 μὲν
3520 721 3757 774 γνωστι-

2175 799 2280 862 κάς
2312 799 2536 852 πάντων
2550 797 2661 850 τῶν
2689 795 2880 862 όντων,
2902 796 3003 859 τάς
3025 796 3082 848 δὲ
3109 795 3482 868 προνοητικάς
3512 795 3622 850 τῶν
3652 813 3757 850 κα-

2173 891 2546 960 ταδεεστέρων
2573 889 2762 960 ήμῶνο
2795 887 2970 951 οὕτως
2991 887 3085 940 οῦν
3113 888 3208 941 καὶ
3231 887 3334 958 τῆς
3359 887 3540 958 ψυχῆς
3568 887 3760 953 ,διτταί

2175 986 2314 1038 είσιν
2349 984 2655 1055 ἐνέργειαιο
2685 983 2745 1036 αί
2783 981 2884 1052 μὲν
2912 982 3235 1050 γνωστικαὶ,
3268 975 3383 1035 οἷον
3414 980 3564 1045 νοῦς,
3599 980 3758 1046 δόξα,

2172 1074 2405 1139 διάνοια,
2434 1072 2710 1142 φαντασία
2735 1087 2752 1104 ο
2803 1074 2858 1124 αἱ
2893 1073 2951 1125 δὲ
2995 1071 3228 1136 ζωτικαῖ
3267 1069 3362 1124 καί
3407 1070 3701 1141 ὀρεκτικαί
3739 1086 3757 1100 ·

2172 1160 2309 1228 οἷον,
2337 1164 2616 1236 βούλησις,
2657 1163 2830 1234 θυμὸς
2874 1165 2968 1217 καὶ
3001 1163 3287 1234 ἐπιθυμία.
3329 1161 3490 1216 Ἀλλὰ
3520 1161 3622 1233 τὴν
3655 1160 3757 1230 μὲν

2175 1255 2417 1325 ζωτικὴν
2447 1255 2679 1325 δύναμιν
2706 1252 3180 1324 ἑπισυγκέκραται
3201 1251 3280 1323 τῷ
3302 1251 3518 1321 σώματι
3549 1251 3584 1321 ἡ
3605 1249 3758 1320 ψυχὴ

2175 1347 2426 1420 φυσικῶς
2449 1346 2540 1400 διά
2554 1345 2652 1417 τὴν
2678 1343 3011 1416 σύγκρασιν,
3040 1345 3135 1397 κα)⁴
3162 1344 3265 1396 οὐκ
3288 1343 3354 1395 ἐκ
3376 1342 3756 1412 προαιρέσεως

2175 1440 2424 1512 χορηγεῖ.
2461 1439 2635 1492 Ὠσπε
2645 1455 2676 1508 ρ
2701 1436 2811 1508 γὰρ
2840 1435 2993 1506 ἥλιον
3017 1435 3116 1506 οὐχ
3137 1429 3249 1488 οἷόν
3271 1450 3333 1487 τε
3364 1433 3758 1502 έπιλάμψαντα

2179 1534 2254 1605 μὴ
2287 1533 2525 1602 φωτίσαι
2563 1530 2726 1584 τοῦτο
2756 1529 2879 1583 καθ’
2911 1522 2973 1583 οἵ»
3003 1529 3103 1592 τὰς
3147 1527 3321 1595 αύγάς
3344 1526 3600 1597 ἢνεγκεν,
3629 1523 3757 1578 οὔτε

2173 1625 2357 1695 ψυχὴν
2415 1624 2700 1694 ἀμήχανον
2756 1620 2832 1692 μὴ
2882 1621 3175 1688 ζωογονεῖν
3214 1618 3310 1672 καὶ
3357 1617 3644 1680 ζωοποιεῖν
3695 1614 3760 1668 τὸ

2179 1714 2359 1786 σῶμα,
2388 1706 2434 1781 ᾧ
2490 1712 2556 1768 ἀν
2601 1712 2915 1782 ἐγγένηται.
2951 1711 3017 1764 Ἠ
3069 1709 3128 1764 δὲ
3167 1708 3484 1779 θεωρητικὴ
3525 1707 3761 1777 δύναμις

2178 1806 2238 1858 ὲν
2271 1803 2594 1876 προαιρέσει
2655 1801 2769 1871 ἔχει
2805 1801 2906 1872 τὴν
2968 1800 3205 1869 κίνησιν.
3243 1798 3440 1869 Βλέψις
3498 1797 3600 1870 μὲν
3641 1796 3758 1867 γὰρ

2179 1894 2276 1950 τοῦ
2296 1894 2548 1967 σώματος
2565 1894 2868 1966 ὀφθαλμὸς,
2883 1895 3074 1965 ὅρασις
3087 1891 3143 1945 δὲ
3161 1891 3260 1962 τῆς
3271 1891 3450 1962 ψυχῆς
3465 1891 3492 1942 6
3506 1889 3764 1960 συμφυὴς

2181 1987 2319 2057 αὐτῇ
2351 1985 2478 2050 νοῦς
2497 2003 2510 2016 ·
2547 1985 2663 2040 ἀλλ’
2690 1986 2790 2055 οὐχ
2821 1986 2899 2048 ὡς
2926 1983 3114 2055 ἕτερον
3137 1985 3194 2035 έν
3224 1981 3420 2052 ἑτέρῳ,
3454 1979 3595 2034 ἀ).λά
3624 1979 3761 2033 ταύ-

2179 2078 2270 2132 τδν
2295 2077 2442 2149 ψυχή
2472 2095 2531 2132 τε
2557 2077 2652 2132 xal
2688 2076 2815 2140 νοῦς
2835 2093 2849 2108 ·
2879 2076 3110 2146 δύναμις
3148 2075 3413 2144 ὑπάρχων
3442 2071 3650 2142 φυσική
3678 2087 3763 2134 τις

2180 2155 2276 2224 καὶ
2301 2170 2402 2223 οὐκ
2431 2169 2763 2232 ἐπείσακτος
2791 2166 2868 2240 τῷ
2897 2165 3196 2238 λογιστικῷ
3221 2165 3324 2235 τῆς
3354 2162 3557 2234 ψυχῆς.
3595 2181 3614 2215 ι

2265 2261 2324 2316 '0
2370 2261 2428 2314 δὲ
2499 2259 2901 2332 Ἀριστοτέλης,
2965 2277 2983 2311 ι
3030 2259 3136 2313 Τὸν
3195 2259 3296 2329 μὲν
3352 2257 3582 2326 δυνάμει
3635 2253 3762 2308 νοῦν

2181 2353 2734 2425 συγκατεσκευάσθαι
2792 2352 2870 2423 τῷ
2901 2351 3176 2423 ἀνθρώπῳ
3197 2367 3211 2382 °
3239 2350 3333 2404 τὸν
3381 2349 3440 2403 δὲ
3495 2347 3693 2418 ὲνεργῆ
3716 2344 3762 2376 ⁸³

2181 2447 2416 2520 θύραθεν
2441 2448 2574 2518 ἡμῖν
2609 2445 2940 2509 ύπεισιέναι,
2969 2445 3085 2500 ἀλλ’
3111 2445 3192 2508 είς
3213 2441 3500 2514 προκοπὴν
3523 2440 3622 2510 τῆς
3650 2437 3763 2492 τῶν

2182 2540 2432 2611 φυσικῶν
2454 2540 2712 2609 γνώσεως
2741 2540 2838 2593 καὶ
2875 2537 3111 2608 Θεωρίας
3150 2533 3598 2606 συμϐαλλόμενον
3626 2549 3639 2562 ο
3666 2529 3762 2584 τέο

2180 2633 2328 2686 λειον
2367 2628 2463 2685 οὖν
2492 2632 2521 2684 6
2549 2629 2823 2701 ἡμέτερος
2865 2626 2990 2689 νοῦς
3017 2626 3112 2682 καὶ
3161 2621 3494 2696 ἡγεμονικόν
3518 2621 3562 2654 ⁸³
3584 2635 3599 2650 ·
3621 2618 3762 2673 ἀλλά

2180 2724 2358 2797 ψυχῆς
2387 2723 2483 2776 καὶ
2513 2721 2767 2792 σώματος
2797 2718 2887 2773 διὰ
2915 2720 3016 2787 τὴν
3045 2714 3335 2787 προκοπὴν
3373 2712 3476 2783 τῆς
3505 2709 3764 2781 γνώσεως

2181 2817 2279 2870 καὶ
2308 2812 2569 2884 θεωρίας.
2612 2829 2631 2864 ι

2254 2904 2483 2960 Πλάτων
2514 2904 2571 2958 δὲ
2597 2902 2657 2956 ού
2681 2903 2835 2956 δοκεῖ
2857 2900 3064 2969 λέγειν,
3094 2897 3187 2952 τὸν
3210 2895 3503 2967 ἄνθρωπον
3535 2889 3677 2947 εῖναι
3699 2889 3764 2944 τὸ

2185 2993 2596 3064 συναμφότερον
2620 2989 2800 3062 ψυχὴν
2849 2991 2944 3044 καὶ
2975 2988 3158 3059 σῶμα,
3190 2985 3327 3040 ἀλλά
3348 2984 3528 3056 ψυχὴν
3550 2981 3764 3053 σώματι

2181 3083 2371 3156 τοιῷδε
2395 3082 2710 3154 χρωμένην,
2739 3080 3237 3152 ἀξιοπρεπέστερον
3259 3075 3670 3146 φανταζόμενος
3695 3071 3767 3130 τὰ

2186 3177 2328 3232 κατά
2355 3175 2448 3229 τὸν
2505 3173 2830 3244 ἄνθρωπονο
2883 3171 2980 3226 καὶ
3031 3169 3194 3234 αὐτὸς
3232 3169 3382 3240 ἡμᾶς
3416 3164 3767 3237 ἐπιστρέφων

2185 3267 2276 3320 ἐπὶ
2301 3263 2402 3336 τὴν
2451 3263 2550 3333 τῆς
2587 3261 2767 3332 ψυχῆς
2802 3261 2974 3332 μόνην
3005 3259 3262 3328 θειότητα
3291 3257 3387 3311 καὶ
3412 3253 3762 3327 ἐπιμέλειαν,

2188 3354 2276 3408 ἵνα
2319 3353 2417 3424 τὴν
2450 3351 2632 3422 ψυχὴν
2684 3351 2903 3413 ἑαυτοῖς
2947 3343 3088 3402 εἶναι
3143 3345 3516 3410 πιστεύοντες,
3549 3343 3622 3397 τὰ
3662 3341 3768 3412 τῆς

2183 3443 2368 3515 ψυχῆς
2412 3441 2597 3509 ἀγαθά
2638 3439 3091 3510 μεταδιώκωμεν,
3131 3437 3232 3502 τάς
3260 3436 3464 3509 ἀρετὰς
3518 3434 3615 3489 καί⁵
3665 3432 3770 3507 τὴν

2188 3537 2473 3590 εὐσέϐειαν
2491 3551 2506 3566 ·
2543 3534 2637 3589 καὶ
2669 3532 2746 3604 μὴ
2769 3533 2868 3596 τὰς
2897 3532 2990 3586 τοῦ
3018 3530 3276 3602 σώματος
3298 3528 3600 3599 ἐπιθυμίας
3628 3528 3762 3596 ἀγα·

2188 3629 2481 3699 πήσωμεν,
2515 3625 2592 3688 ὡς
2621 3625 2722 3678 οὐκ
2751 3623 2918 3686 οὔσας
2963 3620 3286 3693 ἀνθρώπου,
3317 3618 3458 3673 ἀλλὰ
3488 3616 3631 3682 ζώου
3665 3617 3769 3689 μὲν

2190 3713 2641 3793 προηγουμένως,
2677 3717 2968 3790 ἀνθρώπου
3003 3715 3060 3771 δὲ
3090 3715 3395 3786 ἑπομένως.

2197 3813 2204 3819 ’
2259 3811 2462 3864 Τοῦτον
2521 3811 2612 3863 τὸν
2660 3810 2820 3878 λόγον
2875 3808 3249 3880 φιλοσοφήσας
3311 3805 3446 3860 ποτὲ
3506 3803 3694 3867 κακῶς
3740 3806 3774 3858 6

2202 3901 2650 3974 Ἀμϐρακιώτης,
2669 3903 2744 3963 ὡς
2775 3899 3138 3972 ἄμεινόνὲστι
3162 3901 3227 3970 τῇ
3251 3898 3398 3969 ψυχῇ
3428 3897 3457 3950 6
3486 3895 3772 3968 χωρισμὸς

2190 3995 2284 4049 τοῦ
2321 3994 2596 4064 σώματος,
2628 3993 2858 4064 πήδημα
2897 3993 3219 4057 ἀπετέλεσε,
3257 3990 3420 4061 φόνου
3449 3989 3631 4061 ἐαυτῷ
3677 4005 3775 4058 γε-

2191 4089 2418 4163 νόμενος
2443 4086 2640 4150 αἴτιος,
2677 4083 2863 4148 καθὼς
2905 4085 2933 4138 6
2965 4083 3231 4154 Θεολόγος
3249 4083 3555 4154 Γρηγόριός
3588 4097 3769 4152 φησι·

2198 4200 2216 4234 ι
2249 4182 2324 4234 Τὸ
2344 4179 2732 4250 Κλεομϐρότου
2764 4177 2996 4248 πήδημα
3020 4176 3116 4228 τοῦ
3167 4173 3585 4246 ’Δμϐρακιώτου
3623 4173 3686 4226 τί)
3710 4174 3772 4225 έν

2189 4270 2269 4343 τῷ
2300 4269 2430 4341 περὶ
2458 4268 2640 4342 ψυχῆς
2669 4267 2815 4338 λόγῳ
2846 4266 3210 4338 φιλοσοφηθὲν
3248 4284 3294 4330 ι,
3317 4265 3393 4328 ὡς
3421 4264 3514 4318 καὶ
3534 4260 3772 4333 ἀλλαχοῦ

2194 4378 2369 4435 φησι·
2418 4379 2436 4413 t
2472 4361 2634 4431 Ψυχὴ
2671 4360 2770 4430 μὲν
2825 4358 2934 4429 γὰρ
2979 4358 3206 4428 ὀνόματι
3229 4354 3470 4426 ,θηλυκῷ
3501 4370 3778 4427 προσαγο-

511 4456 580 4511 ab
613 4457 760 4510 omni
797 4470 926 4510 vero
980 4453 1214 4509 {eniineo
1245 4469 1395 4510 more
1438 4465 1494 4509 et
1525 4461 1719 4508 natura
1751 4454 2026 4522 discrepat
2073 4471 2079 4509 :

2197 4459 2438 4531 petierat,
2467 4454 2649 4523 πάσης
2678 4453 2735 4507 δὲ
2761 4450 3160 4522 θηλυδριὼδους
3187 4449 3406 4519 φύσεως
3431 4446 3778 4518 ἀφέστηκενδ

512 4562 614 4602 nec
637 4547 1014 4612 masculinum,
1037 4563 1135 4602 nec
1154 4546 1444 4601 femineum
1471 4546 1599 4614 quid
1624 4545 1860 4600 essentia
1886 4545 2048 4599 habet
2074 4561 2079 4598 :

2197 4548 2321 4602 οὔτε
2353 4547 2544 4618 apem,
2574 4544 2700 4600 οὔτε
2722 4544 2860 4613 θῆλυ
2884 4543 3008 4599 κατ’
3031 4541 3226 4597 οὐσίαν
3251 4541 3598 4611 ὑπάρχουσα.
3629 4536 3780 4591 Ἀλλ’

513 4639 658 4698 Deus
689 4641 905 4708 quidem
930 4641 1000 4712 ei
1056 4639 1240 4692 lumen
1268 4654 1426 4692 suum
1460 4638 1726 4699 immittit,
1757 4637 1869 4703 ipsa
1906 4647 2079 4692 autem

2193 4642 2222 4694 6
2260 4640 2357 4710 μὲν
2399 4637 2535 4700 Θεὸς
2582 4635 2885 4706 ἐπιλάμπει
2935 4634 3073 4705 αὐτῇ
3129 4632 3224 4686 τὸν
3274 4629 3582 4702 φωτισμὸν,
3624 4630 3660 4700 ἡ
3711 4629 3776 4683 δὲ

516 4726 851 4784 illuminatur
883 4728 1067 4796 :quod
1093 4726 1239 4780 enim
1267 4726 1616 4782 sensibilihus
1648 4725 1752 4792 sol,
1795 4726 1896 4781 hoc
1924 4727 2079 4796 spiri-

2194 4730 2571 4799 ἐπιλάμπεται
2591 4744 2606 4758 ο
2639 4729 2779 4798 ὅπερ
2827 4726 2936 4798 γάρ
2969 4727 3085 4778 ἐστι
3119 4726 3234 4788 τοῖς
3279 4722 3562 4794 αἰσθητοῖς
3593 4718 3777 4792 ἥλιος,

517 4819 750 4878 tualihus
779 4831 858 4875 est
896 4820 1037 4874 Deus
1063 4831 1078 4869 :
1110 4816 1376 4875 visibilem
1405 4817 1492 4871 ille
1521 4817 1780 4873 mundum
1803 4817 2079 4874 illuminat

2194 4822 2356 4877 τοῦτο
2383 4823 2498 4884 τοῖς
2521 4820 2735 4890 νοητοῖς
2767 4817 2900 4880 Θεός
2929 4836 2944 4848 ν
2977 4819 3006 4870 6
3044 4816 3144 4886 μὲν
3194 4814 3304 4885 γὰρ
3350 4812 3443 4867 τὸν
3493 4809 3782 4883 ὁρώμενον

513 4893 609 4966 hic
639 4910 987 4964 invisibilem.
1022 4907 1320 4964 Invisibilis
1340 4923 1469 4978 ergo
1518 4909 1723 4969 anima.
1749 4907 1867 4964 Non
1906 4911 2017 4964 Deo
2041 4924 2079 4962 ei

2197 4914 2402 4982 κόσμον
2442 4911 2686 4980 φωτίζει,
2716 4912 2744 4965 6
2775 4909 2834 4963 δὲ
2860 4909 2950 4962 τὸν
2998 4909 3234 4978 ἀόρατον
3261 4923 3277 4938 °
3311 4905 3548 4976 ἀόρατος
3581 4903 3690 4974 ἄρα
3746 4905 3783 4973 ὴ

516 5003 746 5074 angelis,
779 5000 874 5056 sed
907 5000 1062 5060 nobis
1090 5001 1344 5056 omnibus
1369 5001 1481 5054 Iulo
1509 5000 1810 5070 plasmatis,
1837 5002 1930 5072 qui
1960 5016 2079 5070 par-

2199 5006 2366 5078 ψυχὴ,
2401 5003 2525 5075 οὐχὶ
2573 5003 2651 5075 τῷ
2682 5001 2804 5075 Θεῷ
2837 5002 2933 5056 καὶ
2965 4999 3245 5069 ἀγγέλοις,
3275 4999 3389 5052 ἀλλ’
3420 4999 3552 5068 ἡμῖν
3575 4998 3687 5057 τοῖς
3716 4995 3786 5047 ὲκ

518 5110 617 5149 vus
669 5094 1040 5162 unusquisque
1092 5094 1321 5147 mundus
1369 5093 1544 5151 vocati
1568 5108 1756 5148 sumus
1804 5111 1818 5147 :
1856 5093 2092 5151 mundus

519 5194 698 5241 autem
744 5194 938 5242 cuncta
977 5185 1028 5238 in
1069 5199 1128 5240 se
1181 5183 1434 5253 dispesita
1495 5193 1550 5238 et
1586 5184 1834 5242 ordinata
1890 5185 2092 5258 habet;

524 5277 780 5332 mundum
818 5291 945 5332 vero
974 5293 1202 5347 parvum
1225 5277 1504 5353 hominem
1535 5277 1742 5342 dicunt,
1771 5276 1992 5335 relative
2029 5276 2096 5331 ad

523 5371 837 5424 seusibilem
868 5380 924 5424 et
958 5385 1209 5440 magnum
1243 5370 1525 5424 mundum.
1574 5369 1827 5422 Attamen
1871 5383 2100 5437 magnus

525 5461 626 5516 iste
665 5461 790 5516 licet
851 5461 922 5515 sit
948 5471 1003 5516 et
1056 5460 1342 5523 laudabilis
1390 5469 1447 5514 et
1505 5459 1600 5520 Dei
1641 5457 1864 5530 gloriam
1912 5469 2100 5528 poten-

527 5552 765 5620 tiamqne
791 5569 1059 5609 enarratis
1090 5564 1144 5608 et
1173 5556 1374 5614 docens
1401 5551 1644 5626 quotidie
1701 5560 1954 5621 tanquam
1983 5551 2096 5606 lau-

2203 5095 2382 5167 πηλοῦ
2416 5095 2553 5149 πᾶσι
2579 5092 3015 5164 διηρτισμένοις·
3048 5090 3096 5142 οἱ
3126 5088 3184 5142 δὲ
3231 5085 3430 5158 μικρὸν
3461 5087 3490 5139 6
3528 5083 3650 5138 καθ’
3681 5082 3783 5135 ἕνα

2203 5187 2606 5258 ὠνομάσθημεν
2633 5184 2866 5255 κόσμος·
2919 5182 3126 5252 κόσμος
3172 5179 3250 5244 δὲ,
3295 5179 3324 5232 6
3351 5177 3531 5232 πάντα
3564 5177 3619 5229 ὲν
3649 5175 3782 5228 ἑαυ-⁵

2203 5281 2285 5352 τῷ
2303 5278 2704 5347 διατεταγμένα
2728 5275 2869 5346 έχων
2891 5275 2986 5328 καί
3030 5269 3424 5342 κεκοσμημένα
3449 5287 3462 5299 ·
3494 5267 3700 5337 κόσμον
3719 5265 3782 5320 δὲ

2211 5370 2410 5440 μικρὸν
2435 5368 2528 5421 τὸν
2546 5363 2836 5437 ἄνθρωπον
2859 5365 3128 5432 λέγουσιν,
3147 5361 3225 5424 ὡς
3251 5359 3388 5431 πρὸς
3405 5358 3497 5412 τὸν
3517 5355 3783 5424 αἰσθητὸν

2204 5459 2508 5516 τοῦτονκαὶ
2539 5459 2733 5529 μέγαν.
2765 5457 2913 5527 Πλὴν
2941 5453 3057 5509 ἀλλ’
3085 5455 3134 5505 εί
3162 5452 3256 5508 καὶ
3281 5451 3452 5522 μέγας
3477 5443 3634 5510 οὗτός
3663 5447 3786 5501 ἔστι

2204 5552 2298 5606 καὶ
2326 5549 2630 5613 ἐπαινετὸς,
2659 5547 2750 5601 καὶ
2772 5548 2872 5616 τῆς
2894 5545 2989 5598 τοῦ
3019 5542 3157 5599 Θεοῦ
3187 5541 3344 5614 δόξης
3375 5542 3470 5593 καὶ
3496 5538 3786 5608 δυνάμεως

597 5747 643 5778 ⁸³
672 5746 764 5799 τὸν
791 5744 1022 5869 ῗῑὲνερ.
1075 5751 1138 5804 Α.
1167 5751 1418 5824 ἐνεργείᾳ
1448 5749 1505 5807 P.
1585 5750 1630 5784 ⁸³
1657 5749 1962 5804 ύπεισιὲναι
1988 5729 2202 5818 δοξάζει
2228 5749 2324 5806 οὐκ
2365 5748 2443 5818 εἰς
2469 5747 2525 5801 τὸ
2561 5741 2701 5801 εἶναι
2735 5745 2834 5818 τὴν
2870 5741 3106 5814 ὓπαρξιν
3129 5740 3222 5797 τοῦ
3264 5735 3557 5809 ἀνθρώπου
3591 5749 3786 5789 συντι-

597 5818 724 5869 ὗντα
754 5818 788 5869 ἁ
895 5819 972 5869 είς
1005 5821 1060 5869 Ρ.
2072 5819 2076 5824 ’

532 5818 724 5880 λοῦνται
754 5818 868 5870 ἀλλ’
895 5818 978 5880 είς
1005 5821 1060 5872 Ρ.
1259 5818 1270 5822 ’
1310 5818 1316 5819 “
1395 5818 1407 5824 ⁷
2072 5819 2076 5824 λ
