4142 6532
403 421 535 482 {SOI

1651 420 1739 476 DE
1777 385 2069 480 NATURA
2108 427 2424 487 lIOMINlS.

3554 425 3698 483 130‘!

402 536 699 610 ὑφηγητὴς
731 535 826 590 καὶ
873 532 1198 597 διδάσκαλος
1241 530 1364 586 καθ’
1397 531 1640 602 ἑκάστην
1679 533 1753 596 ὡς
1775 535 1998 588 ὲπαινέ-

2129 541 2266 597 lator
2298 541 2464 598 silens
2497 556 2820 612 magnorum
2851 555 3078 611 operum
3111 549 3166 594 et
3195 553 3386 610 magna
3429 552 3561 593 voce
3582 539 3698 594 cla-

403 650 506 706 της
529 631 697 703 σιγῶν
726 631 826 694 τὰς
851 627 1266 701 μεγαλουργίας
1297 626 1392 683 καὶ
1420 625 1751 698 διαπρύσιος
1781 628 1961 700 κῆρυξ
1982 644 1996 658 .

383 725 550 800 ,ἀλλὰ
600 724 928 796 ἀτιμότερος
982 721 1080 776 τοῦ
1115 719 1316 792 μικροῦ
1378 719 1474 773 καὶ
1533 717 1799 789 αἰσθητοῦ
1859 721 2002 775 κατὰ

410 819 548 873 πολὺ
576 818 845 890 ὑπάρχειο
873 814 952 879 ὡς
972 817 1000 869 6
1029 815 1130 886 μὲν
1159 810 1500 882 αίσθητικδς,
1547 812 1576 864 6
1611 810 1669 864 δὲ
1699 811 1959 884 αἰσθητός
1985 829 1999 844 ·

410 909 503 964 καλ⁷
540 912 568 962 6
598 909 697 978 μὲν
727 907 916 972 ἀκτὸς,
943 907 971 960 6
993 906 1051 959 δὲ
1080 902 1463 972 αὑτεξούσιος⁶
1524 903 1619 956 καὶ
1644 905 1672 956 6
1722 904 1824 973 μὲν
1853 903 2006 969 ξένος

410 1000 571 1067 Θεοῦ,
608 1001 683 1064 ὡς
705 999 811 1053 ὑπὸ
845 999 943 1071 τὴν
993 997 1272 1068 αἴσθησιν,
1308 997 1336 1049 6
1368 996 1428 1049 δὲ
1477 995 1684 1059 οἰκεῖος
1730 995 1851 1067 Θεῷ
1907 997 2005 1050 καὶ

416 1096 610 1165 νοερᾶς
633 1075 852 1164 φύσεως
877 1109 891 1122 ·
934 1091 1031 1147 καὶ
1071 1090 1147 1156 ὡς
1181 1092 1377 1162 κρᾶμα
1407 1087 1468 1154 ἐξ
1508 1089 1848 1160 ἀμφοτέρου,
1899 1090 2001 1143 καὶ

416 1188 611 1258 σοφίας
648 1185 899 1258 μείζονος
925 1181 1244 1254 γνώρισμα,
1271 1183 1368 1237 καὶ
1395 1183 1496 1253 τῆς
1528 1183 1658 1252 περὶ
1676 1181 1776 1245 τὰς
1811 1181 2006 1250 φύσεις

415 1277 791 1340 πολυτελείας.
825 1276 937 1330 Καὶ
957 1275 1032 1338 ὡς
1052 1276 1080 1328 6
1115 1275 1214 1345 μὲν
1245 1274 1451 1344 κόσμος
1482 1273 1648 1326 ἕνεκα
1671 1271 1768 1326 τοῦ
1789 1271 1887 1325 ἀνθ
1899 1270 2007 1343 ρώ-

416 1389 522 1426 που
547 1386 560 1401 ⁶
597 1373 625 1424 6
651 1369 940 1440 ἄνθρωπος
972 1367 1052 1432 δὲ,
1095 1367 1184 1422 ἵνα
1210 1366 1350 1438 μένῃ
1368 1366 1466 1420 καὶ
1495 1363 1700 1439 δοξάζῃ
1723 1363 1817 1418 τὸν
1845 1365 2005 1437 εὑερ-

390 1465 603 1534 ,γέτην.
637 1463 698 1516 Εἰ
727 1463 784 1516 δὲ
810 1459 921 1530 ἐγὼ
963 1459 1064 1531 μὲν
1115 1461 1196 1523 είς
1235 1458 1398 1524 δόξαν
1432 1459 1593 1522 Θεοῦ,
1636 1461 1665 1512 6
1704 1459 1912 1529 κόσμος
1949 1457 2007 1510 δὲ

393 1553 483 1633 ’δι’
512 1551 634 1623 ἐμὲ,
657 1550 733 1616 ὡς
761 1553 794 1622 ή
826 1549 1145 1622 πυράτρα⁶⁸
1168 1548 1258 1602 διὰ
1287 1548 1384 1620 τὴν
1421 1547 1666 1619 ἄμαξαν,
1715 1549 1748 1619 ἢ
1781 1551 1809 1602 6
1835 1548 2013 1620 πρίων

416 1641 506 1694 διὰ
539 1641 640 1710 τὴν
681 1639 874 1711 θύραν,
931 1641 960 1692 6
1000 1638 1264 1707 Θεολόγος
1309 1639 1470 1708 φησὶ,
1510 1636 1651 1690 νικῶ
1703 1639 1771 1709 τῇ
1824 1636 2011 1708 αἰτίᾳ·

417 1731 546 1783 ὅσον
573 1729 684 1801 γὰρ
723 1729 1044 1799 κτισμάτων
1079 1728 1213 1791 Θεὸς
1233 1725 1594 1796 ὑψηλότερος,
1624 1726 1884 1780 τοσοῦτον
1916 1724 2014 1780 τοῦ

417 1820 508 1875 διὰ
534 1820 670 1873 Θεὸν
727 1818 1068 1881 ὑποστάντος
1123 1817 1288 1888 ἐμοῦ,
1321 1819 1381 1870 16
1419 1815 1486 1870 δι’
1541 1817 1645 1888 ἐμὲ
1713 1816 2015 1887 γενόμενον

2105 648 2261 688 mans
2316 649 2527 704 prmco,
2593 633 2764 688 multo
2815 632 2988 701 magis
3053 632 3320 702 inglorius
3368 640 3454 686 est
3529 643 3695 700 quam

2081 741 2306 796 parvus
2345 736 2399 781 et
2433 726 2680 781 sentiens
2715 725 2948 781 mundus
2984 742 2998 780 ε
3037 724 3127 780 ille
3164 724 3388 794 quidem
3417 723 3522 777 sub
3565 736 3696 776 sen-

2081 833 2202 880 sus
2249 818 2417 883 cadit,
2471 817 2560 872 hic
2613 816 2884 874 seatiendi
2926 832 3135 887 capax;
3195 817 3284 872 ille
3338 815 3697 885 gubernatus,

2083 912 2196 974 _ltic
2223 911 2454 966 liberant
2485 908 2770 964 arbitrium
2817 909 3059 973 habens;
3087 906 3297 962 alienus
3326 906 3415 960 ille
3445 921 3474 959 a
3504 905 3614 961 Deo
3642 913 3702 960 ut

2109 1006 2211 1059 sub
2248 1018 2443 1059 sensus
2467 1005 2690 1066 cadens,
2725 1001 2812 1056 hic
2839 998 2952 1056 Deo
2982 1010 3245 1070 cognatus
3269 1007 3324 1054 et
3351 997 3702 1053 intellectua-

2111 1097 2179 1152 lis
2207 1106 2448 1163 naturzn;
2478 1105 2533 1150 et
2563 1095 2720 1162 quasi
2777 1093 3062 1161 utriusque
3095 1100 3590 1162 temperamentum
3644 1099 3704 1144 et

2112 1187 2396 1258 Sapientia:
2462 1185 2707 1241 tnelToris
2765 1199 2832 1241 ac
2881 1192 3205 1239 naturarum
3281 1180 3704 1250 magniﬁcentia:

2113 1290 2520 1350 argumentum.
2556 1278 2623 1334 Et
2649 1279 2729 1334 sic
2756 1276 2993 1332 mundus
3019 1275 3259 1330 hominis
3309 1289 3496 1346 causa,
3539 1273 3705 1326 homo

2117 1387 2246 1428 vero
2295 1381 2354 1425 ut
2405 1370 2686 1426 adhaereat
2733 1367 3070 1425 benel‘actori
3112 1382 3348 1436 eumque
3409 1363 3705 1436 gloriﬁcet.

2116 1466 2174 1522 Si
2202 1473 2380 1520 autem
2413 1478 2515 1533 ego
2535 1465 2602 1518 ad
2630 1462 2724 1518 Dei
2751 1462 2982 1532 gloriam
3007 1470 3062 1517 et
3086 1461 3320 1515 mundus
3347 1466 3568 1528 propter
3595 1469 3702 1520 me,

2096 1558 2258 1620 sicut
2316 1556 2536 1626 forceps
2583 1565 2807 1626 propter
2841 1570 3088 1617 currum,
3144 1561 3237 1607 aut
3276 1567 3428 1608 serra
3479 1560 3707 1620 pmpter

2119 1659 2354 1722 portant,
2380 1648 2454 1705 ait
2482 1645 2824 1718 Tlteologus;
2853 1660 2952 1716 ego
2976 1660 3200 1704 causam
3224 1643 3478 1709 obtineo;
3502 1647 3708 1710 quanto

2118 1741 2266 1796 enim
2285 1738 2552 1796 creaturis
2581 1739 2927 1807 praestantior
2951 1748 3036 1792 est
3065 1735 3226 1802 Deus,
3273 1743 3428 1790 tanto
3469 1732 3558 1787 illa
3587 1746 3710 1802 quae

2121 1842 2346 1905 propter
2374 1847 2462 1886 me
2501 1830 2642 1886 iacta
2681 1839 2829 1896 sunt,
2863 1829 3056 1884 viliora
3093 1837 3222 1882 sunt
3269 1841 3434 1896 quam
3479 1839 3582 1895 ego
3613 1821 3707 1892 qui

402 1913 775 1984 ἀτιμότερον·
813 1912 874 1966 16
918 1912 1027 1983 γὰρ
1085 1903 1149 1964 οὑ
1191 1909 1360 1964 ἕνεκα
1403 1909 1500 1964 τοῦ
1560 1911 1729 1964 ἕνεκα
1766 1909 1886 1975 τοῦ,
1922 1908 2019 1962 καὶ

2129 1903 2342 1996 propter
2369 1923 2537 1978 Deum
2561 1923 2770 1978 exsisto
2798 1941 2814 1978 :
2847 1935 3080 1991 namque
3109 1918 3304 1974 melius
3327 1927 3412 1974 est
3443 1927 3499 1972 et
3533 1915 3711 1971 bono-

424 2003 615 2076 μεῖζον
641 2004 737 2059 καὶ
761 2002 1119 2075 τιμιώτερον.
1164 2019 1184 2054 ›

493 2185 839 2258 Σημαντικὸς
863 2183 921 2238 δέ
953 2185 1106 2237 ἐστιν
1127 2183 1154 2237 6
1181 2181 1472 2255 ἄνθρωπος
1501 2181 1614 2234 τῶν
1643 2181 1738 2235 δύο
1771 2180 2018 2252 κόσμων,

403 2274 519 2337 ’ςοῦ
557 2279 759 2353 ὁρατοῦ
793 2279 889 2334 καὶ
917 2277 1012 2332 τοῦ
1042 2277 1304 2350 ἀοράτου,
1345 2279 1459 2342 τοῖς
1479 2279 1624 2331 νοεῖν
1650 2276 1980 2347 δυναμένοις
2003 2293 2018 2308 ο

425 2378 492 2429 ὲκ
512 2375 606 2429 δύο
636 2374 745 2446 γὰρ
784 2373 1072 2442 σύγκειται
1097 2371 1338 2442 φύσεων.
1378 2371 1524 2424 Ἀλλ’
1555 2371 1604 2423 εἰ
1637 2371 1734 2423 καὶ
1754 2370 1942 2433 διττὰς
1966 2371 2026 2422 ἐν

403 2463 610 2548 ζὲαυτῷ
636 2467 877 2523 δεικνύει
905 2465 1124 2546 φύσεις,
1153 2466 1215 2520 οὑ
1241 2464 1337 2518 δύο
1359 2464 1554 2534 φύσεις
1602 2464 1773 2528 ἔστιν,
1810 2463 1926 2517 ἀλλ’
1960 2465 2027 2517 ἐκ

432 2561 543 2617 τῶν
568 2561 661 2615 δύο
689 2576 705 2592 ο
745 2560 820 2623 ὡς
867 2560 977 2630 γὰρ
1013 2557 1077 2612 16
1128 2558 1291 2626 σῶμα
1323 2556 1386 2610 16
1439 2551 1552 2610 οἷον
1597 2551 1690 2610 οῦν
1734 2556 2027 2625 σύγκειται

437 2653 537 2724 μὲν
565 2654 631 2706 ὲκ
659 2651 835 2722 πυρὸς
859 2649 951 2704 καὶ
977 2649 1160 2720 ἀέρος,
1197 2647 1392 2711 ’ύδατος
1424 2647 1519 2701 καὶ
1551 2648 1657 2718 γῆς
1683 2664 1698 2678 ο
1727 2649 1828 2701 οὑκ
1864 2646 1946 2701 ἔτι
1971 2646 2031 2700 δὲ

405 2729 493 2798 ⁵διὸ
522 2742 658 2798 αὐτὸ
693 2742 853 2810 σῶμα
885 2739 1000 2810 πῦρ
1057 2737 1222 2811 εἴπῃς
1272 2735 1436 2807 εἶναι,
1471 2738 1582 2792 οὐδ’
1618 2735 1686 2792 αὖ
1711 2738 1872 2810 ἀέρα,
1903 2736 2031 2791 οὔτε

431 2853 487 2889 τι
509 2837 618 2890 τῶν
649 2833 827 2889 ἀλλων
862 2849 878 2866 ⁸
912 2831 1052 2888 ἀλλά
1079 2831 1286 2884 τοιόνδε
1341 2849 1416 2897 τι,
1469 2831 1622 2886 λίθον
1651 2832 1818 2903 τυχὸν
1869 2832 1904 2904 ἢ
1937 2831 2031 2900 ξύ-

434 2929 528 2983 λον
560 2947 576 2962 ·
619 2928 823 3000 ὁμοίως
858 2927 954 2981 καὶ
983 2925 1047 2980 16
1088 2924 1250 2996 σῶμα
1279 2924 1342 2978 16
1377 2924 1650 2998 ἔμψυχον,
1691 2926 1752 2980 16
1813 2925 2036 2994 λογικὸν

438 3021 474 3092 ἢ
512 3019 730 3090 ἄλογον,
762 3021 861 3090 οὑχ
891 3014 1054 3089 αἷμα,
1080 3017 1114 3089 ἢ
1145 3018 1390 3088 φλέγμα,
1418 3017 1452 3089 ἢ
1479 3018 1611 3088 μίαν
1645 3017 1900 3080 καλέσεις
1927 3016 2038 3070 τῶν

439 3113 614 3184 χολῶν
639 3129 655 3144 ο
696 3114 758 3166 οὑ
797 3113 907 3183 γάρ
939 3129 992 3165 τι
1027 3110 1225 3165 ταὺτδν
1278 3113 1392 3174 τοῖς
1445 3109 1506 3174 ἐξ
1541 3103 1617 3163 ὧν
1659 3112 1832 3164 ἐστιν.
1883 3109 2039 3162 Ἐπεὶ

441 3209 502 3264 δὲ
529 3207 786 3280 διάφορος
813 3207 842 3260 6
887 3206 1049 3275 λόγος
1103 3203 1200 3259 τοῦ
1244 3223 1305 3258 τε
1350 3205 1746 3274 συγκειμένου,
1811 3203 1920 3257 τῶν
1976 3220 2039 3256 τε

2123 2017 2297 2082 ratius
2327 2015 2378 2070 id
2422 2024 2639 2084 propter
2674 2014 2817 2083 quod
2853 2012 3060 2082 aliquid
3090 2011 3329 2078 exsistit,
3368 2023 3534 2078 quam
3581 2005 3712 2062 illud

2124 2108 2266 2178 quod
2290 2115 2509 2177 propter
2526 2105 2670 2159 aliud
2699 2104 2937 2159 exsistit.
2972 2121 2993 2156 ι

2197 2197 2370 2254 lictno
2401 2215 2465 2254 eo
2483 2197 2626 2269 quod
2663 2197 2903 2269 cogitare
2931 2203 3130 2266 potest,
3152 2194 3218 2250 ad
3243 2193 3502 2249 mundum
3529 2189 3716 2246 visibi-

2109 2265 2230 2347 lem
2263 2306 2328 2347 ac
2359 2265 2687 2354 invisibilem
2729 2265 2982 2358 spectat:
3008 2289 3270 2342 eduabus
3323 2285 3468 2341 enim
3506 2280 3718 2337 naturis

2127 2383 2502 2442 constituitur.
2533 2381 2640 2438 Sed
2672 2383 2800 2436 licet
2837 2383 2974 2436 duas
3010 2380 3062 2433 in
3090 2393 3151 2433 se
3177 2377 3436 2432 ostendat
3464 2385 3716 2437 naturas,

2107 2492 2236 2536 -non
2272 2484 2358 2531 est
2385 2485 2565 2530 tamen
2595 2483 2802 2536 natura:
2822 2473 2962 2535 dum,
2997 2469 3090 2525 sed
3120 2485 3152 2524 e
3181 2469 3427 2532 duabus;
3460 2481 3584 2519 natn
3613 2465 3722 2518 sic-

2131 2579 2193 2625 ut
2219 2582 2419 2637 corpus
2441 2565 2824 2636 qualecunque
2875 2561 3228 2620 constituitur
3247 2574 3314 2614 ex
3347 2557 3472 2626 igne
3493 2561 3548 2610 et
3569 2567 3722 2618 aere,

2132 2675 2273 2731 aqua
2305 2669 2362 2715 et
2401 2669 2586 2725 terra;
2637 2671 2739 2714 nec
2774 2665 2956 2712 tamen
2999 2655 3154 2710 idem.
3170 2667 3370 2722 corpus
3415 2649 3564 2704 dices
3599 2661 3724 2702 esse

2135 2754 2338 2824 ignem,
2371 2767 2468 2807 nec
2499 2765 2646 2816 aera,
2675 2765 2775 2805 nec
2805 2749 2933 2819 quid
2959 2747 3132 2811 aliud,
3157 2746 3254 2801 sed
3287 2744 3393 2798 tale
3427 2741 3724 2812 quoddam,

2137 2844 2369 2914 lapidem
2403 2842 2555 2898 verbi
2602 2856 2770 2896 causa
2803 2849 2896 2895 aut
2934 2839 3142 2908 lignum
3176 2854 3191 2892 :
3233 2835 3488 2891 similiter
3513 2841 3577 2887 et
3603 2845 3729 2884 cor-

2139 2953 2239 3007 pus
2260 2935 2581 3000 animatum,
2614 2932 2879 2988 rationale
2903 2939 2997 2985 aut
3024 2927 3363 2992 irrationale,
3393 2940 3492 2980 nec
3517 2921 3733 2993 sangui-

2142 3045 2288 3097 nem,
2321 3044 2422 3084 nec
2455 3028 2731 3099 pltlegma,
2767 3040 2868 3081 nec
2898 3023 3061 3079 bilem
3103 3019 3330 3077 vocabis
3363 3041 3377 3074 ;
3432 3034 3538 3072 non
3581 3015 3730 3070 enim

2122 3123 2286 3178 idem
2317 3132 2403 3177 est
2437 3136 2503 3176 ac
2531 3136 2594 3174 ea
2625 3134 2688 3175 ex
2726 3118 2930 3189 quibus
2981 3122 3215 3170 constat.
3265 3107 3732 3179 Quemadmodum

2144 3223 2328 3269 autem
2364 3211 2726 3282 compositum
2763 3225 2793 3262 a
2823 3209 2990 3263 rebus
3019 3204 3476 3275 componentibus
3524 3195 3732 3260 dillert,

425 3300 812 3358 Δσυντεθέντων
837 3315 852 3330 ’
876 3298 1052 3363 οὕτως
1084 3301 1180 3353 καὶ
1210 3301 1238 3353 ὁ
1271 3297 1583 3367 ἅνθρωπος,
1607 3299 1658 3350 εἰ
1699 3297 1796 3350 καὶ
1826 3297 1892 3349 ἐκ
1936 3295 2031 3366 ψυ-

2145 3307 2225 3363 sic
2249 3316 2306 3361 et
2344 3278 2529 3368 homo,
2563 3303 2691 3358 licet
2738 3315 2806 3356 ex
2845 3314 3027 3352 anima
3088 3306 3143 3350 et
3209 3307 3440 3363 corpore
3489 3295 3731 3352 constat,

442 3391 548 3461 κῆς
575 3389 671 3444 καὶ
705 3387 960 3459 σώματος
995 3389 1171 3450 ἐστιν,
1214 3387 1332 3441 ἀλλ’
1364 3387 1556 3455 ἕτερόν
1580 3390 1700 3440 ἐστι
1755 3386 1910 3456 παρά
1966 3385 2038 3438 τὰ

444 3481 505 3546 ἐξ
533 3472 608 3532 ὦν
639 3483 759 3532 ἐστι
785 3497 799 3510 ·
835 3479 930 3531 καὶ
961 3481 1082 3532 κατ’
1111 3477 1241 3533 ἄλλο
1268 3479 1368 3547 μὲν
1399 3478 1702 3545 λογίζεται,
1753 3479 1876 3530 κατ’
1909 3475 2040 3530 ἄλλο

443 3572 500 3626 δὲ
535 3571 598 3624 16
630 3555 883 3638 λογισοὲν
926 3571 1142 3639 ἐνεργεῖ
1163 3583 1176 3597 °
1208 3568 1357 3640 ψυχῇ
1391 3569 1492 3639 μὲν
1539 3567 1650 3636 γὰρ
1697 3570 1861 3639 νοερᾷ
1892 3567 2042 3636 λογι-

445 3663 703 3735 σάμενος,
730 3665 780 3720 εἰ
804 3661 983 3732 τύχοι,
1009 3661 1106 3716 τοῦ
1139 3661 1294 3716 οἴκου
1323 3662 1426 3732 τὴν
1461 3660 1740 3727 σύνθεσιν,
1791 3661 1954 3733 χερσὶ
1979 3661 2041 3715 16

444 3756 640 3828 νοηθὲν
663 3757 787 3825 ἄγει
817 3756 898 3820 είς
926 3755 1128 3825 πέρας.

515 3849 641 3903 Ὅτι
670 3849 728 3904 δὲ
752 3849 881 3904 ἄλλο
907 3851 1022 3904 ἐστὶ
1051 3847 1208 3922 παρὰ
1230 3847 1302 3901 τὰ
1333 3847 1393 3915 ἐξ
1421 3840 1497 3902 ὧν
1521 3849 1664 3912 ἐστι,
1681 3840 1784 3913 ὧδε
1802 3850 2000 3902 σκόπει
2023 3862 2039 3880 ⁸

437 3944 512 4020 ’ἐκ
539 3942 814 4013 διαφόρων
843 3942 984 3995 ὑλῶν
1022 3942 1116 3995 τὸν
1141 3937 1292 3995 οἷκον
1321 3941 1745 4012 οἰκοδομοῦμεν,
1768 3940 1886 3995 ἀλλ’
1940 3940 2045 3994 οὑκ

444 4034 513 4091 ἄν
539 4050 624 4097 τις
657 4033 809 4104 εἴπῃ,
844 4032 1042 4088 ταὺτδν
1059 4035 1105 4065 ⁸⁵
1158 4033 1591 4104 ὑπάρχεινταῖς
1625 4033 1782 4097 ὕλαις
1832 4035 1954 4098 ταῖς
1983 4033 2044 4100 ἐξ

443 4119 725 4190 ὧνὲστιν.
763 4125 838 4178 Οὑ
869 4125 980 4196 γὰρ
1023 4125 1216 4190 ἁπλῶς
1263 4124 1426 4191 λίθοι,
1461 4126 1558 4180 καὶ⁸
1606 4124 1760 4192 ξύλα,
1817 4127 1914 4180 καὶ
1972 4125 2046 4182 τά

445 4217 612 4273 λοιπά
641 4213 836 4283 ὁοῖκός
865 4218 1040 4272 ἐστιν·
1065 4218 1114 4270 εί
1147 4216 1256 4290 γὰρ
1274 4217 1457 4285 τοῦτο,
1483 4217 1592 4289 πρὸ
1614 4218 1716 4289 τῆς
1748 4219 2046 4290 οἰκοδομῆς

435 4303 794 4385 ¹διῃρημένως
846 4310 946 4374 τὰς
987 4308 1121 4374 ὕλας
1173 4306 1326 4364 οἷκον
1359 4310 1426 4365 ἄν
1475 4328 1560 4374 τις
1607 4311 1838 4375 δικαίως
1883 4312 2046 4366 καλέ-

449 4422 595 4458 σειεν
631 4418 644 4432 ’
681 4402 797 4456 ἀλλ’
821 4405 855 4474 ἡ
881 4403 1063 4458 τοιάδε
1088 4402 1195 4457 τῶν
1224 4403 1368 4457 ὑλῶν
1393 4403 1747 4475 προσάλληλα
1791 4403 2046 4470 σύζευξις

441 4496 540 4574 ςτδν
575 4490 724 4550 οἷκον
749 4496 884 4567 ἡμῖν
916 4495 1202 4549 ἀποτελεῖν
1235 4496 1472 4566 πέφυκε.
1505 4496 1702 4550 Τοίνυν
1728 4496 1832 4568 τῆς
1858 4496 2046 4560 οίκίας

449 4591 730 4664 λυθείσης,
787 4591 1010 4662 μένουσι
1068 4591 1166 4662 μὲν
1191 4589 1394 4660 ὁμοίως
1426 4591 1494 4656 αἱ,
1532 4589 1657 4643 ὕλαι
1701 4590 1794 4644 τὸν
1842 4592 2045 4645 οἰκεῖον

449 4684 750 4755 ὲπέχουσαι
778 4684 939 4753 λόγον
965 4699 978 4714 ·
1010 4683 1361 4738 ἀπολωλέναι
1397 4683 1454 4738 δέ
1476 4700 1658 4754 φαμεν
1699 4683 1814 4756 τὴν
1840 4684 2044 4749 οἰκίαν,

448 4772 520 4845 ’ἢν
548 4772 581 4840 ἡ
611 4770 791 4824 τοιάδε
836 4770 946 4824 τῶν
978 4770 1121 4824 ὑλῶν
1154 4770 1406 4837 σύζευξις
1459 4773 1817 4827 ἀπετέλεσεν.
1859 4773 2050 4837 Οῦτως

451 4864 549 4917 καὶ
592 4862 685 4915 ἐπὶ
721 4860 817 4915 τοῦ
852 4861 1146 4934 ἀνθρώπου
1174 4880 1189 4894 °
1227 4863 1332 4917 κᾶν
1353 4865 1462 4936 γὰρ
1492 4865 1558 4919 ἐκ
1591 4865 1772 4937 ψυχῆς
1804 4868 1900 4922 καὶ
1935 4866 2048 4920 σώ-

457 4971 629 5028 ματος
658 4953 904 5028 ὑπάρχῃ,
937 4955 997 5007 οὑ
1049 4955 1248 5008 ταὺτὸν
1307 4955 1374 5009 ἂν
1417 4956 1505 5027 εἴη
1539 4959 1652 5020 τοῖς
1685 4957 1748 5023 ἐξ
1783 4953 1859 5013 ὧν
1906 4960 2049 5024 ἐστι,

453 5049 807 5117 ἀλλ’ἓτερον,
840 5047 917 5112 ὡς
945 5042 1088 5103 εἶναι
1117 5047 1208 5102 16v
1256 5047 1548 5120 ἄνθρωπον
1603 5049 1663 5116 ἐξ
1718 5051 1895 5121 ,αὐτῆς
1944 5052 2047 5122 τῆς

457 5141 756 5209 συναφείας
792 5139 973 5211 ψυχῆς
1003 5140 1143 5212 πρὸς
1183 5138 1367 5210 σῶμα,
1393 5141 1578 5210 τρίτον
1605 5141 2046 5216 ἀποτελούμενον

454 5232 585 5290 ἄλλο
617 5247 632 5262 ·
653 5231 930 5286 καὶτοῦτο
963 5231 1120 5304 δῆλον
1156 5233 1254 5302 ἀφ’
1284 5225 1386 5297 ὧν,
1414 5233 1515 5304 τῆς
1567 5233 1897 5301 διαζεύξεως
1946 5237 2048 5307 τῆς

456 5323 663 5376 τούτων
699 5321 1027 5394 γενομένης,
1077 5323 1232 5394 μένει
1268 5322 1370 5394 μὲν
1420 5323 1482 5377 16
1529 5324 1692 5395 σῶμα
1728 5323 1905 5388 οὕτως
1957 5325 2051 5379 τὸν

456 5416 660 5470 οἰκεῖον
690 5414 866 5479 σῶζον
893 5413 1055 5483 λόγον
1073 5430 1088 5446 ο
1120 5414 1286 5485 τριχῆ
1319 5415 1430 5487 γάρ
1460 5417 1577 5468 ἐστι
1602 5415 1916 5481 διαστατὸν,
1943 5417 2048 5472 κᾶν

457 5503 655 5576 νεκρὸν
750 5518 765 5532 '
807 5502 959 5574 μένει
987 5502 1046 5556 δὲ
1067 5502 1272 5575 ὁμοίως
1326 5505 1361 5574 ἡ
1398 5492 1550 5575 ψυχὴ
1603 5502 1802 5576 λογικὴ
1840 5505 2050 5576 τυγχά-

458 5613 628 5651 νουσα
657 5596 752 5649 καὶ
781 5595 970 5667 νοερὰ,
1001 5595 1104 5650 κᾶν
1124 5594 1420 5667 διεζεύχθη
1469 5595 1565 5650 τοῦ
1606 5595 1861 5667 σώματος
1887 5615 1900 5627 ·
1940 5600 2053 5653 ἀπ-

458 5687 630 5746 όλωλε
658 5688 716 5742 δὲ
755 5687 797 5742 ὑ
836 5687 1151 5761 ἄνθρωπος,
1205 5689 1264 5743 ὃν
1306 5689 1643 5745 ἀπετέλεσεν
1690 5689 1970 5760 ἑκατέρων
2017 5693 2053 5764 ἡ

383 5808 389 5818 ·
459 5779 735 5848 σύζευξις.

535 5897 583 5937 ⁸⁵
607 5877 699 5957 Sic
725 5899 849 5956 cod.
925 5897 970 5932 “
996 5895 1142 5970 εἰποι
1168 5890 1442 5954 τὺνοῐκον
1469 5896 1676 5952 ταύτόν·
1704 5895 1769 5961 Ρ,

2126 3398 2293 3452 .aliud
2318 3396 2588 3466 quoddam
2616 3403 2702 3450 est
2730 3395 2800 3447 ab
2833 3392 2917 3446 his
2947 3405 2978 3444 e
3002 3389 3204 3458 quibus
3226 3390 3484 3442 constat:
3508 3391 3562 3435 et
3589 3391 3736 3433 nunc

2143 3492 2362 3562 quidem
2398 3488 2624 3557 cngitat,
2689 3499 2836 3540 nunc
2882 3483 3179 3554 cogitatum
3234 3477 3560 3546 exsequitur
3594 3493 3606 3526 :
3640 3471 3733 3526 ubi

2141 3584 2286 3640 enim
2318 3581 2515 3636 aninnc
2579 3578 2867 3633 rationalis
2921 3575 3128 3630 auxilio
3174 3569 3408 3640 exempli
3458 3568 3632 3637 gratia
3670 3565 3738 3620 de

2125 3673 2360 3731 .aedil‘tcii
2407 3671 2814 3733 constructione
2849 3667 3133 3739 cogitavit,
3179 3662 3431 3720 manibus
3496 3661 3550 3715 id
3591 3657 3737 3729 quod

2147 3767 2406 3839 cogitavit
2439 3764 2510 3820 ad
2536 3763 2697 3818 linem
2725 3761 2994 3830 perducit.
3077 3799 3081 3803 ι
3299 3776 3302 3779 ·

2133 3888 2140 3904 ι
2217 3861 2372 3929 Quod
2397 3867 2582 3914 autem
2615 3856 2685 3912 sit
2719 3854 2868 3910 aliud
2904 3867 3070 3922 quam
3097 3865 3163 3907 ea
3187 3864 3254 3906 ex
3276 3847 3474 3918 quibus
3495 3850 3737 3907 constat,

2147 3955 2226 4010 sic
2257 3950 2579 4024 perpende:
2619 3964 2684 4003 ex
2730 3947 2900 4002 variis
2950 3943 3200 4000 materiis
3248 3941 3468 3996 domum
3500 3934 3740 3990 aediﬁca-

2148 4062 2290 4110 mus,
2333 4046 2427 4102 sed
2474 4057 2634 4098 nemo
2665 4040 2867 4096 dixerit
2892 4053 3013 4094 eam
3050 4036 3195 4091 idem
3231 4047 3355 4089 esse
3384 4045 3450 4086 ac
3481 4026 3741 4083 materias

2146 4156 2179 4195 e
2212 4139 2409 4209 quibus
2462 4144 2700 4190 constat.
2765 4128 2886 4185 Non
2939 4128 3087 4185 enim
3139 4123 3462 4194 simpliciter
3501 4119 3738 4190 lapides,

2140 4233 2293 4303 ligna
2319 4239 2374 4286 et
2399 4229 2627 4297 reliqua,
2662 4225 2856 4281 domus
2883 4232 3004 4287 est;
3035 4221 3081 4276 si
3131 4218 3278 4275 enim
3311 4215 3363 4270 id
3397 4221 3568 4275 esset,
3608 4219 3738 4266 ante

2142 4333 2476 4382 .strncmram
2519 4316 2814 4389 separatim
2863 4313 3125 4369 materias
3174 4311 3396 4364 domum
3447 4303 3572 4374 quis
3628 4316 3742 4355 me-

2137 4417 2257 4472 rito
2283 4422 2501 4469 vocaret
2523 4427 2540 4478 ;
2565 4409 2667 4466 sed
2695 4407 2802 4462 illae
2819 4403 3066 4460 materia:
3086 4401 3190 4460 sibi
3211 4399 3444 4455 invicem
3477 4401 3743 4462 coaptata:

2141 4511 2372 4564 domum
2398 4503 2555 4559 nobis
2603 4505 3001 4571 repraasetttare
3038 4493 3239 4549 solent.
3281 4488 3426 4558 Ergo
3463 4487 3740 4540 destructa

2075 4623 2124 4682 ι)
2142 4602 2335 4668 domo,
2358 4606 2642 4653 remanent
2657 4592 2877 4664 quidem
2905 4588 3162 4644 similiter
3183 4577 3742 4682 materizeproprium

2152 4694 2453 4750 retinentes
2511 4701 2730 4754 nomen,
2771 4683 3003 4754 periisse
3056 4693 3186 4734 vero
3243 4677 3467 4730 domum
3512 4669 3746 4726 dicimus

2149 4801 2313 4855 quant
2352 4783 2478 4838 talis
2517 4779 2878 4836 materiarum.
2898 4773 3162 4844 iunctura
3195 4767 3525 4840 perfecerat.
3565 4761 3660 4817 Sic
3689 4767 3747 4815 et

2150 4875 2501 4941 inbomine;
2529 4872 2655 4927 lit-ct
2696 4869 2846 4926 enim
2897 4882 2965 4926 ex
3011 4864 3195 4918 anima
3230 4869 3571 4929 corporeque
3611 4867 3747 4906 con-

2153 4977 2283 5033 stet,
2316 4983 2422 5022 non
2467 4967 2609 5020 idem
2660 4974 2746 5018 est
2790 4976 2857 5016 ac
2897 4975 2962 5014 ea
3004 4959 3072 5012 de
3119 4955 3320 5025 quibus
3347 4957 3584 5006 constat.
3647 4943 3746 4996 sed

2155 5061 2302 5115 aliud
2360 5059 2526 5113 homo
2573 5070 2766 5125 nempe
2820 5068 2888 5108 ex
2945 5050 3144 5105 anima:
3177 5042 3566 5114 cettjunctione
3621 5049 3746 5088 cum

2155 5166 2407 5222 corpore,
2433 5149 2655 5204 tertium
2676 5147 2808 5218 quid
2831 5144 3058 5200 cii'ectus
3082 5157 3098 5205 ;
3128 5148 3183 5195 et
3203 5138 3429 5194 evidens
3456 5129 3586 5184 illud
3613 5126 3744 5181 inde

2160 5244 2305 5314 quod
2341 5244 2692 5312 separatione
2742 5239 2959 5293 illorum
2992 5234 3136 5300 facta
3189 5242 3392 5299 corpus
3422 5224 3502 5279 sic
3563 5226 3752 5274 manet

2159 5311 2225 5392 ac
2260 5311 2533 5406 propriam
2574 5331 2894 5402 qualitatem
2925 5333 3258 5384 conservat:
3303 5316 3572 5376 trifariam
3596 5311 3748 5366 enim

2159 5402 2440 5492 dividitur,
2466 5425 2594 5480 licet
2619 5434 2890 5483 mortuum
2921 5420 2992 5475 sit
3022 5434 3037 5472 :
3069 5423 3257 5470 manet
3283 5409 3540 5468 similiter
3563 5402 3754 5458 anima

2161 5516 2445 5573 rationalis
2462 5524 2517 5570 et
2557 5514 2888 5582 intelligens,
2925 5510 3054 5564 licet
3091 5521 3122 5560 a
3156 5515 3388 5570 corpore
3423 5494 3741 5558 dividatur;

2160 5611 2322 5682 periit
2351 5623 2481 5665 vero
2534 5609 2717 5671 homo,
2753 5616 2914 5675 quem
2973 5597 3220 5657 confecit
3275 5592 3564 5674 utriusque
3609 5585 3752 5642 adu-

2160 5704 2329 5760 natio.
