4142 6482
472 440 611 496 I303

1761 415 2040 474 MELETII
2079 412 2395 472 HONACHI

542 555 773 623 Quidam
798 567 865 608 eo
891 551 1032 621 quod
1064 551 1137 606 sit
1166 563 1365 618 corpus
1395 545 1661 602 trifariam
1705 543 1965 612 partitum
1995 548 2048 595 et

2223 533 2382 596 Τινὲς
2413 530 2471 585 δὲ
2511 529 2600 584 διὰ
2628 527 2690 580 τὸ
2715 527 2856 580 εἶναι
2890 522 2952 576 τό
3001 517 3160 590 σῶμα
3216 514 3380 588 τριχῆ
3425 511 3740 623 {taurae-ev,

474 649 711 701 animam
751 659 873 700 esse
899 642 1167 698 trifariam
1208 640 1438 694 divisam
1469 633 1700 708 (dicunt)
1733 641 1788 688 et
1833 641 2057 703 propter

475 740 580 793 hoc
622 746 678 793 et
709 751 911 806 corpus
955 753 970 789 :
1007 734 1204 803 quibus
1257 730 1491 784 dicimus
1536 745 1550 782 :
1609 725 1788 780 Omne
1833 723 2054 793 quidem

478 844 679 899 corpus
708 829 974 884 trifariam
1004 825 1280 887 dividitur,
1317 836 1422 876 non
1456 829 1635 873 autem
1665 817 1928 888 quidquid
1957 815 2058 870 tri-

451 895 672 973 ’I‘ari‘am
700 919 974 981 dividitur,
1004 931 1205 986 corpus
1230 922 1332 968 est.
1367 911 1502 966 Nam
1528 908 1762 980 qualitas
1795 917 1849 962 et
1883 921 2058 976 quan-

485 1008 628 1071 titas,
663 1007 989 1078 incorporea
1007 1003 1224 1073 quidem
1248 1015 1344 1070 per
1368 1015 1450 1064 se,
1477 1010 1656 1053 tamen
1686 1014 1780 1068 per
1805 998 2060 1052 accidens

485 1099 538 1150 in
559 1111 730 1151 massa
761 1102 1219 1165 repraesentantur
1243 1109 1258 1160 ;
1283 1093 1361 1147 sic
1387 1091 1552 1146 etiam
1575 1090 1778 1154 anima,
1805 1087 2061 1158 quamvis

485 1202 582 1256 per
617 1204 678 1242 se
704 1188 956 1250 indivisa,
986 1202 1083 1254 per
1113 1185 1367 1240 accidens
1413 1198 1538 1239 cum
1591 1182 1811 1237 homine
1861 1181 2060 1250 tripar-

487 1281 582 1332 tito
601 1288 654 1333 et
685 1279 798 1347 ipsa
822 1290 877 1333 et
899 1277 1088 1332 multis
1118 1275 1383 1330 trifariam
1415 1275 1589 1328 divisa
1621 1273 1842 1328 dicitur.

556 1450 765 1506 Dicitur
793 1451 973 1505 anima
1001 1449 1247 1519 corporis
1285 1446 1628 1516 passionibus
1662 1446 1866 1500 moveri
1920 1464 1934 1499 :
1969 1458 2064 1515 ap-

484 1553 638 1612 paret
664 1543 811 1595 enim
848 1541 1064 1610 corpori
1100 1539 1439 1610 compatiens
1481 1547 1537 1592 et
1584 1546 1746 1591 antea
1796 1537 2010 1607 patiens
2045 1555 2059 1590 :

484 1647 627 1702 sa‘pe
651 1633 798 1687 enim
825 1633 890 1687 de
920 1634 1143 1687 vulnere
1176 1631 1425 1700 corporis
1453 1630 1832 1686 contremiscit
1855 1639 1911 1684 et
1934 1637 2061 1682 ante

483 1726 729 1794 corporis
781 1739 1012 1793 angores
1047 1725 1386 1788 immutatur,
1424 1732 1480 1778 et
1507 1732 1694 1792 postea
1744 1738 1850 1777 non
1885 1722 2066 1778 minus

483 1817 726 1871 dolorem
758 1818 1068 1885 experitur;
1119 1825 1173 1870 et
1211 1830 1334 1870 cum
1369 1824 1671 1885 azgrotante
1723 1823 1953 1883 aegrotat
2008 1822 2064 1868 et

2157 626 2250 679 καὶ
2275 625 2376 694 τὴν
2392 621 2573 693 ψυχὴν
2597 615 2734 673 εἶναι
2765 615 2932 688 τριχῆ
2961 613 3282 681 διαστατὴν,
3309 607 3405 662 καὶ
3441 603 3530 659 διὰ
3579 603 3744 658 τοῦτο

2156 717 2252 770 καὶ
2287 715 2466 784 σῶμα.
2499 711 2640 782 Πρδς
2671 709 2765 772 οὓς
2789 722 2991 778 φαμεν,
3041 704 3126 758 ὅτι
3157 702 3268 755 πᾶν
3301 698 3403 769 μὲν
3435 695 3596 766 σῶμα
3620 711 3744 766 τρι-

2157 804 2230 874 χῆ
2261 783 2547 856 διαστατόν
2586 801 2758 859 ἐστιν,
2782 795 2844 848 οὐ
2881 795 2992 847 πᾶν
3027 792 3084 845 δὲ
3109 790 3173 844 τὸ
3197 787 3364 858 τριχῆ
3419 783 3739 874 διαστατὺν,

2161 872 2342 962 σῶμα.
2399 888 2511 944 Καὶ
2536 885 2646 959 7&9
2670 881 2735 939 τὸ
2787 882 2940 937 ποιὸν
2969 880 3067 934 καὶ
3123 878 3186 932 τὸ
3225 875 3414 942 ποσὸν,
3469 872 3746 944 ἀσώματα

2159 985 2287 1041 ὅντα
2316 983 2437 1038 καθ’
2469 980 2662 1046 ἑαυτὰ,
2689 979 2832 1033 κατὰ
2857 974 3212 1047 συμϐεϐηκὸς
3264 971 3323 1024 ὲν
3355 970 3508 1039 ὄγκῳ
3539 965 3745 1019 ποσοῦ-

2159 1097 2248 1133 ται
2275 1095 2291 1110 ο
2318 1074 2494 1139 οὕτως
2524 1068 2620 1128 οὗν
2646 1072 2742 1126 καὶ
2764 1072 2832 1142 τῇ
2871 1068 3042 1140 ψυχῇ,
3074 1066 3199 1121 καθ’
3221 1063 3422 1132 ἑαυτὴν
3447 1061 3548 1131 μὲν
3575 1057 3750 1127 πρόσ-

2161 1185 2276 1221 εστι
2317 1165 2380 1218 τδ
2421 1163 2772 1224 ἀδιάστατον,
2818 1158 2964 1212 κατὰ
3013 1152 3365 1226 συμϐεϐηκὸς
3416 1149 3494 1210 δὲ,
3543 1147 3623 1217 τῷ
3652 1149 3750 1200 ἀν-

2162 1257 2366 1329 θρώπῳ
2400 1257 2560 1328 τριχῆ
2589 1251 2864 1322 διαστατῴ
2890 1252 3025 1314 όντι,
3062 1245 3454 1316 συνθεωρείται
3486 1241 3585 1294 καὶ
3605 1239 3747 1309 αὐτὴ

2161 1351 2322 1419 τριχῆ
2355 1346 2616 1414 διαστατή
2646 1343 2712 1398 ⁸⁸.

2235 1441 2468 1507 Λέγεται
2488 1436 2546 1490 δὲ
2586 1437 2619 1506 ἡ
2656 1432 2806 1504 ψυχὴ
2841 1429 3061 1494 πολλοῖς
3081 1428 3191 1483 τῶν
3219 1424 3318 1480 τοῦ
3345 1423 3600 1495 σώματος
3645 1437 3752 1472 πα-

2165 1530 2275 1584 θῶν
2302 1526 2699 1599 ὲγκατέχεσθαι
2733 1540 2747 1553 ⁸
2783 1522 3034 1592 φαίνεται
3058 1519 3168 1590 7&9
3205 1517 3305 1574 zeal.
3338 1515 3752 1586 συμπάσχουσα

2164 1623 2242 1693 τῷ
2276 1621 2512 1691 σώματι,
2549 1616 2647 1672 καὶ
2693 1615 3098 1688 προπάσχουσα
3125 1626 3140 1640 ⁶
3204 1607 3467 1669 πολλάκις
3503 1603 3613 1674 γάρ
3645 1601 3752 1674 τὴν

2163 1715 2340 1786 τομὴν
2373 1711 2468 1767 τοῦ
2521 1710 2778 1782 σώματος
2811 1704 3113 1776 ἀγωνιῶσα
3145 1701 3445 1763 δείκνυται,
3503 1696 3598 1750 καὶ
3642 1693 3753 1762 πρὸ

2164 1808 2258 1860 τοῦ
2298 1785 2530 1867 ίπάθους
2570 1801 2669 1856 τοῦ
2704 1800 2958 1870 σώματος
3009 1793 3374 1864 ἀλλοιουμένη
3401 1806 3414 1819 ·
3465 1789 3559 1843 καὶ
3611 1785 3752 1857 μετὰ

483 1924 607 1964 cum
636 1907 918 1964 vulnerato
967 1909 1142 1972 dolet;
1175 1909 1382 1977 pudore
1423 1905 1628 1961 suﬂ'usa
1658 1877 1952 1966 erubescit.
1989 1904 2058 1958 ti-

2171 1901 2258 1969 τὴν
2290 1896 2464 1968 τομὴν
2489 1895 2647 1949 οὐδὲν
2669 1893 2892 1946 ἔλαττον
2919 1889 2990 1943 τὰ
3024 1888 3123 1958 τῆς
3149 1885 3348 1954 ὀδύνης
3375 1882 3418 1914 ⁸⁷
3445 1877 3713 1977 δεχομένῃ
3733 1889 3747 1904 ⁸

484 2015 636 2056 more
667 2001 914 2070 perculsa
946 2000 1131 2070 pallet.
1170 1998 1256 2053 Nil
1289 2006 1475 2054 autem
1504 1998 1887 2066 incorporeum
1912 2011 2061 2049 com-

441 2167 445 2172 ν
483 2093 686 2162 patitur
713 2093 953 2161 corpori,
992 2108 1089 2146 nec
1124 2105 1322 2161 corpus
1363 2090 1690 2158 incorporeo
1728 2106 1741 2142 :
1780 2088 1894 2157 jam
1935 2101 2064 2142 vero

486 2184 668 2238 anima
696 2185 1026 2254 compatitur
1049 2184 1264 2254 corpori
1309 2200 1322 2237 :
1374 2197 1506 2252 ergo
1528 2182 1706 2235 anima
1732 2190 1814 2236 est
1841 2194 2060 2250 corpus.

484 2271 580 2326 Est
601 2283 782 2329 autem
812 2274 1188 2343 pra’judicium
1232 2289 1355 2328 cum
1386 2275 1508 2343 quis
1530 2273 1662 2327 dicit
1713 2272 1850 2326 nihil
1879 2272 2063 2325 incor-

482 2377 707 2432 pureum
759 2364 974 2433 corpori
1008 2364 1243 2432 compati
1301 2379 1316 2417 :
1372 2364 1501 2432 quid
1558 2362 1703 2416 enim
1737 2362 1782 2418 si
1829 2361 1933 2415 hoc
1961 2361 2062 2416 soli

483 2454 680 2508 auium:
701 2455 1030 2509 conveniat?
1062 2454 1331 2510 Caeterum
1371 2453 1672 2522 ambigunt,
1719 2464 1902 2507 utrum
1943 2467 2066 2506 cor-

483 2557 604 2612 pus,
637 2543 906 2613 accipiens
941 2544 1010 2599 ab
1039 2545 1217 2599 anima
1251 2542 1526 2598 sentiendi
1579 2542 1921 2604 facultatem,
1975 2555 2064 2595 so-

484 2633 593 2687 lum
623 2633 823 2700 doleat,
859 2635 1040 2690 anima
1091 2644 1272 2690 autem
1323 2633 1525 2689 aﬂ'ectu
1579 2633 1839 2686 immunis
1874 2632 1946 2686 sit
1993 2647 2065 2686 an

483 2723 697 2791 corpori
729 2723 1113 2791 compatiatur.
1154 2724 1219 2778 Et
1253 2722 1394 2793 apud
1427 2720 1879 2789 iutelligeutiores
1912 2719 2068 2790 prior

481 2815 754 2870 sententia
785 2816 1058 2885 praevalet.

553 3083 678 3140 Iam
741 3099 871 3140 vero
921 3084 1170 3139 videmus
1223 3083 1390 3137 etiam
1448 3083 1765 3151 incorporea
1821 3083 2066 3150 quadam

479 3177 806 3249 corporibus
834 3177 1070 3246 compati
1115 3193 1130 3231 :
1185 3175 1475 3245 qualitates
1515 3175 1683 3240 enim,
1731 3173 1856 3228 licet
1886 3175 2067 3229 incor-

2171 1990 2266 2042 καὶ
2294 1986 2545 2040 νοσοῦντι
2579 1984 2681 2055 μὲν
2728 1980 3000 2042 συννοσεῖ,
3044 1979 3142 2032 καὶ
3169 1973 3492 2046 τεμνομένῳ
3532 1969 3754 2023 σιινοέἰυ⁴

2170 2082 2329 2134 νᾶται
2350 2098 2363 2110 ·
2405 2079 2501 2132 καὶ
2529 2074 2899 2147 αἰσχυνομένη
2925 2069 3156 2144 ἐρυθρὸν
3191 2064 3334 2130 εἶδος
3363 2055 3629 2126 δείκνυσι,
3655 2061 3754 2112 καὶ

2171 2171 2480 2242 φοϐουμένη
2529 2168 2731 2240 ὠχρόν.
2765 2166 2934 2220 Οὐδὲν
2980 2164 3038 2217 δὲ
3091 2160 3386 2231 ἀσώματον
3436 2156 3754 2228 συμπάσχει

2173 2265 2389 2336 σώματι
2415 2301 2430 2316 .
2473 2262 2594 2316 οὐδὲ
2639 2260 2921 2329 ἀσωμάτῳ
2971 2257 3132 2352 σῷμα
3165 2273 3180 2288 ο
3237 2251 3585 2352 συμπάσχειῃ
3611 2249 3668 2303 δὲ

2169 2356 2318 2426 ψυχὴ
2352 2354 2431 2426 τῷ
2463 2353 2682 2424 σώματι
2709 2368 2722 2381 ·
2761 2351 2924 2419 σῶμα
2953 2340 3066 2417 ἆρᾶ
3095 2348 3129 2418 ἡ
3148 2345 3320 2416 ψυχή.
3354 2343 3511 2395 Ἐστι
3540 2341 3596 2395 δὲ
3613 2340 3757 2393 κατὰ

2174 2447 2446 2519 πρόληψιν
2473 2445 2800 2515 ἐγκείμενον
2832 2439 2894 2494 τὸ
2921 2439 3086 2508 λέγον
3120 2437 3338 2508 λῆμμα,
3401 2432 3573 2487 Οὐδὲν
3612 2431 3758 2485 άσὼ⁴

2176 2551 2346 2605 ματον
2372 2532 2587 2603 σώματι
2622 2531 2944 2600 συμπάσχει
2979 2544 2993 2559 ³
3025 2527 3081 2580 τί
3106 2527 3217 2595 7&9
3245 2525 3294 2577 εί
3323 2524 3461 2593 μόνῃ
3491 2525 3557 2592 τῇ
3607 2521 3754 2590 ψυχῇ

2172 2624 2333 2678 τοῦτο
2366 2624 2663 2695 πρόσεστι;
2698 2621 2845 2692 Πλὴν
2893 2618 3012 2672 ἀλλ’
3061 2615 3495 2686 ἀμφιϐάλλεται,
3531 2611 3640 2665 εἴτε
3695 2612 3759 2664 τὸ

2175 2714 2335 2784 σῶμα
2363 2714 2525 2782 μόνον
2557 2711 2674 2765 ἐστὶ
2703 2711 2764 2764 τὸ
2792 2708 3000 2778 ἀλγοῦν
3045 2707 3214 2760 λαϐὸν
3252 2704 3406 2776 παρὰ
3442 2703 3541 2771 τῆς
3576 2700 3758 2772 ψυχῆς

2172 2802 2272 2870 τὴν
2307 2801 2594 2871 αἴσθησινο
2631 2799 2773 2870 αὐτὴ
2803 2795 2861 2852 δὲ
2891 2796 3044 2868 μένει
3073 2793 3292 2864 ἀπαθής
3323 2810 3337 2825 ·
3369 2791 3481 2845 είτε
3512 2791 3610 2844 καὶ
3633 2806 3757 2844 συν-

2187 2892 2343 2960 αλγεῖ
2390 2891 2468 2962 τῷ
2519 2890 2764 2961 σώματι,
2813 2888 2906 2943 καὶ
2953 2889 3149 2960 κρατεῖ
3187 2884 3391 2958 μᾶλλον
3450 2882 3603 2954 παρὰ
3635 2881 3754 2944 τοῖς

2175 2983 2539 3052 ἑνδοξοτέροις
2567 2982 2629 3035 τὺ
2658 2983 2949 3053 πρότερον.

2245 3073 2530 3125 Δείκνυται
2559 3071 2616 3124 δὲ
2645 3071 2737 3125 καί
2765 3088 2887 3125 τινα
2913 3067 3183 3137 ἀσώματα
3215 3065 3614 3138 συμπάσχοντα
3640 3064 3757 3124 τοῖς

2178 3163 2394 3234 σώμασι
2420 3182 2434 3196 ·
2469 3164 2528 3216 ai
2598 3161 2889 3232 ποιότητες
2937 3159 3046 3230 7&9
3081 3157 3371 3227 ἀσώματοι
3409 3151 3592 3216 οὖσαι,
3645 3169 3755 3206 παι

483 3241 669 3339 porea
694 3270 826 3334 sint,
848 3241 1067 3338 quando
1105 3241 1336 3336 corpora
1381 3267 1685 3336 patiuntur,
1736 3266 1803 3320 iis
1841 3279 2067 3334 compa-

2171 3256 2410 3328 σχόντων
2453 3255 2563 3310 τῶν
2594 3252 2888 3324 σωμάτων,
2941 3250 3038 3305 καὶ
3069 3241 3233 3302 αὗται
3292 3247 3752 3318 συμπάσχουσινσ

483 3363 718 3423 tiuntur,
753 3368 809 3414 et
833 3360 886 3413 in
917 3358 1140 3414 interitu
1169 3369 1225 3414 et
1252 3359 1305 3414 iu
1333 3369 1462 3414 natu
1488 3374 1612 3415 cum
1639 3372 1870 3426 corpore
1906 3354 2069 3410 simul

488 3461 786 3506 mutantur.
834 3449 1218 3507 Commutatur
1261 3450 1315 3504 in
1356 3451 1537 3505 anima
1585 3465 1759 3515 mens,
1813 3465 1936 3520 quae
1983 3455 2070 3504 est

479 3540 722 3610 qualitas
742 3539 826 3594 vel
854 3538 1104 3594 accidens
1137 3557 1152 3594 :
1191 3553 1300 3594 non
1346 3538 1494 3593 enim
1522 3538 1712 3592 anima
1751 3537 1807 3590 iu
1859 3544 2064 3601 tuente,

481 3633 583 3686 sed
619 3646 775 3686 mens
820 3641 904 3686 est
935 3631 991 3685 in
1043 3631 1246 3696 anima,
1307 3629 1597 3699 siquidem,
1622 3629 1804 3682 anima
1833 3627 2068 3694 sublata,

484 3726 656 3778 etiam
689 3739 844 3779 mens
880 3722 1089 3778 tollitur
1119 3741 1134 3778 :
1178 3722 1270 3780 ubi
1307 3724 1451 3776 enim
1493 3737 1599 3775 non
1636 3729 1724 3776 est
1777 3719 1980 3783 anima,
2014 3719 2069 3773 in

487 3829 599 3883 quo
624 3815 730 3869 erit
761 3814 950 3868 mens?
978 3812 1156 3870 Mente
1206 3824 1389 3868 autem
1435 3812 1672 3877 sublata,
1700 3827 1808 3866 non
1843 3811 2071 3866 omnino

489 3906 701 3960 tollitur
739 3904 945 3960 anima.
971 3905 1235 3960 Nimirum
1266 3903 1448 3958 anima
1481 3911 1638 3959 extra
1676 3910 1913 3959 mentem
1951 3917 2074 3958 esse

489 3995 674 4051 videtu
683 4010 730 4049 r.

560 4191 756 4248 Anima
797 4189 963 4261 igitur
993 4196 1075 4243 est
1105 4187 1409 4244 substantia
1451 4195 1508 4242 et
1549 4187 1877 4258 subjectum,
1919 4201 2076 4244 mens

489 4299 625 4341 vero
651 4283 888 4354 qualitas
922 4289 980 4337 et
999 4280 1256 4337 accidens
1291 4297 1308 4334 :
1337 4279 1452 4351 jam
1495 4281 1750 4336 accidens
1779 4290 1888 4346 est,
1928 4281 2074 4351 quod

487 4377 615 4430 sine
641 4373 971 4428 detrimento
1003 4369 1235 4439 subjecti
1265 4378 1320 4424 et
1340 4370 1496 4425 adest
1528 4378 1584 4425 et
1606 4370 1790 4437 abest;
1821 4371 2078 4425 substan-

491 4466 567 4520 tia
601 4474 781 4520 autem
804 4475 996 4518 eorum
1020 4475 1142 4531 qua
1163 4461 1485 4531 simpliciter
1522 4467 1669 4527 sunt,
1697 4459 2076 4516 exsistentiam

489 4556 788 4626 signiﬁcat,
834 4555 940 4610 hoc
975 4561 1058 4609 est
1095 4553 1239 4621 quod
1273 4551 1598 4620 simpliciter
1644 4551 1778 4607 sint.
1814 4551 2077 4606 Dicuntur

488 4648 638 4701 enim
669 4659 793 4700 esse
812 4643 994 4697 omnia
1025 4657 1146 4713 quae
1167 4649 1314 4705 sunt,
1339 4639 1598 4696 nimirum
1623 4639 1820 4710 angeli,
1849 4641 2070 4708 animas,

489 4737 770 4803 animalia,
797 4736 1016 4806 plantae,
1052 4733 1276 4805 lapides.
1311 4731 1428 4788 Hoc
1453 4732 1620 4802 igitur
1655 4733 1907 4789 omnibus
1952 4748 2074 4803 qua

492 4837 624 4885 sunt
659 4842 947 4884 commune
971 4835 1078 4882 est.
1113 4825 1445 4882 Substantiz
1468 4839 1662 4880 nomen
1695 4825 1860 4897 igitur
1889 4827 1956 4882 ad
1984 4841 2074 4883 res

490 4930 762 4992 quatenus
784 4927 930 4984 sunt,
950 4920 1208 4990 pertinet;
1229 4928 1442 4974 natura!
1460 4926 1640 4974 autem
1666 4932 1864 4973 nomen
1882 4931 2071 4973 eorum

490 5025 614 5080 quae
642 5009 964 5078 simpliciter
995 5017 1145 5072 sunt,
1177 5017 1380 5064 motum
1430 5007 1652 5065 indicat.
1695 5006 1889 5064 Omnia
1925 5006 2074 5060 enim

496 5102 700 5158 moveri
749 5101 1020 5166 videmus,
1061 5117 1161 5158 nec
1205 5115 1392 5156 eorum
1419 5116 1540 5172 quae
1569 5101 1710 5156 facta
1732 5108 1881 5167 sunt,
1913 5098 2078 5167 quid-

492 5208 657 5262 quam
693 5199 780 5246 est
805 5192 928 5246 sine
958 5201 1128 5247 motu.
1169 5192 1542 5248 Substantiam
1591 5191 1756 5261 igitur
1804 5188 2077 5260 appellant

493 5296 684 5338 eorum
709 5299 832 5354 quae
873 5285 1194 5354 simpliciter
1219 5293 1348 5342 sunt
1395 5283 1788 5349 exsistentiam,
1820 5293 2071 5339 naturam

497 5383 678 5428 autem
708 5387 897 5429 eorum
928 5389 1048 5443 qua
1067 5374 1388 5465 simpliciter
1413 5382 1563 5441 sunt,
1597 5381 1822 5429 motum.

572 5544 776 5603 Natura
802 5559 986 5604 autem
1009 5548 1449 5618 estquintuplex,
1473 5547 1732 5602 nimirum
1752 5546 2072 5616 spiritualis,

505 5646 597 5692 aut
641 5639 944 5705 rationalis,
1000 5649 1094 5695 aut
1144 5641 1432 5706 sensualis,
1481 5648 1574 5692 aut
1603 5637 1940 5708 vegetabilis,
1981 5648 2077 5694 aut

2170 3347 2227 3398 εν
2265 3363 2324 3398 τε
2355 3349 2423 3415 τῇ
2458 3345 2640 3416 φθορᾷ
2665 3344 2760 3398 καὶ
2780 3345 2846 3414 τῇ
2879 3341 3099 3410 γενέσει
3139 3337 3630 3408 συναλλοιούμεναι
3679 3336 3759 3405 τῷ

2170 3436 2408 3508 σώματι.
2456 3435 2794 3490 ’Δλλοιοῦται
2823 3434 2882 3489 δὲ
2920 3436 2980 3487 ὲν
3018 3433 3167 3505 ψυχῇ
3195 3431 3482 3506 φρόνησις,
3533 3430 3761 3498 ποιότης

2169 3525 2328 3594 οὖσα,
2355 3529 2391 3599 ἦ
2423 3527 2775 3600 συμϐεϐηκός
2805 3543 2819 3558 ο
2857 3527 2919 3580 οὐ
2960 3527 3072 3597 γάρ
3121 3527 3272 3578 ἐστιν
3329 3525 3362 3594 ἠ
3393 3522 3540 3594 ψυχὴ
3577 3522 3637 3576 ὲν
3691 3524 3760 3592 τῇ

2171 3619 2458 3691 φρονήσει,
2514 3617 2634 3673 ἀλλ’
2669 3618 2705 3687 ἡ
2753 3617 3024 3688 φρόνησις
3061 3616 3123 3666 ἐν
3175 3615 3242 3686 τῇ
3273 3613 3457 3683 ψυχῇ·
3512 3611 3614 3682 τῆς
3661 3609 3764 3680 μὲν

2170 3709 2281 3779 7&9
2301 3708 2482 3780 ψυχῆς
2499 3708 2934 3779 ἀναιρουμένης,
2951 3706 3267 3776 ἀναιρεῖται
3291 3703 3439 3773 καὶὴ
3464 3701 3760 3774 φρόνησις·

2176 3801 2253 3870 μὴ
2293 3799 2463 3868 οὔσης
2508 3800 2619 3871 7&9
2651 3799 2856 3870 ψυχῆς,
2907 3800 2967 3851 ὲν
3013 3795 3123 3850 τίνι
3170 3794 3326 3848 ἔσται
3359 3793 3394 3864 ή
3457 3793 3759 3864 φρόνησις;

2170 3893 2492 3963 Φρονήσεως
2518 3891 2578 3945 δὲ
2607 3889 3040 3960 ἀναιρουμένης,
3073 3889 3136 3941 οὐ
3185 3886 3408 3949 πάντως
3439 3885 3758 3955 ἀναιρεῖται

2174 3985 2209 4053 ἡ
2239 3983 2428 4054 ψυχή’
2460 3981 2737 4054 ἐνδέχεται
2781 3982 2892 4051 γάρ
2921 3977 3065 4034 εἶναι
3105 3979 3286 4050 ψυχὴν
3342 3976 3504 4041 ἐκτὸς
3539 3975 3750 4048 φρονή-

2174 4088 2320 4128 σεως

2249 4182 2410 4237 Ἔστι
2441 4179 2542 4253 μὲν
2563 4181 2659 4236 οὖν
2695 4183 2729 4253 η
2763 4181 2864 4253 μὲν
2915 4180 3084 4252 ψυχὴ,
3116 4181 3278 4236 οὐσία
3316 4180 3411 4234 καὶ
3456 4177 3766 4250 ὐποκείμι-

2176 4289 2300 4328 νον·
2333 4275 2368 4344 ἡ
2400 4271 2459 4326 δὲ
2493 4272 2782 4344 φρόνησις,
2819 4271 3045 4342 ποιότης
3077 4271 3174 4325 καὶ¹
3201 4270 3556 4342 συμϐεϐηκός
3577 4287 3592 4301 ·
3625 4286 3767 4339 συμ-

2174 4363 2414 4435 ϐεϐηκὸς
2455 4362 2514 4417 δέ
2563 4364 2738 4427 ἐστιν,
2769 4361 2798 4416 ὃ
2831 4361 3043 4432 γίνεται
3083 4362 3178 4416 καὶ
3225 4362 3548 4430 ἀπογίνεται
3591 4361 3766 4432 χωρὶς

2174 4457 2278 4528 τῆς
2305 4455 2402 4510 τοῦ
2433 4456 2808 4527 ὑποκειμένου
2846 4454 3093 4526 φθορᾶςο
3130 4453 3194 4507 τὸ
3238 4453 3371 4523 γοῦν
3419 4453 3522 4523 τῆς
3570 4453 3766 4516 οὐσίας

2178 4549 2350 4620 ϐνομα
2384 4547 2726 4621 σημαντικὸν
2762 4548 3003 4618 ὑπάρχει
3054 4547 3157 4618 τῆς
3209 4545 3398 4609 ἁπλῶς
3445 4546 3556 4598 τῶν
3590 4543 3765 4599 ὄντων

2178 4639 2470 4710 ὑπάρξεως
2505 4653 2520 4668 ’
2551 4635 2834 4690 τουτέστιν
2872 4635 2971 4690 τοῦ
3007 4635 3176 4690 αὐτοῦ
3211 4633 3305 4688 τοῦ
3354 4634 3546 4698 ἁπλῶς
3595 4628 3762 4690 εἶναι.

2177 4730 2441 4798 Λιγονται
2485 4727 2593 4799 7&9
2624 4722 2765 4782 εἶναι
2798 4727 2980 4783 πάντα
3011 4727 3082 4781 τὰ
3123 4726 3274 4792 ὄντα,
3305 4727 3476 4798 ἦγουν
3513 4725 3759 4795 ἄγγελοι,

2178 4820 2276 4874 καὶ
2305 4819 2497 4891 ψυχαὶ,
2526 4819 2624 4872 καὶ
2665 4819 2804 4887 ζῶα,
2857 4818 2952 4871 καὶ
2986 4817 3154 4887 φυτά,
3197 4817 3294 4870 καὶ
3337 4815 3504 4870 λίθοι.
3555 4815 3763 4869 Τούτου

2176 4910 2275 4968 οὖν
2301 4911 2499 4976 κοινῶς
2527 4909 2712 4965 πάντα
2742 4909 2814 4963 τά
2836 4909 2966 4963 ὄντα
2998 4909 3239 4979 μετέχει.
3271 4906 3622 4977 Σημαντικδν
3652 4905 3766 4977 ἄρα.

2180 5004 2298 5058 lati
2343 5002 2442 5056 τοῦ
2486 4999 2628 5057 εἶναι
2666 5001 2730 5056 τὸ
2781 5005 2882 5072 τῆς
2919 4999 3116 5064 οὐσίας
3181 4999 3394 5070 ὄνομα·
3449 4999 3513 5053 τδ
3555 4998 3612 5052 δὲ
3662 4997 3764 5068 τῆς

2180 5096 2398 5166 φύσεως
2422 5096 2594 5168 ὕνομα
2623 5095 2927 5166 δηλωτικὸν
2956 5093 3219 5164 τυγχάνει
3249 5093 3350 5164 τῆς
3404 5090 3596 5155 άπλῶς
3649 5089 3765 5145 τῶν

2179 5187 2354 5241 όντων
2385 5189 2678 5259 κινήσεως.
2713 5184 2898 5239 Πάντα
2924 5184 3035 5256 7&9
3070 5186 3130 5238 ὲν
3165 5185 3382 5253 κινήσει
3409 5184 3629 5256 ὁρᾶται,
3665 5180 3765 5235 καὶ

2181 5279 2335 5333 οὐδέν
2368 5280 2519 5332 ἐστιν
2553 5278 2811 5349 ἀκίνητον
2862 5277 2973 5331 τῶν
3020 5275 3349 5344 γεγονότων.
3407 5275 3612 5328 Οὐσίαν
3666 5268 3763 5326 οὖν

2181 5369 2408 5424 καλοῦσι
2453 5371 2556 5442 τὴν
2588 5370 2778 5434 ἁπλῶς
2816 5369 2927 5422 τῶν
2974 5366 3147 5422 όντων
3195 5365 3455 5439 ὕπαρξιν,
3511 5365 3677 5436 φύσιν
3703 5364 3764 5418 δὲ

2181 5462 2351 5533 αὐτὴν
2374 5463 2474 5536 τὴν
2506 5463 2695 5528 ἁπλῶς
2727 5461 2839 5516 τῶν
2863 5461 3039 5516 όντων
3069 5459 3309 5530 κίνησιν.

2254 5554 2635 5625 Πεντάτροπος
2663 5552 2722 5607 δὲ
2749 5551 2890 5622 αὐτη
3025 5549 3136 5621 7&9
3179 5547 3348 5620 νοερὰ
3407 5546 3691 5618 τυγχάνει,
3723 5543 3762 5615 ἢ

2181 5644 2398 5716 λογικὴ,
2449 5643 2484 5715 ἢ
2518 5641 2834 5715 αἰσθητικὴ,
2889 5640 2923 5712 ἢ
2990 5640 3215 5710 φυτικὴ,
3262 5638 3296 5710 ἢ
3349 5637 3576 5708 ἄψυχος.
3646 5637 3766 5692 Καὶ
3843 5705 3857 5717 ⁸

575 5813 622 5902 ξ’
655 5814 832 5867 διαστ.
860 5811 1002 5864 ὥστε
1031 5811 1152 5867 οὐτε
1187 5813 1344 5885 σῶμα
1378 5814 1524 5867 ἐστὶν
1553 5815 1585 5882 ἡ
1611 5813 1758 5886 ψυχὴ
1777 5813 1904 5869 οὐτε
1933 5818 2094 5891 τριχῆ
2122 5817 2383 5890 διαστατή
2415 5813 2475 5874 P.
2553 5821 2596 5852 ⁸⁷
2642 5817 2839 5890 ὀδύνης
2879 5816 3145 5888 ἐμπαθῶς
3179 5816 3294 5888 διχ.
3340 5815 3398 5870 l‘.
