4142 6482
489 417 628 475 1307

1793 417 2070 473 MELETII
2117 416 2427 473 MONACIII

3625 429 3770 488 i308

487 551 596 600 rat.
637 547 730 592 aut
761 553 953 592 venam
1008 537 1221 604 incldit,
1274 547 1367 593 aut
1402 540 1510 592 urit
1554 539 1814 608 aliquem,
1866 539 2066 593 distin-

2174 555 2286 600 τιος
2306 541 2334 592 ὁ
2359 539 2519 608 ἐμὸς,
2545 538 2635 592 ὅτε
2654 537 2828 603 ἑστὼς
2851 537 3247 609 ἀναγινώσκει,
3279 542 3310 615 ἢ
3346 541 3710 616 φλεδοτομεῖ,
3733 549 3768 619 ἢ

489 640 638 683 ctum
706 645 737 684 a
795 631 1013 684 caneris
1075 630 1332 684 fratribus
1384 645 1443 684 se
1483 633 1734 699 praebet:
1784 639 2069 699 propterea

489 722 853 786 individuum,
885 723 1030 786 quod
1059 736 1156 791 per
1200 738 1327 777 suas
1363 724 1643 792 prosprias
1681 725 1927 778 actiones
1960 727 2072 779 dis-

492 816 758 884 tinguitur
805 831 833 869 a
870 816 1101 876 caneris,
1137 825 1406 883 quatenus
1463 816 1580 869 haec
1636 815 1786 879 facit,
1840 832 2071 884 persona

460 907 717 959 "dicitur.
755 906 872 960 Jam
907 920 1033 958 vero
1067 921 1175 959 non
1220 906 1451 973 amplius
1485 904 1686 960 Meletii
1744 908 1915 962 solius
1942 907 2070 962 illud

493 997 694 1050 factum
725 1005 806 1051 est
839 995 1187 1064 partienlare,
1239 998 1383 1066 quod
1431 997 1677 1066 exploret
1727 1006 1819 1052 aut
1883 1013 2072 1052 venam

496 1089 719 1150 incidat,
759 1088 852 1141 sed
889 1088 1148 1157 Stephani
1181 1101 1396 1158 quoque
1423 1098 1478 1142 et
1518 1086 1722 1142 Nicolai
1754 1105 1769 1143 :
1801 1088 2070 1158 ejusmodi

490 1180 634 1234 enim
664 1179 1013 1248 operationes
1048 1179 1358 1243 rationalis,
1383 1195 1487 1233 non
1513 1180 1650 1233 alius
1679 1190 1890 1236 natura:
1922 1190 2072 1255 sunt,

490 1271 755 1340 siquidem
783 1282 1001 1339 semper
1030 1284 1094 1324 ea
1119 1284 1238 1338 qua:
1268 1272 1516 1324 eamdem
1537 1270 1810 1341 energiam
1841 1271 2071 1334 habent,

487 1365 732 1435 ejusdem
765 1364 1085 1419 substantia:
1107 1377 1230 1418 esse
1252 1364 1451 1431 solent,
1478 1365 1648 1433 quod,
1669 1363 1890 1433 quando
1918 1363 1985 1417 de
2007 1362 2074 1417 iis

489 1470 609 1525 qua!
631 1466 759 1511 sunt
789 1457 1016 1511 diversae
1047 1465 1271 1521 naturze,
1305 1457 1501 1524 agitur,
1525 1450 2072 1526 improbabileetim-

490 1548 749 1616 possibile
784 1555 890 1603 est.
917 1548 1184 1603 Catterum
1217 1565 1338 1618 qua:
1366 1548 1725 1619 heterogenea
1757 1557 1810 1602 et
1842 1546 2072 1604 diversae

491 1634 696 1695 natura:
723 1651 871 1706 sunt,
913 1642 1160 1695 eamdem
1189 1641 1391 1694 habere
1412 1641 1715 1710 energiam,
1749 1641 2071 1710 prudentio-

492 1749 610 1788 rum
650 1748 811 1788 nemo
839 1731 1098 1789 concedet
1127 1750 1140 1786 :
1188 1747 1362 1802 neque
1391 1733 1538 1786 enim
1574 1732 1712 1801 ignis
1755 1732 2067 1804 refrigerat,

493 1838 671 1894 neque
702 1824 904 1895 glacies
936 1824 1224 1892 calefacit;
1253 1822 1532 1894 multiplex
1573 1835 1753 1880 autem
1787 1838 1870 1881 est
1899 1841 2071 1881 ener-

489 1916 591 1985 gize
619 1917 787 1970 notio.

563 2009 776 2065 Dicitur
805 2009 949 2064 enim
980 2009 1202 2080 energia
1235 2010 1469 2079 primum
1505 2008 1764 2078 cogitatio
1812 2009 1864 2062 in
1891 2017 2073 2063 mente

476 2098 820 2166 ‘stthsislens,
869 2110 1033 2170 atque
1059 2111 1141 2155 est
1169 2100 1400 2170 simplex
1425 2109 1479 2154 et
1508 2102 1819 2156 necessaria
1853 2101 2075 2170 energia

491 2194 716 2258 mentis,
745 2209 866 2264 qua:
893 2193 1149 2249 invisibili
1177 2196 1338 2248 modo
1374 2194 1516 2249 intra
1567 2210 1628 2251 se
1662 2194 1828 2250 volvit
1867 2195 2076 2262 cogita.

493 2287 671 2342 tiones
688 2302 836 2351 suas,
857 2286 974 2342 sine
992 2287 1189 2356 quibus
1215 2301 1315 2341 nec
1347 2301 1499 2342 mens
1521 2286 1626 2340 dici
1648 2286 1845 2356 possit.
1871 2286 2076 2340 Deinde

493 2379 713 2449 energia
760 2377 960 2432 dicitur
1011 2377 1398 2447 cogitationum
1449 2377 1826 2432 manifestatio
1877 2387 1932 2431 et
1962 2391 2062 2431 ex-

493 2470 716 2540 plicatio
737 2485 856 2538 quae
881 2470 940 2522 fit
964 2483 1060 2537 per
1089 2469 1252 2522 verba
1294 2468 1438 2538 :jam
1471 2483 1600 2522 vero
1629 2468 1745 2522 haec
1772 2481 1953 2538 neque
1989 2481 2079 2523 ne-

492 2562 734 2618 cessaria
758 2572 840 2616 est
868 2575 1043 2630 neque
1076 2559 1332 2628 simplex,
1365 2562 1458 2612 sed
1494 2559 1820 2615 relationem
1867 2561 2072 2626 habet;

495 2653 611 2722 ipsa
648 2653 793 2706 enim
831 2651 1044 2715 relatio,
1079 2665 1243 2720 quam
1282 2665 1450 2720 agens
1480 2649 1648 2704 habet
1701 2653 1770 2704 ad
1819 2651 1870 2705 id
1929 2651 2076 2721 quod

495 2745 578 2808 fit,
617 2744 838 2814 energia
877 2743 1122 2814 quaedam
1150 2751 1252 2805 cst,
1288 2752 1343 2796 et
1375 2742 1580 2812 pariter
1605 2742 1658 2797 id
1687 2757 1904 2812 quoque
1930 2744 2074 2814 quod

497 2839 576 2893 lit.
627 2837 792 2893 Verbi
847 2852 1034 2902 causa,
1077 2851 1231 2891 mens
1288 2849 1406 2889 mea
1463 2835 1707 2890 vulneris
1763 2836 2076 2892 cicatricem

495 2929 768 2998 previdit,
805 2943 994 2981 manus
1021 2942 1140 2980 mea
1167 2927 1418 2993 curavit,
1465 2935 1521 2980 et
1551 2941 1716 2981 causa
1764 2927 2075 2996 disparuit:

495 3021 900 3092 nonnehorum
926 3020 1157 3086 quodvis
1190 3020 1503 3089 encrgicum
1530 3020 1629 3074 tibi
1657 3020 1901 3076 videtur?
1932 3020 2079 3092 Ope-

498 3113 672 3167 rantis
693 3112 915 3167 omnino
941 3126 1062 3165 csse
1097 3110 1268 3164 dices.
1301 3110 1565 3165 Nimirum
1596 3112 1792 3166 anima“:
1829 3123 1911 3168 est
1945 3115 2079 3169 sim-

495 3201 711 3272 pliciter
727 3203 990 3271 cogitare,
1018 3199 1084 3255 de
1115 3215 1278 3255 causa
1307 3200 1542 3268 scilicet,
1581 3202 1778 3278 animae
1805 3215 1988 3258 autem
2025 3215 2081 3260 et
2180 3228 2310 3294 76v;

2185 628 2332 682 καίει
2364 628 2508 694 τινά,
2555 630 2998 703 ἀποκεκριμένον
3029 633 3227 687 ἐαυτὸν
3263 633 3374 687 τῶν
3426 634 3630 688 λοιπῶν
3652 635 3768 690 δεί-

2179 735 2374 773 κνυσιν
2389 719 2638 790 ἀδελφῶν
2661 737 2677 754 ·
2701 721 2844 777 ὥστε
2865 723 2928 778 τδ
2951 724 3040 779 διά
3061 725 3174 780 τῶν
3203 727 3424 781 οἰκείων
3446 727 3766 798 ἐνεργειῶν,

2179 811 2288 866 τῶν
2311 812 2516 867 λοιπῶν
2537 813 2942 886 διαιρούμενον,
2965 817 3168 889 ἄτομον
3189 819 3482 890 πρόσωπον
3513 820 3768 874 καλεῖται

2160 897 2364 962 ’τοιάδε
2394 910 2604 966 ποιοῦν.
2651 913 2823 968 Τοῦτο
2857 915 2914 968 δὲ
2939 915 3040 968 οὐκ
3091 915 3173 970 ἔτι
3207 917 3478 971 Μελετίου
3509 918 3675 988 τυχὸν
3705 919 3771 972 τὺ

2181 998 2466 1070 ἐνέργημα
2508 1001 2670 1071 μόνον
2701 1004 3258 1077 ἀποκεχειρισμένον,
3287 1007 3696 1077 ἀναγινώσκειν
3733 1008 3768 1078 ἢ

2165 1090 2541 1164 ⁴φλεϐοτομεῖν
2571 1095 2636 1160 ⁸⁸,
2679 1095 2817 1149 ἀλλά
2849 1100 2944 1152 καὶ
2995 1100 3275 1169 Στεφάνου
3323 1103 3420 1154 καὶ
3461 1101 3767 1156 Νικολάουο

2180 1181 2412 1253 λογικῆς
2447 1186 2556 1255 γάρ
2579 1187 2696 1240 ἐστι
2733 1187 2955 1258 φύσεως
2984 1190 3053 1243 τὰ
3089 1191 3317 1246 τοιαῦτα
3347 1193 3508 1266 ἔργα,
3546 1195 3640 1247 καλ⁵
3666 1194 3770 1248 οὐκ

2180 1273 2349 1346 ἄλλης
2369 1292 2383 1306 ο
2420 1277 2568 1343 φιλεῖ
2597 1279 2706 1351 γάρ
2733 1281 2822 1334 ἀεὶ⁵
2847 1281 2915 1356 τά
2935 1282 3037 1352 τὴν
3061 1283 3232 1355 αὐτὴν
3262 1284 3548 1354 ἐνέργειαν
3573 1285 3770 1356 ἔχοντα

2179 1365 2280 1435 τῆς
2318 1365 2490 1437 αὐτῆς
2529 1369 2798 1440 ὑπάρχειν
2854 1355 3042 1436 ούσίας
3071 1389 3086 1406 ·
3120 1375 3216 1428 καὶ
3271 1375 3335 1428 τὸ
3387 1355 3686 1447 ἐτεροφυές
3709 1377 3770 1428 ἐν

2180 1455 2392 1520 τούτοις
2425 1458 2690 1516 ἀπίθανον
2724 1462 2816 1517 καὶ
2845 1463 3219 1520 ἀνεπίδεκτον.
3252 1467 3334 1521 Τά
3382 1468 3676 1540 ἑτερογενῆ
3711 1469 3770 1522 δὲ

2181 1545 2277 1598 καὶ
2301 1547 2572 1618 ἑτεροφυῆ
2609 1550 2710 1620 τὴν
2745 1551 2919 1622 αὐτὴν
2951 1554 3237 1624 ἐνέργειαν
3272 1556 3374 1610 οὐκ
3419 1556 3484 1610 ἄν
3512 1573 3597 1620 τις
3620 1557 3770 1628 ἔχειν

2179 1635 2295 1707 δοίη
2337 1642 2632 1710 σωφρονῶν
2659 1659 2675 1676 ο
2710 1645 2836 1698 οῦτε
2868 1645 2977 1716 γάρ
3003 1645 3168 1718 ψύχει
3196 1647 3257 1701 τὸ
3305 1647 3442 1721 πῦρ,
3478 1648 3604 1702 οὔτε
3639 1650 3771 1721 θερ-

2184 1727 2366 1796 μαίνει
2401 1730 2430 1781 ὁ
2461 1730 2800 1801 κρύσταλλος
2827 1750 2842 1766 ο
2879 1736 3199 1809 πολύσημος
3243 1737 3302 1795 δέ
3329 1741 3449 1794 ἐστι
3477 1741 3576 1812 τῆς
3609 1741 3769 1812 ἐνερ-

2180 1819 2340 1887 γείας
2375 1823 2406 1893 ὴ
2432 1824 2615 1894 φωνή.
3383 1831 3390 1838 “

2247 2035 2486 2104 Λέγεται
2514 2038 2626 2111 γάρ
2648 2039 2905 2113 ἐνέργεια
2922 2043 2985 2098 τὸ
3009 2045 3230 2116 πρῶτον
3249 2047 3310 2102 ἐν
3329 2046 3412 2102 νοῒ
3434 2048 3774 2119 συνιστάμε-

2176 2143 2267 2180 νον
2290 2128 2473 2200 νόημα
2497 2148 2513 2163 ο
2571 2133 2667 2186 καὶ
2700 2134 2851 2189 ἐστιν
2895 2137 3044 2207 ἀπλῆ
3078 2139 3173 2192 καὶ
3231 2139 3463 2210 ἄσχετος
3508 2141 3769 2214 ἐνέργεια

2176 2217 2273 2273 τοῦ
2305 2220 2420 2284 νοῦ,
2457 2222 2584 2276 καθ’
2624 2225 2794 2280 αὐτὸν
2835 2228 3066 2298 ἀφανῶς
3092 2230 3163 2284 τὰ
3191 2229 3303 2285 tam
3332 2232 3582 2304 νοήματα
3631 2250 3771 2304 προ-

2164 2311 2515 2384 βαλλομένου
2541 2332 2556 2348 ·
2575 2309 2654 2371 ῶν
2687 2319 2862 2389 χωρὶς
2893 2321 3018 2377 οὐδέ
3045 2321 3174 2386 νοῦς
3204 2322 3274 2378 ἀν
3303 2323 3559 2397 κληθείη.
3595 2323 3772 2393 Λέγε-

2175 2417 2268 2456 ται
2321 2403 2486 2458 πάλιν
2519 2405 2792 2477 ἐνέργεια,
2823 2409 2856 2477 ὴ
2888 2409 3110 2481 διάξτῆς
3144 2414 3433 2483 προφορᾶς
3475 2411 3572 2466 τοῦ
3603 2413 3768 2482 λόγου

2169 2495 2488 2566 ,φανέρωσις
2522 2499 2615 2552 καὶ
2645 2497 2960 2565 ἐξάπλωσις
2986 2501 3098 2557 τῶν
3129 2501 3474 2574 νενοημένων
3493 2515 3507 2528 °
3543 2501 3682 2573 αὕτη
3709 2504 3770 2558 δὲ

2175 2585 2279 2640 οὐκ
2325 2587 2406 2640 ἐτι
2433 2588 2664 2658 ἄσχετος
2692 2592 2788 2646 καὶ
2833 2592 3004 2662 ἀπλῆ,
3033 2591 3153 2648 ἀλλ’
3208 2595 3268 2646 ἐν
3305 2593 3489 2664 σχέσει
3533 2593 3771 2666 θεωρου-

2180 2676 2318 2749 μένη
2345 2693 2359 2708 ·
2396 2678 2625 2751 καὶγὰρ
2663 2681 2803 2752 αὑτὴ
2831 2683 2864 2752 ἡ
2898 2683 3110 2753 σχέσις,
3140 2683 3208 2755 ἢν
3241 2684 3360 2756 ἔχει
3410 2684 3548 2756 πρὸς
3585 2685 3646 2739 τὸ
3682 2701 3771 2753 γι-

2177 2769 2403 2841 νόμενον
2433 2772 2461 2824 ὁ
2493 2771 2687 2836 ποιῶν,
2714 2773 2972 2844 ἐνέργειά
3005 2774 3090 2838 τίς
3115 2776 3235 2830 ἐστι
3267 2791 3281 2806 ο
3313 2776 3408 2830 καὶ
3434 2777 3574 2848 αὑτὴ
3596 2775 3767 2830 πάλιν

2171 2859 2238 2926 τὸ
2285 2861 2722 2935 ἀποτελούμενον
2755 2865 2981 2936 ὁμοίως.
3015 2861 3164 2931 Οἷον,
3215 2868 3609 2940 προεθεώρησέ
3659 2886 3765 2939 μου

2176 2951 2205 3004 δ
2231 2951 2357 3016 νοῦς
2379 2953 2442 3007 τὸ
2464 2955 2623 3020 ἐλκος
2652 2957 2748 3011 τοῦ
2781 2958 3123 3028 τραύματος,
3156 2960 3560 3032 ἐχειρούργησέ
3591 2978 3693 3031 μου
3724 2962 3764 3031 η
3823 2947 3831 2955 ’

2177 3047 2319 3115 χεὶρ,
2343 3046 2439 3101 καὶ
2466 3046 2776 3120 ἐξεκενώθη
2823 3049 2886 3104 τὸ
2913 3050 3117 3105 αῐτιονο
3172 3052 3514 3124 ἀπετελέσθη
3539 3055 3567 3107 δ
3597 3052 3762 3106 ιὶισθε⁸

2178 3135 2285 3189 νῶν
2312 3138 2502 3210 ὑγιής·
2555 3135 2646 3211 ἆρ’
2692 3136 2792 3196 οῦν.
2818 3142 2970 3196 δοκεῖ
2990 3156 3080 3197 σοι
3107 3144 3320 3198 τούτων
3347 3145 3582 3198 ἕκαστον
3607 3145 3765 3214 ἐνερ-

2343 3228 2449 3282 Τοῦ
2472 3231 2758 3308 ποιοῦντος
2797 3229 2938 3288 εἶναι
2969 3235 3189 3300 πάντως
3219 3236 3390 3306 ἐρεῖς.
3419 3235 3529 3290 Καὶ
3567 3235 3630 3288 τὸ
3661 3235 3767 3306 μέν

493 3294 762 3363 corporis,
801 3308 1026 3358 curare;
1066 3293 1301 3361 energie
1331 3303 1514 3349 autent
1561 3295 1709 3363 linis,
1753 3305 1811 3351 ut
1839 3311 2072 3368 a-grotus

2179 3288 2307 3371 ἐστι⁷
2323 3320 2506 3391 ψυχῆς
2544 3288 2820 3388 ἀπλῶςῐτδ
2848 3325 3043 3396 νοῆσαι
3069 3288 3320 3397 δήλᾎνὲτι
3429 3288 3621 3381 να-ῐτιον
3646 3288 3675 3358 ο.
3702 3288 3771 3379 τῦ

495 3388 788 3442 sanitatem
828 3395 1133 3456 recnperet.
1174 3384 1295 3440 Jam
1338 3386 1384 3441 si
1417 3389 1591 3457 ipsam
1633 3389 1800 3444 vitam
1829 3402 2072 3447 nostram

495 3477 812 3542 humanam,
862 3491 966 3546 qua
1014 3477 1081 3529 ad
1133 3477 1311 3532 cibum
1361 3486 1657 3547 potumque
1707 3481 2072 3549 appetendum

494 3569 867 3640 propellimur,
910 3569 1190 3640 energiam
1241 3570 1546 3636 vocaveris,
1595 3587 1940 3644 nequaquam
1981 3589 2075 3630 er-

495 3659 658 3716 rabis.

566 3832 686 3889 Vita
714 3834 880 3903 igitur
906 3847 1124 3904 quoque
1159 3844 1243 3891 est
1279 3836 1521 3906 energia.
1554 3847 1611 3892 et
1647 3839 1820 3909 prima
1852 3841 2073 3911 quidem

493 3924 746 3979 animalis
766 3925 986 3992 energia
1010 3942 1025 3989 ;
1047 3925 1160 3994 jam
1195 3926 1240 3980 si
1275 3942 1384 3982 non
1411 3929 1654 3998 energia,
1692 3928 1924 3986 affectus
1956 3948 2076 3987 utn-

494 4017 626 4070 nino
655 4015 796 4071 erit:
831 4015 1058 4071 affectus
1097 4027 1279 4071 autern
1312 4021 1531 4089 energia
1568 4029 1650 4075 est
1677 4031 1854 4078 motus
1883 4035 2074 4080 contra

493 4117 768 4172 naturam,
809 4107 950 4176 quod
971 4117 1054 4163 est
1078 4107 1369 4163 absurdum
1398 4128 1411 4164 :
1436 4123 1568 4181 ergo
1590 4112 1700 4167 vita
1731 4115 1956 4171 omnino
1990 4127 2076 4174 est

491 4198 735 4269 energia.
784 4197 958 4252 Etiam
979 4198 1254 4265 voluntas,
1287 4210 1517 4257 emente
1538 4205 1802 4275 originem
1844 4206 2071 4276 ducens,

491 4289 713 4358 energia
742 4298 827 4345 est
856 4303 872 4344 :
901 4305 1055 4346 mens
1079 4292 1224 4346 enim
1256 4308 1484 4350 suorum
1517 4307 1760 4352 motuum
1784 4305 1840 4352 et
1861 4300 2073 4369 cegita-

489 4379 696 4435 tionum
723 4391 807 4436 est
825 4382 998 4452 prima
1031 4397 1198 4438 causa
1246 4403 1260 4440 :
1317 4387 1557 4455 qualitas
1593 4389 1790 4443 ’autem
1829 4400 2074 4446 motuum

489 4479 573 4525 est
601 4470 858 4526 voluntas
908 4474 976 4527 ad
1032 4490 1147 4529 rem
1204 4477 1646 4547 qualemcunque
1684 4478 1913 4534 directa.
1955 4477 2073 4534 Jam

490 4570 758 4628 quatenus
777 4570 860 4617 est
889 4563 1180 4628 voluntas,
1213 4573 1297 4619 est
1336 4566 1558 4635 quidem
1587 4567 1910 4636 simpliciter
1946 4585 2073 4634 una,

493 4649 590 4706 sed
627 4667 810 4707 rerum
843 4654 1197 4722 qualitatibus
1220 4655 1616 4712 etdil'ferentiis
1641 4667 1868 4713 mutata.
1898 4659 2076 4726 Quare

493 4757 599 4798 non
636 4761 799 4798 unum
836 4745 1088 4817 idemque
1111 4754 1195 4801 est
1218 4749 1414 4803 anima:
1445 4749 1749 4806 substantia
1792 4760 1847 4807 et
1876 4769 2072 4824 corpo-

494 4836 568 4890 ris
596 4836 893 4903 inclinatio,
923 4840 1018 4893 sed
1052 4837 1140 4892 illa
1167 4839 1383 4908 quidem
1411 4849 1494 4896 est
1515 4857 1650 4912 opus
1677 4843 1798 4910 Dei,
1830 4846 1946 4901 haec
1973 4862 2072 4901 au-

491 4933 600 4980 tem
632 4941 696 4980 ex
729 4927 884 4982 nobis
907 4927 1039 4996 ipsis
1065 4928 1296 4984 oriunda
1323 4931 1616 5001 propensio
1637 4935 1703 4989 ad
1733 4935 1805 5001 id,
1828 4936 1894 4992 ad
1925 4939 2069 5007 quod

489 5013 634 5068 illam
662 5029 879 5069 movere
904 5017 1207 5074 studemus.
1241 5019 1506 5077 Voluntas
1542 5023 1709 5089 enim,
1745 5041 1840 5096 per
1864 5043 1944 5093 se,
1985 5030 2068 5085 in-

491 5115 679 5161 natum
731 5107 861 5176 quid
914 5116 1019 5176 est,
1051 5119 1107 5164 et
1173 5126 1201 5163 a
1234 5110 1345 5168 Deo
1370 5113 1634 5184 originem
1663 5119 1898 5187 ducens;
1950 5121 2074 5178 talis

488 5213 617 5253 vero
638 5209 732 5253 aut
757 5199 881 5255 talis
905 5201 1158 5259 voluntas
1180 5204 1247 5259 ad
1274 5221 1372 5261 nos
1393 5216 1632 5276 pertinet
1653 5217 1709 5265 et
1729 5211 1796 5265 ad
1821 5220 2068 5268 nostrum

485 5289 792 5346 arbitrium.

560 5381 886 5437 Deliberatio
938 5392 1122 5439 autem
1168 5396 1253 5443 cst
1292 5382 1601 5459 disQuisitio
1642 5391 1710 5449 de
1756 5391 2068 5451 faciendis:

488 5470 851 5530 deliberamus
876 5477 1020 5532 enim
1053 5479 1119 5533 de
1148 5479 1218 5535 iis
1250 5497 1370 5552 qua:
1396 5482 1772 5543 indifferenter
1832 5487 2069 5557 possibi-

405 5601 408 5605 .
489 5560 557 5614 lia
582 5574 729 5618 sunt.
763 5564 885 5621 Jam
909 5583 1041 5624 vero
1073 5570 1450 5632 indifferenter
1481 5579 1761 5648 possibilia
1791 5560 2069 5652 suntquae

489 5662 581 5709 aut
614 5656 794 5713 facere
829 5674 1141 5731 possumus,
1179 5676 1273 5724 aut
1311 5684 1438 5739 non,
1472 5671 1622 5729 verbi
1653 5688 1846 5743 causa,
1878 5675 2067 5731 ambu-

562 5836 606 5869 ⁸⁸
643 5839 875 5908 πελεκᾷν
914 5837 976 5894 Ρ.

2175 3409 2234 3462 δὲ
2271 3409 2450 3482 ψυχῆς
2484 3412 2578 3466 καὶ
2614 3413 2889 3484 σώματος,
2918 3409 3032 3469 οἷον
3060 3415 3122 3469 τδ
3153 3416 3554 3490 χειρουργῆσαι
3577 3433 3590 3447 '
3623 3417 3767 3487 πλὴν

2177 3501 2278 3572 τῆς
2304 3503 2588 3573 ἐνεργείας
2618 3503 2830 3559 ἔνεστιν
2856 3505 3211 3578 ἀποτέλεσμα
3242 3509 3303 3561 τὸ
3333 3506 3654 3577 ἐγγενέσθαι
3674 3507 3768 3561 τὸν

2175 3593 2514 3648 ἀσθενοῦντα
2539 3595 2669 3666 ὑγιῆ
2699 3611 2715 3627 ο
2766 3596 3056 3666 ἐνέργειαν
3081 3597 3138 3653 δέ
3174 3598 3270 3652 καὶ
3298 3601 3400 3669 τὴν
3431 3598 3578 3670 ζωὴν
3605 3598 3768 3668 ἡμῶν

2176 3683 2276 3752 τὴν
2305 3683 2447 3737 κατά
2479 3682 2794 3755 ἄνθρωπον,
2831 3684 2958 3739 καθ’
2979 3685 3048 3756 ἢν
3079 3685 3382 3756 κινούμεθα
3417 3687 3552 3757 πρὸς
3582 3687 3769 3757 ὄρεξιν

2176 3774 2392 3846 τροφῶν
2423 3773 2458 3845 ἢ
2488 3775 2683 3841 ποτοῦ,
2717 3775 2890 3830 εἰπὼν
2920 3777 3022 3831 οὐκ
3049 3778 3115 3832 ἂν
3150 3778 3432 3849 ἁμάρτῃς.
3481 3808 3490 3818 -

2260 3867 2546 3938 Ἐνέργεια
2569 3863 2664 3921 οὖν
2703 3877 2799 3924 καὶ
2826 3871 2859 3940 ἡ
2889 3868 3030 3940 ζωὴ,
3059 3871 3158 3924 καὶ
3179 3871 3212 3940 ἡ
3237 3869 3436 3942 πρώτη
3461 3870 3576 3937 ,τοῦ
3621 3870 3765 3936 ζώου

2175 3958 2462 4029 ἐνέργεια⁸
2497 3961 2546 4014 εί
2571 3960 2627 4013 δὲ
2659 3960 2734 4033 μὴ
2762 3962 3040 4032 ἐνέργεια,
3077 3963 3298 4027 πάντως
3346 3963 3520 4028 πάθος
3540 3981 3556 3997 ·
3590 3964 3768 4028 πάθος

2177 4049 2286 4120 γὰρ
2317 4051 2592 4120 ἐνέργεια,
2621 4053 2656 4124 ὴ
2693 4051 2849 4124 παρά
2881 4052 3046 4122 φύσιν
3069 4053 3316 4124 κίνησις·
3350 4055 3492 4126 ὅπερ
3523 4054 3725 4109 ἄτοπον
3745 4068 3762 4083 ·

2177 4141 2374 4193 οὐκοῦν
2421 4140 2675 4212 ἐνέργεια
2718 4142 2938 4205 πάντως
2982 4144 3016 4212 ἠ
3058 4141 3197 4213 ζωή.
3256 4142 3548 4213 Ἐνέργεια
3585 4143 3682 4198 καὶ
3726 4143 3764 4215 ἠ

2177 4229 2422 4301 θέλησις,
2453 4232 2702 4303 γέννημα
2748 4229 2886 4287 οῦσα
2920 4233 3076 4297 νοός·
3116 4234 3242 4298 νοῦς
3283 4235 3385 4305 μὲν
3429 4235 3542 4306 γάρ
3566 4235 3677 4289 τῶν
3705 4239 3767 4288 ἐν

2176 4322 2328 4394 αὐτῷ
2346 4324 2620 4394 κινήσεων
2637 4327 2736 4384 καὶ
2755 4325 2979 4380 ἐννοιῶν
3009 4344 3050 4380 π
3057 4329 3517 4399 ροκαταρκτικόςξ
3539 4329 3768 4399 ποιότης

2175 4409 2233 4464 δέ
2259 4412 2604 4483 κινημάτων,
2641 4416 2675 4486 ἠ
2705 4417 2793 4488 ἐφ’
2825 4415 3038 4484 ὁτῳοῦν
3074 4419 3171 4470 καὶ
3220 4415 3309 4486 ἐφ’
3336 4419 3554 4490 ἐκάστφ
3605 4420 3767 4492 θέλη-

2180 4520 2265 4568 σις
2288 4521 2303 4536 ·
2349 4507 2630 4576 μονοειδὴς
2667 4508 2770 4577 μέν
2799 4526 2884 4574 τις
2913 4507 3052 4564 οὖσα
3079 4510 3225 4565 κατά
3258 4527 3324 4580 γε
3349 4511 3411 4564 τὸ
3434 4509 3575 4566 εἶναι
3607 4512 3768 4582 θέλη-

2107 4625 2152 4681 D
2181 4610 2266 4658 σις
2295 4595 2514 4660 ἁπλῶςο
2572 4600 2696 4661 ταῖς
2744 4597 2803 4651 δέ
2834 4599 2950 4652 τῶν
3007 4601 3354 4671 πραγμάτων
3389 4603 3639 4672 ποιότησι
3668 4604 3767 4656 καὶ

2181 4684 2466 4756 διαφοραῖς
2485 4687 2929 4762 ἐξαλλασσομένη
2945 4707 2960 4722 ·
2988 4692 3070 4744 ὅτι
3095 4692 3158 4745 ού
3179 4693 3378 4747 ταύτὸν
3400 4693 3582 4764 ψυχῆς
3605 4692 3766 4747 οὐσία

2183 4775 2277 4840 καὶ
2323 4775 2577 4845 σώματος
2612 4778 2938 4849 προαίρεσις
2965 4796 2979 4810 ·
3011 4779 3130 4834 ἀλλ’
3178 4783 3212 4850 ὴ
3249 4782 3351 4852 μέν
3405 4785 3559 4837 ἐστιν
3600 4783 3766 4854 ἔργον

2179 4865 2316 4920 Θεοῦ
2338 4882 2353 4898 ο
2387 4870 2420 4939 ἡ
2450 4867 2509 4922 δὲ
2535 4868 2598 4934 ἐξ
2624 4869 2784 4941 ἡμῶν
2836 4871 3027 4926 αὐτῶν,
3070 4874 3332 4946 γινομένη
3364 4873 3579 4946 κίνησις
3622 4875 3766 4946 πρὸς

2175 4957 2313 5028 ὅπερ
2359 4957 2426 5012 ἂν
2479 4960 2653 5031 αὐτὴν
2697 4960 3051 5032 βουληθῶμεν
3095 4965 3327 5033 ἀγαγεῖν
3357 4968 3446 5037 χή
3504 4967 3605 5038 μὲν
3651 4967 3765 5039 γὰρ

2174 5049 2428 5121 βούλησις
2453 5051 2718 5123 ἔμφυτον,
2763 5055 2862 5108 καὶ
2900 5055 3052 5124 παρὰ
3080 5056 3219 5110 Θεοῦ
3244 5073 3257 5087 ·
3296 5059 3329 5129 ἠ
3353 5057 3410 5112 δέ
3429 5058 3607 5115 τοιάδε
3628 5059 3760 5130 βού-

2174 5138 2331 5212 λησις
2367 5145 2639 5216 ἡμετέρα,
2669 5145 2770 5199 καὶ
2796 5146 2897 5218 τῆς
2922 5148 3151 5220 γνώμης
3178 5151 3360 5220 ἡμῶν.

2249 5403 2510 5474 Βούλησις
2557 5404 2616 5458 δέ
2676 5405 2795 5460 ἐστι
2841 5407 3073 5480 ζήτησις
3123 5409 3250 5483 περὶ
3315 5412 3761 5485 αὐτοπράκτωνδ

2177 5492 2482 5564 βουλόμεθα
2513 5495 2621 5565 γὰρ
2653 5497 2782 5567 περὶ
2831 5497 2942 5551 τῶν
2974 5498 3173 5568 ἐπίσης
3197 5501 3564 5574 ἐνδεχομένων
3590 5519 3606 5535 °
3638 5503 3761 5559 ἐστι

2174 5584 2231 5638 δὲ
2256 5585 2454 5657 ἐπίσης
2483 5587 2858 5658 ἐνδεχόμενον,
2909 5588 2938 5642 δ
2966 5589 3099 5644 αὐτό
3131 5608 3191 5644 τε
3241 5591 3526 5664 δυνάμεθα
3555 5597 3758 5660 ποιεῖν,

2177 5675 2271 5732 καὶ
2294 5676 2354 5731 τὸ
2379 5676 2757 5748 ἀντικείμενον
2783 5676 2959 5752 αὐτῷ’
2982 5674 3118 5751 οἷον,
3137 5681 3200 5736 τὸ
3230 5685 3638 5760 περιπατῆσαι,
3663 5688 3761 5744 καὶ
