4142 6492
337 375 474 433 1309

1599 371 1686 426 DE
1727 369 1912 427 NA'I‘U
1927 369 2014 425 [ΚΑ
2058 368 2370 427 HOMINIS.

3496 377 3635 437 l3l0

338 491 419 563 μὴ
444 489 852 561 περιπατῆσαι·
885 489 948 544 τὸ
1000 489 1255 555 πλεῦσαι,
1283 489 1375 544 καὶ
1416 487 1492 561 μὴ
1523 488 1757 544 πλεῦσαι
1787 505 1800 519 ·
1837 488 1932 542 ἐπὶ

2042 489 2153 543 lare
2182 499 2277 542 aut
2309 503 2417 544 non
2450 489 2760 556 ambulare,
2788 491 3048 562 navigare
3070 501 3163 548 aut
3191 508 3297 549 non
3329 499 3620 561 navigare;
3649 527 3654 532 -

333 580 547 638 τούτων
566 583 675 656 γὰρ
703 584 797 636 καὶ
825 581 936 636 τῶν
961 582 1164 654 ὁμοίων
1193 585 1227 653 ὴ
1247 581 1524 653 βούλησις.
1563 583 1607 634 Τ
1609 583 1636 634 δι
1667 583 1722 636 δὲ
1741 585 1806 635 ἐκ
1831 583 1930 652 τῆς

337 671 650 744 βουλήσεως
677 673 980 746 προκριθὲν
1007 673 1342 745 προαιρετὸν
1371 672 1698 743 ποιούμεθα.
1740 673 1932 726 Ἔστιν

335 757 430 818 οὖν
470 766 504 835 ἡ
537 765 864 837 προαίρεσις
904 764 1098 836 μικτόν
1128 781 1184 817 τι
1232 766 1468 836 πρᾶγμα
1502 766 1566 817 ὲκ
1597 763 1928 834 βουλήσεως,

338 856 432 911 καὶ
463 857 721 928 κρίσεως,
752 857 850 911 καὶ
897 857 1158 926 ὀρέξεως.
1196 856 1536 928 Προαιρετὺν
1580 857 1688 929 γάρ
1720 859 1836 910 ἐστι
1869 858 1932 910 τὸ

336 950 527 1023 ἓτερον
560 951 668 1023 πρὸ
696 951 891 1024 ἑτέρου
929 951 1169 1023 αἱρετόν.
1226 951 1418 1014 Οὐδεὶς
1464 950 1521 1003 δὲ
1561 949 1850 1021 προκρίνει
1879 967 1931 1003 τι

341 1043 418 1115 μὴ
452 1043 912 1115 βουλευσάμενος,
945 1044 1068 1098 οὑδὲ
1092 1043 1389 1115 ιαὶρεῖται,
1425 1044 1502 1116 μὴ
1547 1043 1766 1116 κρίνας.
1798 1043 1933 1097 Τότε

339 1132 433 1190 οὖν
460 1135 782 1208 προαίρεσις
816 1137 910 1191 καὶ
933 1137 1262 1209 προαιρετὸν
1290 1137 1499 1206 γίνεται
1524 1137 1588 1190 τὸ
1629 1136 1934 1209 προκριθὲν

341 1227 408 1279 bc
439 1225 544 1297 τῆς
575 1227 908 1300 βουλήσεως,
935 1227 1067 1281 ὅταν
1097 1227 1388 1301 προσλάϐῃ
1439 1226 1538 1299 τὴν
1566 1225 1769 1298 ὃρεξιν.
1805 1225 1936 1278 Συν-

344 1319 538 1386 άγεται
587 1319 644 1372 δὲ
679 1322 744 1374 ὲκ
786 1320 1015 1386 τούτων,
1043 1319 1373 1392 προαίρεσιν
1402 1315 1546 1374 εἶναι
1585 1319 1763 1391 ὄρεξιν
1809 1317 1934 1388 βου-

344 1411 601 1482 λευτικὴν
629 1411 678 1443 ’⁸
707 1411 820 1465 τῶν
847 1413 934 1482 ἐφ’
973 1414 1127 1483 ἡμῖν.
1152 1411 1261 1465 Τοῦ
1294 1413 1404 1484 γὰρ
1441 1410 1836 1484 προκριθέντος
1872 1413 1937 1465 ὲκ

343 1503 446 1575 τῆς
500 1503 700 1576 βουλῆς
753 1505 1028 1577 ἐφιέμεθα
1080 1506 1558 1578 προαιρούμενοι,
1617 1505 1693 1570 ὼς
1757 1504 1938 1578 κύριοι

345 1598 726 1670 προαιρέσεως
766 1599 862 1652 καὶ
906 1597 1103 1670 βουλῆς
1131 1599 1318 1665 ὄντες·
1372 1600 1470 1654 καὶ
1515 1598 1576 1664 ἐξ
1617 1599 1939 1654 ὑποστάτων

343 1691 566 1761 λογικαὶ
590 1691 943 1758 ὑποστάσεις.

2036 582 2087 634 in
2124 580 2209 636 his
2235 581 2380 636 enim
2431 596 2496 636 ac
2527 583 2799 640 similibus
2832 584 3157 640 deliberatio
3205 599 3475 642 versatur.
3508 591 3627 646 Jam

2035 673 2204 742 quod,
2234 672 2481 727 instituta
2507 674 2927 743 deliberatione,
2952 679 3383 746 .pra'ponendum
3408 681 3626 750 putavi-

2036 781 2182 831 mus,
2221 767 2325 822 hoc
2354 766 2513 822 nobis
2545 769 2929 838 proponimus.
2962 769 3057 824 Est
3092 771 3260 841 igitur
3289 775 3627 843 propositum

2036 860 2259 914 mislum
2296 860 2426 931 quid
2451 875 2484 915 e
2521 861 2924 927 diliberatione,
2949 860 3155 931 judicio
3184 865 3626 921 etinclinationc.

2034 950 2469 1022 Prmponendum
2520 954 2667 1008 enim
2713 954 2914 1009 dicitur
2958 955 3102 1024 quod
3158 971 3270 1024 prae
3313 955 3490 1013 altero
3543 969 3632 1014 est.

1979 1117 1982 1121 _
2036 1047 2370 1114 ponendum.
2407 1046 2581 1102 Nemo
2609 1057 2792 1102 autem
2825 1049 3248 1119 praeponendum
3277 1049 3408 1120 quid
3444 1061 3632 1106 censet

2039 1139 2141 1193 nisi
2171 1149 2328 1194 antea
2363 1140 2772 1205 deliberaverit,
2802 1155 2978 1211 neque
3013 1140 3189 1212 eligit,
3221 1152 3512 1213 antequam
3546 1145 3634 1211 ju-

2038 1229 2323 1285 dicaverit.
2352 1229 2488 1285 Cum
2512 1231 2676 1302 igitur
2697 1233 2763 1286 ad
2791 1232 2841 1286 id
2873 1234 3016 1302 quod
3041 1229 3440 1302 praeferendum
3473 1234 3633 1286 duxi-

2039 1335 2180 1384 mus,
2235 1320 2451 1375 accedit
2508 1320 2829 1386 inclinatio,
2875 1332 3005 1376 tunc
3069 1322 3410 1392 propositum
3470 1337 3633 1377 voca-

2041 1421 2148 1466 tur.
2176 1413 2249 1466 Ex
2287 1413 2371 1468 his
2416 1412 2654 1468 eﬂicitur
2685 1415 3020 1483 propositum
3068 1429 3190 1470 esse
3226 1415 3634 1470 inclinationem

2040 1504 2340 1559 voluntatis
2373 1515 2601 1560 nostrae.
2646 1506 2727 1560 Ad
2761 1505 2890 1561 illud
2921 1507 3068 1562 enim
3091 1507 3234 1576 quod
3259 1547 3276 1574 ,
3303 1506 3509 1577 judicio
3548 1510 3637 1561 in-

2042 1599 2255 1662 stituto,
2287 1599 2648 1668 prtetulimus,
2677 1601 2974 1656 voluntatis
3007 1615 3110 1672 ope
3140 1600 3509 1670 aggredimur,
3547 1611 3636 1655 ut-

2042 1700 2173 1762 pote
2200 1690 2295 1762 qui
2326 1691 2591 1761 propositi
2624 1707 2690 1748 ac
2726 1693 3023 1749 voluntatis
3049 1692 3254 1748 domini
3287 1693 3486 1758 simus,
3537 1706 3638 1748 nec

2045 1799 2152 1840 non
2183 1783 2508 1839 substantia:
2535 1783 2859 1840 rationales.

430 1872 836 1929 Ἐνυπόστατον
877 1874 936 1930 δέ
990 1875 1111 1929 ἐστι
1147 1875 1376 1947 κυρίως,
1427 1876 1460 1948 ἢ
1504 1877 1565 1931 τὸ
1609 1877 1736 1930 καθ’
1780 1877 1941 1931 ὲαυτδ

2117 1875 2543 1934 Cousubsistens
2571 1887 2754 1931 autem
2785 1888 2870 1932 est
2897 1877 3136 1947 proprie,
3163 1877 3247 1931 vel
3271 1875 3417 1946 quod
3453 1891 3550 1946 per
3577 1890 3640 1932 se

351 1965 455 2036 μὲν
514 1966 591 2036 μὴ
649 1967 1044 2039 ὑφιστάμενον,
1099 1969 1238 2024 ἀλλά
1299 1971 1358 2024 ὲν
1426 1971 1550 2034 ταῖς
1605 1970 1941 2024 ὑποστάσεσι

350 2057 732 2131 θεωρούμενον
759 2061 829 2091 ’³ο
852 2059 1004 2115 ὥσπε
1013 2079 1044 2135 ρ
1066 2061 1129 2115 τὸ
1151 2057 1291 2126 εἶδος
1317 2065 1349 2135 ἡ
1359 2063 1498 2134 μῶν,
1521 2063 1688 2135 {now
1712 2064 1747 2134 ἡ
1780 2063 1943 2133 φύσις

349 2152 458 2208 τῶν
513 2155 842 2228 ἀνθρώπων,
896 2160 955 2212 ὲν
1015 2159 1123 2231 ἰδίᾳ.
1154 2159 1458 2214 ὑποστάσει
1512 2160 1574 2213 οὑ
1630 2161 1942 2234 θεωρεῖται,

348 2246 465 2301 ἀλλ’
501 2249 559 2302 ὲν
603 2248 935 2320 Ἀθανασίῳ,
984 2251 1018 2322 ἢ
1073 2251 1327 2324 Μελετίῳ
1359 2255 1428 2318 τ’,
1479 2253 1513 2324 ἢ
1564 2252 1834 2324 Κυριακῷ
1867 2251 1946 2323 τῷ

349 2341 747 2412 χρυσογράφῳ,
778 2343 874 2396 καὶ
907 2344 1029 2407 ταῖς
1071 2343 1291 2410 λοιπαῖς
1325 2346 1436 2398 τῶν
1470 2345 1778 2416 ἀνθρώπων
1809 2344 1968 2396 ὑπο-’

351 2433 632 2499 στάσεσιν,
667 2434 699 2504 ἢ
745 2434 805 2488 τὸ
836 2435 931 2491 σὺν
979 2436 1127 2508 ἄλλῳ
1158 2437 1408 2510 διαφόρῳ
1444 2439 1588 2493 κατὰ
1630 2437 1731 2510 τὴν
1756 2438 1946 2493 οὐσίαν

352 2523 433 2585 εἰς
485 2524 617 2595 ὅλην
672 2526 794 2591 νοὸς
826 2526 874 2559 ⁷⁸
916 2526 1138 2596 γένεσιν
1188 2528 1614 2601 συντιθέμενονο
1661 2532 1756 2586 καὶ
1813 2532 1946 2602 μίαν

354 2615 656 2670 ὑπόστασιν
696 2616 1001 2672 ἀποτελοῦν
1048 2618 1353 2672 ὑπόστασιν
1404 2618 1686 2674 σύνθετον.
1725 2614 1877 2686 Οἷον,
1918 2622 1947 2674 ό

353 2705 643 2777 ἄνθρωπος
670 2709 735 2763 ὲκ
765 2708 945 2782 ψυχῆς
977 2711 1095 2764 ἐστι
1121 2711 1215 2765 καὶ
1250 2710 1504 2783 σώματος
1534 2713 1944 2785 συντιθέμενον,

354 2798 452 2851 καὶ
479 2798 604 2853 οὔτε
651 2802 687 2873 ὴ
745 2801 894 2873 ψυχὴ
938 2804 1076 2874 μόνη
1121 2803 1336 2873 γίνεται
1371 2805 1694 2872 ὑπόστασις,
1732 2806 1858 2861 οὔτε
1886 2807 1947 2861 τὸ

356 2886 540 2958 σῶμα,
574 2889 692 2943 ἀλλ’
729 2893 789 2945 ὲν
829 2893 1149 2966 ὑποστάτῳο
1189 2893 1251 2948 τὸ
1271 2895 1328 2950 δὲ
1357 2897 1417 2962 ἐξ
1455 2897 1785 2969 ἀμφοτέρων
1808 2901 1948 2953 ἀπο-

353 2978 683 3052 τελούμενον
737 2985 1037 3052 ὑπόστασις
1083 2988 1440 3060 ἀμφοτέρων.
1516 2991 1668 3045 Ἐπεὶ
1728 2987 1824 3046 οὖν
1873 2991 1950 3056 ὡς

357 3070 659 3140 ὑπόστασις
691 3079 750 3144 ἐξ
779 3079 1170 3138 ὲνυποστάτων
1201 3083 1356 3138 τουτὶ
1391 3084 1456 3137 τὸ
1487 3083 1672 3156 νόημα
1711 3086 1951 3140 συνειλε-

2047 1981 2152 2021 ιιοη
2185 1967 2438 2023 subsistit
2465 1985 2479 2022 :
2517 1977 2572 2022 ut
2603 1967 2777 2039 ligura
2806 1979 3013 2036 nostra,
3036 1977 3129 2022 aut
3154 1977 3350 2021 natura
3377 1967 3640 2030 humana,

2046 2075 2169 2132 quae
2196 2076 2303 2117 non
2344 2070 2649 2116 cernuntur
2695 2060 2748 2116 in
2799 2063 3018 2132 propria
3076 2060 3405 2126 substantia,
3453 2059 3550 2114 sed
3585 2058 3640 2114 in

2046 2153 2358 2210 Athanasio
2391 2155 2472 2209 vel
2507 2154 2749 2221 Meletio,
2804 2153 2889 2210 vel
2937 2153 3170 2225 Cyriaco
3220 2152 3463 2218 librario,
3493 2160 3548 2206 et
3587 2149 3641 2204 in

2047 2249 2265 2305 caneris
2301 2249 2626 2304 substantiis
2649 2250 2945 2305 humanis:
2981 2248 3063 2303 vel
3087 2248 3378 2318 quodcum
3415 2245 3526 2300 alio
3549 2259 3641 2300 se-

2047 2343 2284 2398 cundum
2310 2343 2608 2398 essentiam
2638 2341 2926 2398 diﬂerente
2958 2342 3026 2396 ad
3045 2350 3221 2396 totum
3254 2339 3385 2409 quid
3405 2337 3646 2394 efficien-

2047 2434 2176 2490 dum
2194 2445 2278 2490 est
2293 2435 2675 2506 compositum,
2689 2442 2744 2489 et
2761 2450 2920 2488 unam
2943 2432 3233 2489 essentiam
3253 2431 3313 2487 ef
3313 2430 3425 2485 ﬁcit
3454 2445 3646 2485 essen-

2050 2529 2180 2582 tiam
2195 2528 2570 2597 compositam.
2594 2524 2788 2590 Homo,
2803 2525 3034 2595 exempli
3049 2524 3249 2595 gratia,
3268 2532 3350 2578 est
3369 2523 3647 2594 composi-

2051 2631 2136 2675 tus
2155 2634 2221 2674 ex
2253 2621 2433 2674 anima
2464 2628 2518 2675 et
2553 2632 2816 2688 corpore;
2828 2618 2942 2686 jam
2967 2632 3097 2672 vero
3118 2631 3294 2685 neque
3323 2615 3504 2670 anima
3529 2611 3642 2670 sola

2049 2722 2132 2770 est
2159 2713 2491 2780 substantia,
2523 2728 2704 2783 neque
2727 2727 2948 2779 corpus,
2969 2710 3066 2766 sed
3091 2711 3144 2764 iu
3171 2710 3452 2764 substrato
3475 2719 3598 2763 sunt
3621 2725 3640 2777 ;

2049 2809 2194 2875 quod
2234 2816 2418 2860 autem
2459 2821 2530 2861 ex
2585 2815 2822 2876 utroque
2857 2803 3114 2869 eﬂicitur,
3163 2802 3451 2871 utriusque
3509 2801 3645 2857 sub-

2050 2897 2255 2951 stantia
2312 2905 2417 2951 est.
2466 2895 2602 2952 Cum
2656 2897 2823 2968 igitur
2867 2895 2983 2949 haec
3033 2908 3255 2964 quoque
3299 2893 3646 2960 dissertatio,

2051 2989 2375 3046 substantia:
2407 2988 2602 3054 instar,
2633 3003 2666 3044 e
2705 2986 3238 3056 consubsistentibus
3285 2983 3510 3040 collecta
3563 2984 3639 3039 sit

2053 3091 2109 3138 et
2145 3080 2452 3152 composita
2489 3095 2504 3135 :
2553 3078 2801 3149 corporis
2833 3077 2978 3134 enim
3022 3075 3276 3131 animalis
3317 3072 3515 3129 similis
3567 3084 3652 3131 est

357 3181 486 3218 κται
520 3167 616 3220 καὶ
665 3171 1049 3228 συντέθειτατ·
1097 3173 1313 3248 σώματι
1370 3176 1482 3250 γὰρ
1523 3176 1666 3242 ζώου
1717 3177 1941 3233 ἔοικενέ

2058 3175 2240 3231 oratio
2282 3174 2492 3246 prolixa
2521 3183 2576 3229 et
2599 3172 2950 3243 explicativa,
2977 3179 3032 3226 et
3063 3169 3244 3240 quoad
3282 3185 3372 3225 res
3393 3169 3445 3224 in
3475 3182 3536 3223 ea
3561 3183 3653 3223 ex-

359 3259 506 3313 κατὰ
543 3261 826 3336 ἀποτάδην
860 3266 954 3321 καὶ
1006 3266 1305 3334 augeam;
1328 3269 1488 3340 λόγος
1511 3286 1526 3300 ο
1577 3270 1952 3339 ἀναλογοῦσαν

359 3349 503 3420 ἔχων
531 3353 680 3427 ψυχῇ
708 3357 811 3426 μὲν
839 3357 939 3429 τὴν
965 3359 1202 3429 ἔννοιαν,
1238 3361 1455 3432 σώματι
1486 3361 1544 3416 δὲ
1591 3362 1692 3435 τὴν
1730 3365 1954 3437 φράσιν.

2059 3270 2266 3341 positas
2311 3268 2533 3332 animae,
2585 3266 2763 3335 quoad
2809 3273 2990 3321 autem
3033 3261 3328 3317 dictionem
3385 3263 3638 3330 corporis

2059 3361 2352 3431 imaginem
2412 3359 2604 3414 refert.
2643 3356 2825 3414 Gloria
2858 3358 2930 3411 sit
2959 3362 3120 3423 atque
3179 3352 3370 3423 gratia:
3418 3350 3649 3430 Domino

359 3445 504 3511 Δόξα
538 3448 734 3520 Κυρίῳ
769 3451 848 3522 τῷ
876 3451 1018 3522 Θεῷ,
1071 3455 1168 3508 καὶ
1209 3455 1534 3526 εὐχαριστία
1583 3455 1665 3527 τῷ
1708 3457 1941 3528 συνεργιξ

2059 3467 2126 3507 ac
2151 3452 2286 3516 Deo,
2317 3450 2408 3520 qui
2433 3450 2680 3503 onmium
2714 3447 2982 3502 bonorum
3017 3453 3209 3500 auctor
3244 3453 3330 3497 est
3356 3452 3520 3514 atque
3546 3445 3644 3499 ad-

360 3539 472 3593 τῶν
497 3538 683 3593 καλῶν
712 3541 808 3596 καὶ
832 3542 1017 3614 αἰτίῳ.
1059 3543 1255 3615 Ἀμήν.

2048 3546 2225 3614 jutor.
2251 3544 2448 3599 Amen.

436 3695 485 3728 '°
520 3695 936 3771 προσλιπτικήν
965 3697 1029 3755 Ρ.
1103 3687 1150 3734 ’ί
1172 3699 1386 3755 ἀλλ’....
1421 3699 1586 3772 θεωρ.
1609 3714 1720 3756 om.
1755 3700 1908 3759 ΑΒΕ.

2059 3700 2092 3774 ἦ
2123 3700 2376 3773 Μελετίῳ
2406 3715 2516 3756 om.
2554 3699 2613 3755 Ρ.
2692 3699 2738 3732 ⁷³
2773 3699 2853 3754 ὄλ.
2972 3696 3108 3755 Cod.
3158 3697 3284 3752 ὅλου
3313 3694 3458 3761 τινός
3479 3694 3541 3750 Ρ.
