4142 6466
352 374 490 434 1529
923 379 987 438 S.
1039 378 1331 441 JOANNIS
1387 381 1893 443 οιιιιτιεοδτοιιι
1940 382 2231 446 οΡΕιιωι
2271 386 2483 445 INDEX
2536 386 3085 447 ALPHABETICUS.
3487 374 3626 443 1330

431 494 545 549 Ἀεὶ
579 493 701 567 μὲν,
735 495 975 567 μάλιστα.
999 500 1058 556 δὲ
1097 502 1229 558 ὅταν
1263 502 1375 557 ὠν
1408 502 1602 573 ἁγίων.
1637 503 1842 560 Homil.
1872 506 1944 561 28
1992 505 2051 561 in

1992 505 2051 561 in
2079 505 2256 577 Epist.
2297 505 2365 561 ad
2395 505 2681 570 Hebraeos,
2708 502 2827 570 XII,
2869 503 2995 561 956.
3022 534 3093 544 -—
3127 501 3315 572 Montf.
3352 499 3471 566 XII,
3500 502 3621 556 '55:.

346 580 515 639 Saril.
560 585 645 651 IV,
677 586 800 643 570.
833 586 969 645 Duc.
1012 591 1133 658 ‘VI,
1165 592 1290 648 951.

429 672 545 726 ’Δεὶ
570 674 671 744 μὲν
701 677 1066 747 μνημονεύειν
1085 680 1246 737 Θεοῦ.
1279 681 1518 747 Homiia
1544 682 1617 740 de
1652 682 2000 754 poenitentia.
2035 682 2065 737 IS

1992 724 2000 737 .
2035 680 2278 753 Dubium
2298 676 2788 749 aanrysostomi.
2828 677 2977 732 Inter
3006 677 3245 745 spurias.
3283 673 3374 739 IX,
3402 672 3530 728 681.
3562 703 3628 714 —

344 759 537 830 Hontf.
566 762 660 827 IX,
692 764 817 820 761.
852 764 1021 824 Savil.
1062 768 1152 834 VI,
1183 769 1311 825 905.
1344 770 1481 826 Duc.
1517 770 1696 828 deest.

416 850 481 903 At
539 851 772 922 ἀθυμίαι
830 855 928 917 καῖι
984 857 1041 913 αἱ
1110 859 1415 930 φροντίδες.
1476 844 1544 914 10
1574 859 1632 914 in
1663 859 1840 931 Epist.
1902 857 1971 914 ad
2006 856 2050 912 P

2006 855 2250 928 Philipp.
2282 854 2377 921 XI,
2414 853 2540 910 255.
2573 885 2643 894 —
2671 854 2864 924 Montf.
2913 852 3008 916 XI,
3038 853 3166 908 274.
3194 851 3370 908 Savil.
3408 852 3501 913 IV,
3539 851 3625 905 58.

345 936 478 994 Duc.
512 943 528 958 ‘
546 939 635 997 VI.
668 940 761 997 95.

416 1027 482 1081 Ai
509 1027 809 1099 εὐπραγίαι
838 1030 969 1093 τοὺς
999 1030 1060 1084 οὐ
1101 1031 1493 1103 προσέχοντας.
1525 1030 1594 1087 84
1620 1031 1677 1086 in
1700 1030 1991 1088 Joannem.
2029 1029 2052 1087 I

1990 1076 1991 1081 η
2029 1029 2168 1095 VIII,
2202 1029 2327 1086 459.
2357 1060 2431 1070 -
2457 1029 2647 1100 Montf.
2696 1027 2832 1094 VIII,
2862 1027 2986 1084 505.
3032 1026 3203 1098 Savil.
3230 1027 3299 1091 II,
3330 1027 3455 1083 912.
3493 1026 3626 1083 Duc.

412 1203 479 1257 At
507 1203 617 1257 τῶν
648 1202 945 1277 μαρτύρων
972 1205 1179 1276 ἑορταί.
1220 1204 1282 1259 In
1312 1213 1600 1278 martyres.
1631 1206 1810 1262 Vertit
1856 1205 2048 1261 Fronte

1987 1215 2060 1261 ito
2089 1206 2341 1262 Duceeus.
2373 1206 2439 1272 II,
2470 1206 2595 1262 661.
2623 1233 2691 1246 —-
2721 1204 2913 1276 Montf.
2940 1205 3006 1269 II,
3035 1204 3160 1260 667.
3208 1202 3378 1259 Savil.
3411 1198 3476 1269 V,
3500 1204 3623 1259 618.

343 1289 476 1345 Duc.
508 1291 571 1356 V,
597 1292 722 1347 696.

410 1380 479 1431 At
509 1377 618 1433 τῶν
641 1379 857 1452 νηπίων
885 1380 1215 1448 φιλότεκνοι.
1247 1380 1304 1436 In
1336 1380 1472 1438 iIIud
1512 1382 1704 1437 Matth.
1738 1397 1792 1447 κ,
1821 1381 1912 1437 54.
1963 1378 2046 1452 lg:

1966 1378 2149 1452 Ignem
2176 1378 2295 1434 veni
2328 1378 2535 1435 mittere
2564 1378 2623 1433 in
2659 1385 2884 1433 terram.
2922 1375 3047 1430 Non
3104 1385 3193 1431 est
3225 1374 3602 1448 Chrysostomi

342 1465 436 1528 XI,
473 1467 595 1523 759.
617 1497 691 1508 —
713 1467 906 1539 Montf.
933 1468 1026 1535 XI,
1054 1467 1179 1523 812.
1203 1466 1370 1525 Savil.
1398 1469 1514 1537 VII,
1545 1471 1672 1532 478.
1695 1469 1831 1526 Duc.
1858 1469 2032 1525 deest.

410 1555 477 1607 Δί
514 1554 623 1609 τῶν
645 1555 858 1610 ὑδάτων
890 1556 1086 1628 πηγαί.
1114 1558 1192 1614 De
1213 1558 1450 1630 jejunio.
1495 1559 1737 1615 Dubium
1776 1557 2268 1628 anChrysostomi.
2301 1556 2452 1613 Inter
2477 1555 2720 1628 spurias.
2755 1553 2851 1621 IX,
2885 1553 3010 1610 715.
3044 1584 3117 1599 —-—
3148 1551 3340 1608 Hontf.
3370 1553 3463 1620 IX,
3497 1555 3622 1610 799.

339 1640 510 1698 Savil.
555 1641 645 1698 VI.
672 1643 795 1699 955.
834 1643 969 1699 Duc.
995 1643 1173 1700 deest.

414 1730 719 1803 [Ἀκούεις,
760 1732 880 1796 πῶς
922 1734 1226 1806 πανταχοῦ.
1260 1733 1352 1789 Sic
1383 1733 1610 1804 quidam
1648 1748 1783 1788 mss.
1808 1732 1972 1789 codd.
1998 1731 2050 1787 Vi

1301 1734 1352 1788 ic
1383 1733 1610 1804 quidam
1648 1748 1783 1788 mss.
1808 1732 1972 1789 codd.
1998 1731 2117 1787 Vid.
2163 1732 2220 1785 in
2264 1732 2431 1803 Ὁρᾷς
2459 1731 2576 1796 πῶς
2606 1730 2937 1804 πανταχοῦ]

412 1815 718 1889 [Ἄκούσας
752 1818 784 1871 6
809 1817 1055 1883 διάϐολος
1080 1818 1172 1872 τοῦ
1205 1819 1432 1891 Κυρίου.
1463 1818 1541 1872 De
1568 1817 1811 1875 diabolo.
1844 1818 2043 1890 Spuria

945 1818 1055 1883 πλος
1080 1818 1172 1872 τοῦ
1205 1819 1432 1891 Κυρίου.
1463 1818 1541 1872 De
1568 1817 1811 1875 diabolo.
1844 1818 2043 1890 Spuria
2076 1836 2140 1874 ac
2162 1817 2581 1892 prmtermissaJ

426 1905 744 1974 Ἀκούσατε,
772 1907 1018 1976 ἀδελφοί.
1049 1906 1336 1963 Manifeste
1366 1905 1554 1977 spuria
1574 1915 1631 1961 et
1666 1906 1792 1960 ideo
1820 1920 1857 1959 a
1908 1903 2055 1961 SaviI

1986 1905 2116 1962 viIio
2144 1908 2366 1973 omissa,
2391 1908 2551 1979 cujus
2588 1908 2717 1965 vide
2745 1916 2910 1964 notas
2939 1916 3073 1963 tom.
3117 1908 3254 1974 VIII,
3291 1924 3349 1978 p.
3379 1908 3504 1963 857.
3535 1909 3622 1962 In-

339 1993 604 2051 scribitur
631 2012 646 2049 :
674 1997 771 2060 Είς
799 1997 861 2050 τὸ
885 1997 1204 2068 γεροντικὸν
1233 1994 1328 2050 τοῦ
1362 1995 1523 2064 ἁγίου
1560 1994 1873 2064 Μακαρίου.
1904 1993 1975 2047 Μ(

1476 2012 1523 2048 ›υ
1560 1994 1873 2064 Μακαρίου.
1904 1993 2096 2066 Montf.
2126 1996 2305 2052 deest.
2340 1995 2513 2052 Savil.
2555 1997 2732 2052 deest.
2773 1998 2906 2052 Duc.
2935 1997 3112 2052 deest.

411 2087 770 2162 [“Ακούσατε,
810 2089 993 2159 ίερεῖς,
1029 2089 1235 2160 Κυρίου
1267 2088 1527 2142 διάκονοι.
1555 2086 1634 2143 De
1662 2086 1908 2157 peccatis
1930 2100 2047 2141 sace

1456 2105 1527 2141 οι.
1555 2086 1634 2143 De
1662 2086 1908 2157 peccatis
1930 2084 2304 2141 sacerdotum.
2342 2083 2542 2155 Spuria
2576 2099 2641 2140 ac
2669 2083 3089 2156 praetermissa.]

407 2175 770 2253 [Ἀκούσατε.
804 2177 1132 2250 παρακαλῶ,
1158 2179 1207 2230 εἰ
1228 2177 1327 2231 καὶ
1364 2178 1438 2248 μὴ
1465 2174 1710 2230 τοιοῦτόν
1729 2192 1803 2230 τι.
1834 2174 1912 2230 De
1930 2173 2043 2229 Tab

1774 2194 1803 2230 ι.
1834 2174 1912 2230 De
1930 2173 2184 2229 Tabitha.
2215 2172 2274 2227 In
2313 2172 2440 2228 cod.
2467 2172 2647 2229 Varie.
2675 2172 2876 2243 Spuria
2906 2181 2963 2229 et
2995 2171 3410 2245 prmtermissa.]

412 2269 703 2332 Ἀκουσον,
732 2260 779 2322 ὦ
809 2267 1045 2340 οὐρανὲ,
1080 2267 1198 2337 μετ’
1220 2265 1529 2337 ἀκριϐείας.
1557 2265 1658 2320 Ms.
1680 2264 1738 2320 in
1758 2264 1895 2320 bibl.
1924 2265 2048 2320 Pala

1977 2263 2191 2328 alatina,
2217 2261 2318 2318 sed
2346 2261 2542 2317 itidem
2565 2262 2816 2332 spurium
2839 2272 3006 2331 atque
3029 2260 3161 2316 ideo
3182 2276 3214 2316 a
3243 2259 3449 2315 Savilio
3478 2275 3613 2330 pne-

339 2356 679 2411 termissum.
707 2355 1071 2410 Inscribitur:
1113 2355 1210 2408 Ἐκ
1242 2354 1352 2407 τῶν
1379 2353 1627 2425 ὀράσεων
1663 2351 1757 2404 τοῦ
1816 2368 1975 2421 προφι

1982 2352 2096 2421 ᾐτου
2128 2349 2350 2423 Δανιὴλ,
2401 2350 2658 2419 καὶπερὶ
2696 2350 2798 2418 τῆς
2840 2347 3497 2413 Κωνσταντινουπὸλεως,
3527 2350 3618 2403 καὶ

338 2446 471 2515 περὶ
494 2444 595 2515 τῆς
622 2443 937 2509 συντελείας
959 2443 1057 2498 τοῦ
1086 2444 1320 2515 κόσμου,
1351 2444 1447 2498 καὶ
1473 2443 1606 2515 περὶ
1645 2440 1974 2511 Ἀντιχρίστε

1645 2440 2040 2511 Ἀντιχρίστου.
2090 2437 2279 2508 .Ilontf.
2308 2437 2490 2492 deest.
2516 2434 2688 2493 Savit.
2714 2436 2891 2493 deest.
2916 2436 3052 2492 Duc.
3083 2436 3264 2493 deest.

410 2532 612 2605 [Ἀλλὰ
632 2532 727 2587 καὶ⁵
755 2532 916 2586 τοῦτο
947 2549 1031 2585 σοι
1064 2531 1310 2585 λελύσθω
1336 2534 1398 2585 τὸ
1424 2530 1565 2593 δέος.
1596 2528 1907 2600 Olympiadi
1926 2527 2045 2598 epis

1768 2528 1907 2599 piadi
1926 2527 2091 2598 epist.
2123 2526 2213 2583 10.
2246 2538 2379 2582 tom.
2404 2526 2497 2593 III,
2524 2541 2649 2597 pag.
2668 2525 2796 2582 590.
2829 2525 2929 2580 Ed.
2968 2541 3096 2581 nov.
3130 2524 3222 2587 III.
3253 2522 3404 2594 608.]

422 2619 588 2673 Ἀλλά
613 2618 711 2674 νῦν
736 2619 924 2675 πολλοὶ
971 2619 1069 2673 καὶ
1114 2618 1552 2691 δυσχεραίνουσι.
1588 2616 1648 2671 In
1680 2631 1806 2671 cm
1854 2615 2058 2685 psalmu

1977 2629 2150 2672 mum.
2186 2613 2250 2670 V.
2288 2613 2413 2667 547.
2454 2643 2525 2652 —-
2552 2612 2742 2683 Montf.
2783 2613 2847 2679 V,
2880 2613 3006 2669 558.
3038 2610 3205 2668 Savil.
3247 2611 3290 2677 I,
3324 2610 3447 2671 788.
3484 2609 3613 2663 Duc.

340 2707 433 2774 III,
466 2708 595 2764 575.

423 2794 587 2851 Ἀλλὰ
620 2793 978 2869 παρεκάλεσα
1002 2793 1130 2865 χθὲς
1153 2792 1256 2864 τὴν
1283 2791 1563 2865 ὑμετέραν
1614 2790 1791 2860 ὰγὰπ.
1823 2789 1935 2846 Cur
1960 2788 2059 2861 Iigr

1974 2788 2173 2861 tignum
2198 2790 2445 2848 scientiae
2468 2792 2598 2847 boni
2625 2798 2682 2846 et
2717 2789 2847 2845 mali
2875 2794 3128 2845 vocatur.
3166 2785 3364 2858 Spuria
3386 2792 3444 2841 et
3476 2800 3610 2856 prae-

341 2883 621 2939 termissa.

423 2971 566 3029 Ἀλλ’
593 2971 689 3025 ἐπὶ
719 2971 782 3025 τὸ
824 2971 1128 3043 μαρτύριον
1163 2971 1315 3043 ἡμᾶς
1336 2968 1434 3023 τοῦ
1474 2968 1709 3040 Πατρός.
1745 2967 2059 3039 Fragment!

1425 2968 1434 3022 ἱ
1474 2968 1709 3040 Πατρός.
1745 2967 2139 3039 Fragmentum
2166 2969 2406 3024 encomii
2439 2966 2497 3023 S.
2536 2967 2622 3022 Jo.
2656 2965 3061 3040 Chrysostomi.

426 3059 688 3131 Ἀλλαχοῦ
742 3060 841 3131 μὲν
873 3060 984 3115 ἀπὸ
1015 3059 1119 3130 τῆς
1151 3060 1377 3131 μνήμης
1412 3058 1521 3111 τῶν
1568 3057 1874 3129 προγόνων.
1922 3056 1983 3110 In
2030 3055 2062 3110 P

2030 3055 2235 3111 Psalm.
2286 3072 2445 3112 cxxxr
2496 3055 2561 3121 V,
2597 3055 2724 3110 579.
2752 3086 2824 3096 —
2872 3054 3064 3125 Montf.
3108 3054 3324 3122 V,574.
3373 3051 3543 3109 Sam’l.
3578 3051 3619 3119 Ι,

340 3152 468 3208 815.
496 3151 633 3208 Duc.
672 3152 764 3219 III,
792 3152 922 3207 4H.

409 3241 594 3294 Ἄλλοι
626 3240 725 3311 μὲν
750 3241 817 3312 τῇ
851 3236 1255 3311 θαυμασιότητί
1278 3253 1372 3290 σου
1404 3237 1500 3291 καὶ
1530 3236 1649 3306 τῆς.
1679 3233 2001 3299 Anthemio,
2028 3247 2045 3289 ε

1591 3253 1649 3305 ις.
1679 3233 2001 3299 Anthemio,
2028 3232 2191 3304 epist.
2222 3232 2343 3287 147.
2379 3231 2469 3297 III,
2492 3231 2615 3288 699.
2654 3263 2723 3272 —
2750 3231 3071 3302 Montfklll,
3088 3231 3227 3287 686.

413 3329 597 3385 Ἀλλοι
630 3330 729 3400 μὲν
756 3331 823 3401 τῇ
866 3325 1270 3398 θαυμασιότητί
1303 3342 1401 3379 σου
1438 3324 1780 3394 συνήδονται,
1810 3320 2049 3377 Gemello

1679 3339 1780 3384 ται,
1810 3320 2081 3385 Gemello,
2113 3321 2277 3392 epist.
2310 3320 2435 3375 121.
2463 3319 2551 3386 III,
2582 3320 2707 3375 678.
2741 3349 2812 3359 ——-
2835 3319 3028 3390 Montf.
3067 3319 3162 3387 III,
3191 3319 3315 3375 664.

416 3414 1023 3489 [Ἄλλοιωθησομένους
1049 3414 1177 3478 τοὺς
1205 3413 1297 3467 διὰ
1320 3411 1640 3482 μετανοίας.
1672 3411 1735 3466 In
1764 3410 1967 3465 PsaIm.
1996 3423 2052 3463 LII

1837 3410 1967 3464 aIm.
1996 3423 2177 3463 Lxxm.
2204 3407 2403 3478 Spuria
2436 3414 2568 3461 tom.
2598 3407 2662 3472 V,
2686 3422 2746 3479 p.
2777 3404 2926 3479 66.1.]
2957 3405 3060 3461 Ed.
3094 3423 3224 3462 nov.
3252 3407 3317 3473 V,
3350 3406 3473 3462 725.

413 3504 656 3576 [Ἃλλοις
691 3503 790 3575 μὲν
817 3503 978 3567 ἄλλος
1004 3505 1032 3556 6
1056 3501 1151 3556 τοῦ
1189 3501 1306 3573 βίου
1338 3502 1561 3565 σκοπός.
1600 3500 1663 3554 In
1701 3497 1989 3571 sanguinis
2035 3497 2049 3551 I

1983 3513 1989 3550 ι
2035 3496 2183 3551 ﬂuxu
2211 3496 2554 3551 laborantem
2583 3510 2598 3560 ;
2653 3502 2787 3549 tom.
2820 3492 2959 3558 XIII,
2996 3510 3123 3566 pag.
3159 3493 3311 3568 210.}
3352 3494 3455 3550 Ed.
3489 3510 3619 3559 nov.

341 3591 483 3660 XIII,
510 3593 598 3650 17.

418 3684 611 3749 ’Ἄλλος
643 3684 743 3755 μὲν
772 3685 836 3739 ἄν
866 3701 950 3747 τις
975 3683 1066 3737 τὸν
1098 3681 1378 3755 ἀφόρητον
1418 3680 1651 3753 κρυμόν.
1683 3679 1931 3751 Polybio,
1963 3680 2053 3749 epi

1539 3680 1651 3753 μόν.
1683 3679 1931 3751 Polybio,
1963 3680 2129 3749 epist.
2163 3679 2284 3735 127.
2316 3679 2409 3745 III,
2437 3679 2561 3735 687.
2594 3711 2665 3721 —
2699 3679 2892 3751 Mont].
2924 3680 3016 3744 III,
3051 3680 3175 3737 675.

413 3773 569 3845 Ἀμα
601 3772 1070 3846 χειροτονηθέντες
1092 3770 1339 3844 ἐξῆλθον.
1370 3770 1442 3828 28
1467 3771 1523 3826 in
1547 3769 1703 3829 Acta.
1739 3768 1831 3837 IX,
1863 3769 1989 3825 209.
2023 3799 2049 3813 η

1935 3769 1989 3825 9.
2023 3799 2095 3813 η-
2125 3767 2313 3838 Montf.
2348 3767 2443 3836 IX,
2471 3767 2599 3822 220.
2630 3766 2802 3824 Savil.
2824 3769 2914 3833 IV,
2962 3768 3085 3824 770.
3120 3769 3254 3825 Duc.
3287 3768 3420 3835 ‘III,
3445 3768 3569 3825 254.

407 3861 733 3932 ⁴Αμφότερα
750 3863 851 3932 τῆς
878 3860 1092 3931 ἀφάτου
1116 3858 1211 3915 τοῦ
1242 3858 1380 3913 Θεοῦ
1406 3859 1838 3930 φιλανθρωπίας,
1865 3857 2043 3930 Olym]

1791 3875 1838 3922 ς,
1865 3856 2198 3930 Olympiadi,
2233 3857 2398 3927 epist.
2430 3856 2518 3911 16.
2559 3857 2650 3922 ιιι,
2679 3857 2804 3912 620.
2838 3888 2910 3898 -
2950 3857 3141 3928 Montf.
3173 3857 3266 3923 ιιι,
3302 3857 3426 3917 605.

423 3949 780 4021 Ἀμφοτέρων
800 3949 967 4003 ἕνεκα
991 3949 1285 4022 προσήκει.
1317 3948 1370 4014 1,
1406 3948 1486 4004 De
1536 3946 1877 4018 precatione.
1925 3946 2059 4001 Vert

1987 3945 2105 4001 mit
2147 3943 2487 4017 Pomponius
2537 3944 2851 4001 BruneIIus.
2902 3945 3056 4000 Libri
3106 3945 3273 4002 ambo
3310 3946 3380 4001 de
3411 3944 3623 4004 orando

339 4038 515 4093 Deum
556 4037 887 4109 prodierunt
912 4037 1210 4109 separatim
1240 4035 1430 4094 Graece
1459 4036 1742 4107 Antwerp.
1787 4036 1946 4100 1579,
1977 4033 2032 4101 8,
2062 4048 2133 4089 ex
2177 4032 2395 4089 ofﬁcina
2424 4032 2791 4088 PIantiniana.
2822 4033 3068 4090 Dubium
3115 4050 3188 4090 an
3217 4034 3622 4108 Chrysostomi.

341 4127 409 4192 II,
433 4127 559 4184 775.
584 4157 658 4168 -
681 4126 873 4201 Hontf.
909 4127 978 4194 II,
1018 4126 1141 4183 778.
1174 4124 1347 4182 Savil.
1373 4125 1463 4192 VI,
1490 4125 1615 4181 754.
1653 4124 1787 4180 Duc.
1810 4123 1855 4189 Ι,
1883 4124 2007 4180 745.
2530 4132 2533 4135 ’

426 4217 776 4286 Ἀναγκαῖον,
803 4215 1083 4288 ἀγαπητοὶ
1110 4214 1354 4285 ἀδελφοὶ,
1392 4214 1608 4286 μαθεῖν.
1649 4214 1726 4268 De
1755 4212 1930 4267 sacris
1958 4226 2062 4283 my:

1338 4256 1354 4282 ,
1392 4214 1608 4286 μαθεῖν.
1649 4214 1726 4268 De
1755 4212 1930 4267 sacris
1958 4209 2260 4283 mysteriis.
2283 4207 2484 4279 Spuria
2504 4216 2560 4263 et
2589 4211 2974 4279 praetermissa.

422 4306 748 4374 Ἀναγκαῖον
780 4303 1020 4374 ζητῆσαι
1045 4305 1175 4377 περὶ
1200 4303 1416 4358 τούτου’
1442 4297 1600 4366 οὗτος
1629 4301 1739 4373 γὰρ
1764 4302 1793 4356 6
1816 4298 2058 4365 Κλοπᾶς.

1989 4300 2062 4365 ἰς.
2087 4299 2147 4354 In
2170 4297 2330 4363 illud,
2361 4298 2579 4352 stabant
2603 4297 2769 4367 juxta
2819 4314 3060 4366 crucem;
3105 4298 3162 4355 in
3186 4298 3336 4357 notis
3358 4300 3625 4356 Cotelerii

338 4389 410 4447 ad
434 4392 629 4448 Patres
650 4391 819 4464 primi
850 4391 1061 4449 saeculi.
1082 4388 1183 4448 Est
1210 4390 1584 4462 fragmentum
1613 4388 1907 4453 sermonis,
1963 4389 2059 4460 qui
2086 4387 2241 4443 nullo
2276 4386 2442 4442 modo
2468 4394 2652 4456 potest
2682 4401 2807 4443 esse
2854 4386 3255 4460 Clirysostomi,
3323 4399 3387 4453 ut
3421 4391 3624 4462 cuique

339 4479 505 4539 docto
526 4481 735 4553 Iegenti
755 4481 936 4553 palam
966 4480 1095 4537 erit.

416 4565 744 4640 Ἀναγκαῖον
764 4572 898 4643 ἡμῖν
926 4572 1044 4626 ἐστι
1069 4561 1315 4644 σήμερον
1356 4572 1506 4626 ἰδεῖν.
1549 4570 1682 4627 Sine
1705 4571 1890 4626 titulo.
1925 4571 2052 4626 Hom

1230 4561 1315 4644 ρον
1356 4572 1506 4626 ἰδεῖν.
1549 4570 1682 4627 Sine
1705 4571 1890 4626 titulo.
1925 4571 2126 4626 Homil.
2181 4570 2372 4641 spuria
2393 4579 2450 4626 et
2476 4567 2866 4640 praetermissa.

426 4658 755 4729 Ἀναγκαῖον
804 4661 863 4713 ὲν
894 4659 975 4734 τῷ
1000 4661 1234 4732 παρόντι
1266 4661 1463 4733 καιρῷ.
1501 4661 1579 4721 De
1604 4661 1901 4732 negatione
1930 4661 2060 4716 Petr

1986 4660 2102 4727 atri,
2137 4668 2197 4716 et
2242 4658 2310 4715 de
2356 4673 2544 4722 cruce,
2599 4666 2657 4712 et
2687 4655 2929 4726 Josepho
2959 4656 3131 4728 ﬁgura
3172 4659 3402 4719 Christi.
3445 4660 3622 4718 Vertit

337 4745 547 4805 Fronto
565 4747 818 4804 Ducaaus.
850 4746 1071 4819 Spuria.
1101 4749 1241 4815 VIII,
1273 4751 1399 4807 615.
1436 4778 1510 4796 --
1530 4747 1729 4819 Montf.
1758 4748 1893 4814 VIII,
1930 4748 2056 4804 156.
2099 4746 2268 4804 Savil.
2294 4746 2407 4807 VII.
2431 4747 2558 4803 275.
2586 4746 2722 4804 Duc.
2751 4745 2840 4808 VI,
2868 4746 2993 4803 525.

423 4835 747 4903 Ἀναγκαῖον
776 4838 869 4890 καὶ
889 4837 984 4891 τοῦ
1011 4839 1284 4912 παρόντος
1311 4839 1684 4913 ἐγκλήματος.
1713 4838 1783 4895 27
1816 4838 1871 4892 in
1902 4835 1925 4892 I
1988 4837 2057 4893 ad

1988 4837 2057 4893 ad
2074 4836 2330 4894 Corinth.
2366 4834 2436 4900 Χ,
2462 4833 2590 4892 225.
2618 4864 2691 4880 ε·-
2714 4834 2901 4906 Monii.
2930 4834 2999 4903 X,
3033 4836 3158 4893 2.10.
3180 4835 3349 4895 Savil.
3374 4837 3465 4905 III,
3493 4838 3618 4893 416.

344 4922 474 4978 Duc.
514 4925 529 4945 “
551 4923 618 4991 V,
642 4923 769 4980 289.

572 4923 618 4991 ί,
642 4923 769 4980 289.
2202 4986 2208 4991 κ

421 5000 745 5084 Ἀναγκαῖον
775 5012 993 5086 πρῶτον
1024 5015 1202 5068 εἰπεῖν
1232 5013 1285 5067 τί
1322 5013 1594 5085 βούλεται.
1620 5014 1691 5070 20
1728 5015 1785 5069 in
1815 5015 1835 5069 I
1890 5014 1960 5068 ad
1987 5013 2057 5069 Cu

1987 5013 2117 5069 Cor.
2170 5012 2238 5080 Χ,
2266 5014 2387 5070 159.
2422 5045 2492 5054 -
2515 5014 2705 5085 Montf.
2730 5015 2798 5080 X,
2833 5016 2956 5082 168,
2997 5014 3169 5073 Savil.
3199 5017 3289 5082 III,
3324 5017 3449 5073 564.
3482 5017 3620 5075 Duc.

381 5100 450 5167 V,
479 5100 607 5158 202.

387 5193 715 5263 Ἀναγκαῖον
743 5195 988 5268 τήμερον
1023 5193 1344 5250 ἀποδοῦναι.
1377 5194 1503 5251 Vid.
1537 5195 1779 5265 τήμερον
1810 5194 2110 5250 ἀποδοῦναι
2141 5196 2347 5267 ἀναγκ.

422 5283 764 5353 Ἀναγκαίως
790 5286 887 5338 καὶ
930 5283 1028 5338 νῦν
1056 5285 1140 5348 είς
1178 5286 1241 5338 τὸ
1270 5284 1446 5348 τέλος.
1475 5284 1536 5339 In
1564 5285 1761 5355 psalm.
1783 5300 1925 5339 XCIV.
1949 5283 2058 5355 Spu

1659 5285 1761 5340 ιω.
1783 5300 1925 5339 XCIV.
1949 5283 2172 5355 Spuria.
2213 5295 2346 5343 tom.
2374 5288 2441 5351 V,
2468 5304 2592 5359 pag.
2623 5288 2744 5345 751.
2784 5290 2887 5345 Ed.
2916 5306 3048 5346 nov.
3080 5291 3145 5357 V,
3171 5291 3295 5347 758.

418 5372 663 5444 Ἀναιρεῖ
691 5373 785 5428 τὸν
821 5373 1060 5445 Ὀρνίαν.
1097 5374 1363 5446 Synopsis
1388 5374 1487 5429 lib.
1526 5373 1598 5429 III
1621 5374 1855 5445 Regum,
1885 5371 1976 5438 VI,
2007 5373 2054 5428 5a

1099 5374 1363 5446 Synopsis
1388 5374 1487 5429 lib.
1526 5373 1598 5429 III
1621 5374 1855 5445 Regum,
1885 5371 1976 5438 VI,
2007 5373 2133 5428 519.
2168 5405 2239 5415 -
2271 5375 2456 5447 Menti.
2494 5377 2581 5441 VI,
2606 5377 2735 5437 552.

426 5464 861 5535 Ἀναίσχυντονὴ
894 5466 1085 5520 κακία.
1116 5467 1205 5533 54,
1236 5466 1291 5520 in
1312 5466 1602 5522 Joannem.
1634 5466 1770 5534 VIII,
1800 5467 1926 5522 501.
1961 5494 2062 5517 —-.

1880 5467 1926 5520 1.
1961 5494 2032 5504 —-
2056 5462 2246 5534 Menti.
2281 5464 2418 5531 VIII,
2454 5465 2579 5519 521.
2612 5463 2782 5520 Savil.
2817 5465 2884 5530 II,
2923 5464 3047 5525 781.
3082 5465 3217 5523 Duc.
3249 5465 3357 5531 ‘II,
3387 5466 3510 5523 5M.

424 5552 782 5623 Ἀναμίγνυσι
801 5552 872 5607 τὰ
893 5553 1147 5609 ταπεινά.
1185 5555 1273 5618 14,
1306 5555 1366 5611 in
1383 5554 1562 5625 Epist.
1586 5554 1655 5611 ad
1684 5554 1964 5611 Hebraeos.
2001 5553 2060 5608 Χ]

2001 5553 2119 5619 XII,
2158 5553 2281 5611 109.
2316 5582 2335 5592 ο
2361 5582 2380 5588 -
2436 5553 2626 5628 Montf.
2656 5553 2775 5620 XII,
2806 5556 2927 5613 159.
2980 5554 3151 5616 Saviﬂ.
3186 5555 3277 5621 IV,
3315 5555 3439 5613 506.
3482 5553 3618 5612 Duc.

338 5633 371 5670 ⁸
383 5638 468 5706 Ἣ,
495 5638 621 5697 829.

422 5725 690 5792 Ἀναστὰς
718 5726 972 5799 βασιλεὺς
1012 5729 1070 5781 ἐν
1094 5728 1381 5801 Αἰγύπτῳ,
1411 5729 1680 5802 Synopsis
1719 5731 1918 5798 Exodi,
1953 5730 2042 5800 VI,

1192 5728 1381 5801 6mg),
1411 5729 1680 5802 Synopsis
1719 5731 1918 5798 Exodi,
1953 5730 2042 5800 VI,
2083 5731 2209 5793 525.
2243 5759 2317 5773 --
2349 5728 2537 5799 Montf.
2579 5730 2671 5795 VI,
2704 5730 2828 5791 526.

429 5814 806 5883 Ἀναστάσεως
833 5814 1071 5889 Χριστοῦ
1096 5816 1302 5890 ἑορταί.
1333 5816 1394 5875 In
1419 5818 1557 5889 psal.
1587 5834 1663 5887 iu.
1690 5819 1747 5876 in
1772 5818 2065 5878 Scorialen:

1359 5833 1394 5873 n
1419 5818 1557 5889 psal.
1587 5834 1663 5887 XI,
1690 5819 1747 5876 in
1772 5818 2107 5878 Scorialensi
2132 5819 2257 5878 cod.
2286 5818 2486 5890 Spuria
2518 5826 2574 5876 et
2598 5818 2992 5892 praetermissa.
