4142 6464
555 424 697 483 15“;5
1683 423 1740 479 S.
1781 422 1833 481 J.
1877 420 2368 479 CIIRYSOSTOMI
2407 421 2691 478 OPEIIUM
3687 426 3825 480 1556

628 546 693 599 ἰι
719 542 851 598 Θεία
881 543 1035 616 φωνὴ
1064 542 1156 597 tot
1194 543 1424 615 Κυρίου.
1453 543 1663 599 Bonum
1692 543 1899 600 Christi
1927 543 2264 615 discipulum

2191 559 2266 598 tm
2294 544 2595 616 benignum
2626 559 2783 609 esse,
2816 561 2917 599 nec
2951 546 3062 599 cito
3094 543 3277 598 irasci.
3319 543 3507 601 Edidit
3540 546 3673 603 Fed.
3710 549 3827 603 Μο-

547 634 718 689 rellus
750 632 908 690 1594.
930 631 1113 689 Vertit
1143 630 1351 686 Fronto
1384 631 1636 687 Ducmus.
1676 632 1957 688 Incertum
1989 647 2058 687 an
2086 631 2159 688 sit
2186 630 2587 704 Chrysostomi.
2621 632 2663 698 I,
2695 631 2926 688 1069.-
2950 632 3139 704 Mam].
3165 631 3209 698 I,
3237 629 3364 688 815.
3394 630 3562 692 Savil.
3582 636 3673 702 IV,
3697 636 3825 691 905.

546 719 681 774 Duc.
709 718 887 776 deest.

620 789 720 879 ["II
749 808 905 879 θεῖκὴ
935 811 1032 864 καὶ
1057 807 1384 882 προαιώνιος
1408 807 1473 862 ἐκ
1494 806 1593 861 τοῦ
1620 808 1815 877 τάφου.
1848 806 1909 861 In
1935 807 2070 877 psal.
2102 822 2219 871 vm,
2250 811 2256 860 ε

1352 825 1384 872 ις
1408 807 1473 862 ἐκ
1494 806 1593 861 τοῦ
1620 808 1815 877 τάφου.
1848 806 1909 861 In
1935 807 2070 877 psal.
2102 822 2219 871 vni,
2250 806 2452 878 Spuria
2481 816 2539 864 et
2575 807 2988 881 praetermissa]

621 894 883 967 [Ἦθελον
909 896 1067 965 κάγὼ
1100 897 1342 968 σήμερον
1372 897 1629 964 παρεῖναι
1655 896 1773 958 τοῖς
1804 894 2004 963 ἁγίοις.
2034 895 2236 966 Spuria

965 896 1067 965 ιγὼ
1100 897 1342 968 σήμερον
1372 897 1629 964 παρεῖναι
1655 896 1773 958 τοῖς
1804 894 2004 963 ἁγίοις.
2034 895 2236 966 Spuria
2264 908 2321 953 et
2349 895 2601 970 omissa.]

624 982 859 1037 Ἤθελον
889 984 988 1054 μὲν
1017 983 1105 1038 ἀεὶ
1139 983 1234 1038 καὶ
1271 984 1529 1038 πάντοτε.
1560 983 1619 1038 In
1646 981 1943 1039 Herodem.
1979 983 2220 1039 Dubium
2245 1001 2260 1040 ε

2185 1000 2220 1039 n
2245 1001 2316 1040 an
2348 985 2422 1041 sit
2453 984 2854 1057 Chrysostomi.
2897 983 3172 1060 [Spuria.]
3197 983 3268 1055 X,
3297 985 3506 1044 699.—
3531 985 3721 1059 Monii.
3755 987 3821 1054 Χ,

550 1069 671 1125 750.
702 1068 870 1126 Savil.
906 1071 1019 1138 VII,
1050 1072 1175 1128 518.
1212 1072 1346 1127 Duc.
1378 1071 1556 1128 deest.

623 1156 887 1230 [Ἱιθικὴν
911 1159 1148 1215 ἐνταῦθα
1168 1159 1547 1215 διδασκαλίαν.
1575 1158 1636 1214 In
1667 1159 1807 1230 psaI.
1840 1174 1916 1215 tv.
1950 1159 2151 1231 Spuria
2179 1169 2238 1216 et

1053 1159 1148 1215 ῦθα
1168 1159 1547 1215 διδασκαλίαν.
1575 1158 1636 1214 In
1667 1159 1807 1230 psaI.
1840 1174 1916 1215 ιν.
1950 1159 2151 1231 Spuria
2179 1169 2238 1216 et
2271 1158 2689 1233 praetermissa.)

633 1244 694 1300 'II
720 1247 866 1303 κατὰ
892 1247 993 1320 τήν
1017 1248 1354 1322 Σαμαρεῖτιν
1386 1246 1664 1312 ὑπόθεσις.
1703 1246 1811 1314 44,
1849 1248 1910 1304 in
1939 1247 2205 1305 Genesin.
2233 1248 2269 1303 I‘

2190 1288 2205 1302 .
2233 1248 2323 1315 IV,
2356 1248 2482 1308 405.
2516 1279 2589 1291 ——
2623 1249 2813 1321 Montf.
2843 1250 2931 1318 IV,
2966 1250 3094 1306 447.
3121 1249 3288 1307 Saril.
3322 1250 3381 1318 I,
3409 1249 3538 1307 558.
3587 1252 3721 1309 Duc.
3754 1253 3823 1317 II,

546 1336 673 1394 499.
3746 1368 3753 1381 .

619 1422 763 1484 Ἦκε
794 1429 889 1484 καὶ
916 1431 1161 1504 σήμερον
1187 1432 1479 1504 Ἱερεμίας.
1510 1433 1588 1489 De
1620 1431 1837 1505 jejunio
1867 1446 2035 1489 serm.
2067 1431 2123 1486 6.
2158 1429 2255 1487 Du]

2166 1429 2430 1495 Dubium,
2467 1443 2537 1484 an
2568 1429 2643 1484 sit
2670 1427 3074 1503 Chrysostomi.
3105 1430 3175 1485 IX
3196 1470 3210 1496 ,
3245 1429 3370 1485 721.
3402 1459 3472 1470 —
3500 1429 3689 1501 Montf.
3733 1427 3802 1483 IX

546 1515 672 1573 804.
704 1515 872 1574 Sail.
903 1519 996 1586 VI,
1020 1518 1148 1576 940.
1190 1519 1323 1576 Duc.
1355 1520 1535 1577 deest.

619 1605 787 1660 Ἰικει
816 1607 1010 1679 καιρὸς
1036 1608 1114 1678 τῷ
1147 1608 1311 1662 παντὶ
1339 1608 1651 1680 πράγματι.
1684 1608 1743 1663 In
1772 1605 2116 1663 Dominicam
2138 1621 2171 1660 ν
2188 1604 2255 1676 jej

2189 1603 2408 1676 jejunii.
2429 1603 2672 1659 Dubium
2706 1618 2777 1659 an
2802 1607 2876 1660 slt
2893 1603 3467 1675 Chrysostomifsnn.
3488 1606 3585 1662 Est
3607 1604 3825 1681 eadem,

546 1707 671 1763 qua:
703 1694 1000 1766 superior;
1035 1694 1131 1751 sed
1172 1695 1351 1751 variat
1379 1696 1436 1750 in
1469 1695 1661 1751 multis
1683 1695 1873 1767 judice
1900 1693 2202 1751 Montl‘auc.
2232 1694 2398 1750 ΙΙΑιιι..
2427 1693 2522 1761 XI,
2554 1695 2679 1751 751.
2709 1724 2781 1737 —
2810 1693 2980 1751 Sam'l.
3019 1695 3142 1760 VII,
3172 1694 3297 1750 469.
3334 1694 3467 1750 Duc.
3505 1695 3681 1750 deest.

618 1776 799 1835 'leev
822 1782 956 1854 ἡμῖν
985 1783 1259 1848 ἐνιαύσιος
1287 1784 1494 1856 ἡμέρα.
1526 1785 1603 1840 De
1634 1783 1961 1840 adoratione
1990 1784 2194 1850 crucis,
2224 1798 2254 1837 ι]

2193 1833 2194 1841 χ
2224 1783 2407 1839 media
2432 1782 2986 1855 jejuniorum.Vertit
3008 1782 3331 1838 Joaehimus
3360 1783 3656 1838 Perionius
3682 1800 3696 1845 ;
3722 1799 3829 1838 ex-

546 1877 657 1924 stat
683 1870 852 1925 etiam
881 1869 1071 1928 Graece
1100 1880 1159 1927 et
1184 1870 1381 1927 Latine
1414 1871 1563 1926 edita
1589 1886 1620 1926 a
1645 1871 1762 1928 Jac.
1791 1870 2072 1927 Crctsero.
2103 1870 2366 1939 Dubium,
2403 1887 2472 1928 an
2501 1873 2575 1928 sit
2599 1871 2884 1945 Chrysost.
2907 1869 3178 1944 [Spuria.]
3203 1871 3432 1937 ιιι,855.
3451 1871 3826 1945 —Monlf.l|t,

548 1956 672 2011 819.
700 1954 867 2013 Savil.
899 1958 963 2025 V,
999 1958 1124 2015 817.
1157 1957 1290 2014 Duc.
1325 1959 1413 2025 VI,
1445 1959 1572 2015 511.

617 2033 793 2100 IIIst
825 2048 961 2119 ἡμῖν
986 2047 1281 2111 ἐνιαύσιος,
1315 2049 1561 2120 σήμερον
1589 2050 1618 2102 ὁ
1647 2047 1749 2118 τῆς
1772 2046 2105 2119 οἰκουμένης
2148 2045 2251 2101 ἀθλ

2188 2045 2413 2117 θλητής.
2455 2046 2533 2102 De
2561 2048 2714 2120 justo
2743 2057 2801 2103 et
2829 2046 2992 2103 beato
3023 2047 3184 2104 Jobo.
3208 2046 3387 2103 Vertit
3416 2046 3617 2103 Laelius
3640 2046 3823 2104 Tifer-

548 2149 669 2191 nas.
692 2134 959 2202 Dubium,
988 2150 1059 2191 an
1079 2135 1368 2208 Chrysost.
1400 2134 1624 2209 [Spurio
1651 2135 1672 2209 ]
1705 2135 1795 2201 VI,
1828 2136 1952 2191 565.
1992 2166 2063 2179 -—
2088 2134 2280 2206 Hontf.
2308 2135 2398 2199 VI,
2432 2134 2557 2191 579.
2590 2134 2760 2191 Savit.
2790 2135 2857 2202 V,
2898 2136 3023 2192 949.
3055 2134 3190 2189 Duc.
3217 2135 3315 2201 VI,
3339 2135 3429 2191 67.

619 2221 870 2293 Ἥκομεν
898 2223 1028 2295 ύμῖν
1052 2223 1419 2295 εὐγνώμονες.
1456 2223 1516 2279 ln
1544 2222 1874 2281 Susannam.
1904 2223 2082 2282 Vertit
2126 2224 2252 2282 FI'OI

2184 2235 2333 2283 conto
2364 2226 2617 2283 Duczeus.
2656 2223 2932 2300 [Spuria.]
2971 2225 3060 2289 VI,
3092 2225 3216 2282 589.
3248 2255 3318 2267 —
3351 2225 3539 2299 Mantf.
3574 2226 3667 2293 Vl,
3698 2226 3820 2284 607.

550 2308 718 2366 Savit.
743 2309 807 2380 V,
840 2311 962 2368 705.
993 2311 1127 2368 Duc.
1157 2313 1254 2380 VI,
1287 2313 1411 2369 121.

632 2399 698 2453 ’11
729 2399 997 2471 Κόρινθος
1025 2401 1145 2455 ἐστι
1177 2401 1277 2471 μὲν
1307 2400 1402 2456 νῦν
1430 2402 1608 2467 πόλις.
1636 2400 1799 2459 IIem.
1835 2401 1863 2457 1
1900 2400 1957 2457 in
1988 2400 2011 2457 I
2042 2399 2113 2456 ad
2140 2398 2268 2456 Cori

2147 2398 2394 2457 Corinth.
2418 2400 2488 2467 X,
2517 2400 2570 2457 9.
2590 2400 2862 2473 -ΗοηιῙ,
2891 2400 2961 2469 X,
2990 2403 3040 2457 1.
3068 2400 3233 2458 Sam'l.
3262 2402 3329 2469 II,
3351 2403 3480 2459 245.
3511 2402 3710 2471 Duc.V,
3735 2405 3783 2458 1.

624 2486 865 2552 ἰικουες
889 2485 983 2541 τοῦ
1014 2488 1315 2545 Δεσπότου.
1351 2489 1413 2545 In
1445 2487 1653 2546 Christi
1684 2489 2247 2561 transﬁgurationem.

2191 2505 2247 2543 η.
2274 2490 2548 2557 Dubium,
2577 2505 2647 2544 an
2677 2489 3086 2562 Chrysostomi;
3122 2491 3253 2548 licet
3292 2492 3361 2547 ad
3393 2507 3522 2547 eum
3554 2493 3827 2549 referatur

551 2575 609 2631 in
633 2574 891 2647 plurimis
921 2591 1055 2632 mss.
1090 2575 1259 2633 etiam
1291 2578 1438 2649 apud
1466 2577 1824 2634 Lambecium
1859 2577 1948 2643 IV,
1976 2593 2101 2649 pag.
2139 2578 2267 2645 154;
2298 2577 2444 2646 VIII,
2478 2594 2603 2650 pag.
2637 2578 2760 2633 1t7.
2800 2578 2961 2634 FABB.
2995 2579 3054 2634 In
3085 2580 3209 2635 cod.
3245 2576 3385 2647 XIV,
3419 2596 3475 2636 n.
3511 2582 3598 2649 14,
3629 2582 3710 2638 sic
3740 2583 3829 2637 in-

549 2664 707 2735 cipit,
742 2680 853 2720 non
884 2664 1072 2721 addito
1101 2670 1350 2723 auctoris
1372 2667 1598 2723 nomine
1627 2685 1642 2721 :
1680 2668 1960 2731 ’Ἤκουσας
1991 2665 2185 2738 ἀρτίως

2199 2707 2214 2730 ,
2246 2665 2522 2737 ἀγαπητὲ,
2551 2665 2646 2719 τοῦ
2676 2666 2952 2719 Δεσπὸτου
2981 2666 3220 2738 Χριστοῦ
3247 2666 3522 2737 λέγοντος.
3555 2667 3613 2723 In
3652 2676 3831 2724 trans-

553 2751 936 2823 tigurationem
966 2753 1193 2809 Christi.
1230 2755 1292 2811 V.
1323 2754 1582 2811 Lambec.
1617 2755 1756 2819 VIII,
1784 2770 1907 2827 pag.
1934 2755 2062 2820 249,
2092 2769 2189 2824 seq

2198 2795 2210 2808 .
2243 2762 2301 2807 at
2326 2752 2383 2809 in
2410 2752 2534 2808 eod.
2561 2751 2695 2817 CLI,
2721 2769 2776 2808 n.
2802 2753 2893 2821 57,
2917 2753 3087 2824 incip.
3113 2772 3128 2808 :
3160 2755 3396 2818 Ἤκουες
3424 2754 3522 2808 τοῦ
3554 2756 3827 2809 Δεσπότου

553 2840 793 2910 Χριστοῦ
824 2842 1029 2913 ἀρτίως
1053 2841 1195 2912 λέγ.,
1231 2850 1288 2899 et
1315 2842 1586 2898 tribuitur
1613 2842 2036 2915 Chrysostomo;
2069 2850 2126 2897 at
2154 2856 2189 2895 ιι

2192 2841 2325 2907 tale,
2356 2839 2544 2913 judice
2576 2840 2817 2896 Kollario
2848 2839 2918 2895 ad
2950 2840 3195 2911 priorem
3228 2840 3431 2896 locum.
3466 2839 3633 2896 Hann.
3664 2841 3828 2913 Reje-

551 2936 661 2982 cta.
690 2957 761 2968 —
789 2926 980 2998 Montf.
1015 2928 1189 2985 deest.
1221 2926 1389 2984 Savil.
1420 2929 1535 2996 VII,
1565 2929 1690 2985 559.
1726 2928 1856 2985 Duc.
1893 2928 2067 2984 deest.

637 3014 985 3086 Ἦκούσαμεν
1006 3056 1020 3079 ,
1047 3015 1273 3084 ἀδελφοὶ
1296 3056 1312 3078 ,
1344 3018 1402 3070 ἐν
1441 3016 1518 3086 τῷ
1543 3017 1883 3088 Εύαγγελίῳ.
1918 3017 1976 3072 In
2008 3015 2270 3087 parabola

2194 3016 2326 3072 alam
2372 3016 2441 3072 de
2486 3031 2588 3083 eo,
2625 3016 2718 3088 qui
2760 3017 2814 3072 in
2849 3016 3093 3073 latrones
3140 3016 3427 3073 inciderat.
3459 3016 3723 3082 Dubium,
3757 3033 3830 3074 an

550 3102 954 3175 Chrysostomi.
993 3100 1264 3177 [Spuria.]
1294 3103 1388 3168 x1,
1419 3104 1542 3159 755.
1580 3104 1863 3176 -—Monlf.
1903 3104 1997 3172 x1,
2031 3104 2156 3160 892.
2189 3104 2358 3160 Savil.
2385 3103 2513 3171 vn,
2547 3104 2670 3160 506.
2711 3104 2843 3158 Duc.
2872 3104 3049 3161 deest.

636 3191 939 3244 Ἠκούσατε
974 3191 1078 3246 ὅσα
1110 3190 1382 3264 Ἑϐραίοις
1408 3192 1750 3247 ἐνεκάλεσεν.
1780 3193 1835 3260 9,
1865 3193 1920 3248 in
1955 3192 2129 3264 Epist.
2158 3191 2226 3249 ad
2268 3195 2272 3250 J

2193 3191 2226 3249 d
2268 3192 2549 3250 Hebrazos.
2580 3191 2697 3259 XII,
2729 3191 3083 3264 75.—Montf.
3117 3192 3236 3258 XII,
3270 3191 3360 3248 92.
3394 3190 3563 3249 Savil.
3590 3192 3679 3260 IV,
3698 3192 3827 3249 480.

555 3277 713 3333 Duc.’
739 3277 827 3343 VI,
858 3278 981 3334 787.

636 3366 943 3420 Ἠκούσατε
975 3366 1075 3438 τῆς
1126 3367 1496 3440 ἀποπολικῆς
1530 3370 1737 3441 φωνῆς.
1766 3367 2008 3424 IIomilia
2038 3368 2061 3422 1
2101 3367 2172 3423 ad
2202 3368 2272 3424 AI:

2202 3368 2598 3426 Antiochenos.
2631 3369 2952 3427 Versionem
2993 3369 3257 3427 Bernardi
3286 3370 3529 3426 Brixiani
3558 3385 3827 3441 recogno-

551 3452 634 3508 vit
662 3454 868 3510 Fronto
896 3455 1150 3511 Ducazus.
1182 3456 1249 3524 II,
1283 3457 1369 3512 15.
1404 3488 1471 3503 —-
1501 3455 1668 3511 Sam'l.
1707 3457 1794 3519 VI,
1820 3457 1947 3511 447.
1981 3456 2115 3511 Duc.
2151 3457 2195 3521 I,
2222 3458 2273 3512 1.

636 3541 939 3597 Ἠκούσατε
969 3542 1095 3612 χθὲς
1122 3543 1242 3608 πῶς
1273 3544 1373 3614 μὲν
1399 3545 1643 3615 ἐποίησε.
1680 3545 1757 3600 De
1793 3545 1976 3600 tribus
1999 3545 2272 3602 servitutis

2192 3547 2283 3602 Itis
2308 3547 2517 3613 modis,
2550 3562 2650 3617 per
2673 3555 2961 3618 peccatum
2992 3545 3253 3603 inductis.
3286 3545 3347 3601 In
3373 3546 3511 3603 Gen.
3546 3562 3619 3602 Iv.
3649 3544 3828 3602 Vertit

556 3629 760 3686 Fronto
795 3631 1051 3688 Ducaus.
1079 3631 1169 3699 IV,
1196 3632 1320 3689 595.
1351 3662 1420 3673 -
1450 3633 1638 3703 Montf.
1672 3634 1761 3695 Ν,
1798 3634 1923 3689 658.
1957 3631 2125 3688 Savil.
2160 3634 2192 3690 V

1128 3631 1169 3699 Ῑ,
1196 3632 1320 3689 595.
1351 3662 1420 3673 -
1450 3633 1638 3703 Montf.
1672 3634 1761 3695 Ν,
1798 3634 1923 3689 658.
1957 3631 2125 3688 Savil.
2160 3634 2224 3697 V.
2256 3636 2343 3690 11.
2380 3634 2512 3690 Duc.
2543 3635 2608 3701 II,
2646 3636 2764 3690 740.

624 3716 903 3790 [Ἴικουσά
933 3736 1099 3773 τινων
1123 3719 1413 3790 λεγόντων,
1444 3721 1528 3775 ὅτι
1560 3722 1619 3776 ἐν
1646 3720 1849 3792 χάριτι.
1887 3719 2260 3793 Degratiarul

1523 3739 1528 3774 ι
1560 3722 1619 3776 ἐν
1646 3720 1849 3792 χάριτι.
1887 3719 2298 3793 Βενετοιίαιιιιηι
2324 3723 2562 3779 actione.
2595 3724 2797 3795 Spuria
2822 3731 2877 3780 et
2909 3721 3159 3796 rejecta.]

627 3828 963 3911 [Ἵικουσται
997 3830 1218 3895 πάντως
1248 3831 1412 3903 ὑμῖν,
1457 3825 1504 3885 ὧ
1536 3831 1884 3903 φιλόχριστος
1930 3833 2257 3904 πανήγυρις.

2190 3849 2257 3895 ις.
2308 3832 2366 3886 In
2422 3832 2660 3889 reditum
2713 3834 3073 3904 reliquiarum
3112 3830 3530 3905 Chrysostomi,
3578 3844 3645 3883 ex
3690 3842 3821 3884 mss.

553 3916 756 3972 Montis
780 3916 1030 3984 Cassini;
1060 3917 1117 3973 in
1146 3916 1270 3974 cod.
1303 3927 1484 3974 autem
1515 3919 1782 3975 Vaticano
1814 3918 1896 3974 sic
1923 3917 2127 3988 legitur
2156 3935 2169 3972 :

2061 3935 2127 3973 ur
2156 3935 2169 3972 :
2211 3919 2514 3974 Ἠκούσατε
2544 3919 2765 3984 πάντως
2788 3922 2969 3990 ὑμεῖς,
3010 3915 3056 3974 ὦ
3090 3919 3310 3990 φιλοχρ.
3339 3914 3695 3989 πανήγυρις.]

554 4091 598 4106 ν
624 4004 816 4106 [Ἦκιρ
847 4006 907 4060 τὸ
936 4006 1097 4079 χρέος
1127 4005 1426 4062 ἀποδώσων
1457 4007 1607 4078 ύμῖν.
1638 4006 1697 4062 In
1724 4005 2173 4063 incredulitatem

2202 4017 2260 4065 et
2284 4008 2445 4065 Iidem
2464 4007 2708 4065 Thomas.
2738 4008 2929 4065 Menti.
2958 4008 3236 4073 tom.VllI,
3257 4006 3449 4078 p.207.
3482 4006 3543 4061 In
3565 4002 3827 4074 Spuriis.]

563 4088 877 4237 .il'l'iixis
907 4182 1257 4257 περιλειφθὲν
1280 4183 1524 4257 ὄφλημα.
1556 4184 1615 4240 In
1649 4198 1850 4239 novam
1876 4181 2199 4238 Dominiean

2192 4198 2218 4237 η
2247 4190 2303 4238 et
2333 4182 2388 4238 in
2440 4193 2691 4267 sanctum
2727 4183 3036 4255 apostolum
3087 4182 3378 4239 Thomam.
3426 4178 3666 4236 Dubium
3694 4218 3710 4245 ,
3756 4193 3828 4233 an

554 4267 959 4342 Chrysostomi.
995 4272 1115 4337 XII,
1144 4273 1269 4331 927.
1307 4303 1377 4315 -—
1407 4272 1597 4344 Hontf.
1624 4270 1743 4338 XII,
1772 4269 1896 4326 804.
1925 4267 2092 4325 Savil.
2130 4270 2257 4337 VII,
2293 4271 2416 4327 575.
2446 4271 2579 4328 Duc.
2615 4270 2794 4328 deest.

625 4380 831 4439 Ἦλθεν
861 4386 942 4449 εἰς
960 4385 1131 4457 ἡμᾶς,
1160 4385 1246 4439 ὅτι
1274 4383 1438 4440 πάλιν
1469 4382 1688 4456 ἀνήφθη
1720 4383 1789 4438 τὰ
1810 4385 1868 4437 ἐν
1888 4381 2133 4456 Φοινίκῃ.
2166 4384 2253 4438 Ru

2166 4383 2372 4439 Ruﬁno
2402 4383 2614 4455 presb.,
2637 4382 2802 4454 epist.
2841 4382 2960 4439 126.
2985 4381 3077 4448 III,
3108 4378 3523 4450 685.——Montf.
3554 4377 3645 4441 III,
3668 4376 3794 4432 671.

628 4474 822 4538 Ἥλιος
855 4472 1114 4543 ἀνίσχων.
1142 4472 1206 4527 In
1230 4471 1439 4529 Christi
1478 4470 2041 4543 transﬂgurationem.
2080 4470 2262 4527 Dubiu

2192 4470 2343 4538 tium,
2375 4486 2444 4527 an
2469 4469 2869 4543 Chrysostomi.
2895 4467 3168 4542 [Spuria.]
3195 4468 3267 4535 Χ,
3301 4466 3424 4521 721.
3450 4464 3729 4535 -Ιιοηιίὶ
3760 4463 3828 4518 x.

557 4562 681 4618 774.
700 4559 885 4617 ,δαυει
912 4560 1038 4627 VII,
1076 4559 1201 4616 545.
1239 4558 1372 4615 Duc.
1403 4558 1584 4616 deest.

1452 4568 1584 4616 eest.
3086 4566 3088 4569 ’

629 4649 822 4712 Ἥλιος
853 4648 954 4719 μὲν
982 4648 1123 4720 ὑπὲρ
1146 4647 1253 4718 γῆς
1277 4646 1630 4719 παρακύψας.
1656 4647 1718 4702 In
1757 4645 1895 4702 illud
1925 4645 2119 4702 Matth.
2154 4662 2229 4712 tv,
2263 4666 2265 4687 ι

2195 4662 2229 4712 r,
2263 4645 2296 4702 6
2323 4662 2337 4699 :
2364 4643 2423 4701 Si
2479 4643 2626 4715 ﬁlius
2674 4643 2771 4699 Dei
2816 4659 2893 4710 es,
2944 4643 3110 4714 dejice
3154 4643 3401 4713 teipsum.
3434 4639 3675 4696 Dubium
3703 4679 3720 4705 ,
3760 4656 3831 4695 an

555 4736 958 4812 Chrysostomi.
989 4735 1251 4792 Nestorio
1281 4734 1547 4792 tribuitur
1570 4751 1603 4792 a
1629 4734 1802 4793 Mario
1824 4735 2151 4793 Mercatore.
2193 4733 2301 4807 [Ab
2329 4732 2454 4789 aliis
2483 4730 2751 4804 Asterio.]
2781 4730 2828 4786 Χ
2847 4770 2863 4799 ,
2897 4730 3021 4787 685.
3053 4759 3124 4773 —-
3146 4728 3336 4800 Montf.
3376 4727 3449 4795 Χ,
3490 4728 3616 4784 755.
3659 4725 3830 4782 Savil.

556 4828 682 4891 VII.
716 4827 842 4883 501.
880 4825 1012 4880 Duc.
1051 4824 1229 4880 deest.

637 4916 833 4987 Ἡμεῖς
855 4915 906 4967 ει
938 4915 1034 4967 καὶ
1059 4912 1254 4985 πόρρω
1281 4928 1376 4966 σου
1405 4911 1716 4984 καθήμεθα,
1744 4910 1883 4967 ἀλλ’.
1917 4909 2139 4980 Alphio,
2167 4908 2273 4981 epis

1694 4953 1716 4979 η,
1744 4910 1883 4967 ἀλλ’.
1917 4909 2139 4980 Alphio,
2167 4908 2328 4981 epist.
2362 4907 2450 4962 72.
2487 4907 2578 4973 III,
2612 4907 2737 4963 648.
2763 4937 2833 4948 --
2858 4907 3047 4978 Montf.
3084 4905 3176 4969 III,
3206 4904 3330 4960 652.

643 5003 837 5074 Ἡμεῖς
866 4999 1254 5072 ἐπεθυμοῦμεν
1279 5000 1376 5055 καὶ
1405 5001 1651 5069 παρόντα
1676 5016 1738 5054 σε
1764 4998 2086 5055 θεάσασθαι.
2124 4995 2279 5069 Ηθεγε

2014 5017 2086 5053 αι.
2124 4995 2419 5069 Hesychio,
2447 4997 2612 5067 epist.
2643 4996 2767 5055 176.
2803 4996 2894 5062 III,
2933 4996 3058 5050 712.
3088 5025 3159 5037 -—
3185 4991 3375 5062 Monii.
3403 4991 3495 5059 III,
3528 4989 3650 5046 700.

643 5091 838 5161 Ἡμεῖς
867 5088 974 5143 κᾶν
1002 5087 1143 5159 αὐτὴ
1172 5087 1469 5152 σπανιάκις
1501 5088 1861 5152 ἐπιστέλλεις.
1895 5085 2124 5153 Αίιοιίεε,
2163 5085 2328 5156 epist.
2360 5086 2448 5141 57.
2479 5085 2571 5148 ιιι,
2605 5083 2729 5141 648.
2756 5110 2828 5125 -σ
2850 5083 3040 5153 Montf.
3077 5081 3178 5149 ιιι,
3207 5080 3334 5136 621.

638 5177 833 5249 ἰιμεῖς
867 5174 969 5231 κᾶν
995 5176 1134 5247 πρὸς
1169 5174 1342 5240 αὑτὰς
1369 5174 1700 5247 ἀφικώμεθα
1724 5175 1824 5245 τῆς
1852 5173 2202 5244 οἰκουμένης.
2240 5174 2496 5245 Eulogio,
2521 5172 2686 5243 epist.
2713 5171 2801 5227 87.
2831 5171 2924 5238 III,
2956 5171 3081 5226 654.
3104 5168 3369 5239 -Ηοηειί
3408 5165 3499 5233 III,
3528 5165 3652 5222 659.

646 5265 841 5336 Ἡμεῖς
873 5264 973 5335 μὲν
997 5262 1337 5333 ἐϐουλόμεθα
1368 5263 1608 5334 συνεχῶς
1633 5262 1994 5316 ἐπιστέλλειν.
2025 5260 2244 5332 Elpidio
2277 5284 2282 5310 ‹

2067 5260 2244 5332 lpidio
2277 5261 2477 5331 episc.,
2516 5260 2679 5331 epist.
2706 5258 2796 5314 25.
2829 5259 2920 5323 ιιι,
2960 5259 3082 5314 626.
3113 5288 3177 5298 --
3216 5257 3410 5326 ΜοηιῙ.
3442 5255 3548 5317 ιιι,
3579 5252 3703 5309 609.

643 5354 836 5426 Ἡμεῖς
865 5353 965 5425 μὲν
993 5351 1301 5425 ἐποθοῦμεν
1327 5352 1423 5407 καὶ
1453 5354 1573 5415 ταῖς
1599 5351 1695 5406 τοῦ
1727 5350 1982 5421 σώματος
2015 5349 2226 5420 ὄψεσιν,
2254 5365 2279 5404 e

2119 5366 2226 5415 σιν,
2254 5348 2552 5420 episcopis.
2582 5347 2759 5418 Epist.
2800 5346 2921 5401 154.
2951 5345 3039 5408 III,
3067 5345 3187 5400 702.
3214 5376 3285 5385 ——
3303 5342 3493 5413 Montf.
3518 5342 3608 5405 ιιι,
3633 5339 3755 5395 689.

643 5441 839 5516 Ἡμεῖς
869 5441 971 5512 μὲν
995 5441 1175 5496 καίτοι
1206 5438 1410 5511 χωρίον
1439 5438 1802 5512 ἐρημότατον.
1831 5437 2041 5494 Severo
2064 5437 2279 5508 presbyl

2001 5452 2041 5492 'o
2064 5437 2414 5508 presbytero,
2451 5434 2615 5506 epist.
2653 5431 2776 5488 101.
2814 5432 2905 5497 III,
2931 5432 3054 5487 661.
3078 5462 3147 5473 --
3173 5430 3362 5500 Montf.
3388 5429 3479 5516 III.
3512 5428 3637 5483 647.

641 5511 832 5601 Ἡμεῖς
866 5511 967 5600 μὲν
995 5527 1106 5601 πρδ
1133 5527 1236 5599 τῆς
1269 5527 1421 5598 χθές.
1450 5524 1657 5582 Contra
1689 5524 1988 5596 ignaviam,
2021 5533 2078 5580 et
2110 5524 2258 5595 quod

2197 5524 2258 5579 od
2290 5536 2396 5578 nec
2427 5523 2596 5587 Deus,
2629 5534 2735 5576 nec
2766 5519 3040 5582 diabolus,
3072 5532 3173 5571 nec
3209 5515 3451 5571 hominis
3486 5522 3709 5579 natura,
3734 5511 3833 5567 sed

561 5599 817 5674 voluntas
841 5599 899 5673 et
927 5599 1248 5687 προαίρεσις
1286 5615 1359 5671 sit
1386 5614 1600 5687 peccati
1627 5628 1813 5669 causa.
1842 5612 2019 5668 Vertit
2052 5612 2197 5669 Joan.

2195 5652 2210 5667 .
2235 5610 2478 5667 Iacobus
2512 5609 2809 5665 Beurerus.
2839 5607 2904 5671 Il,
2933 5605 3060 5662 265.
3093 5636 3162 5647 -
3186 5604 3377 5675 Montf.
3410 5602 3479 5669 II,
3507 5601 3632 5658 265.
3661 5599 3830 5656 Suvil.

566 5697 654 5767 VI,
691 5702 817 5758 844.
850 5703 980 5758 Duc.
1010 5703 1079 5771 ιι,
1112 5701 1237 5760 880.

647 5788 843 5860 Ἡμεῖς
879 5789 980 5860 μέν
1009 5805 1094 5843 σοι
1124 5790 1219 5842 καὶ
1248 5787 1442 5860 πρώην
1467 5788 1906 5857 ἐπεστάλκαμεν.
1936 5785 2230 5842 Timotheo
2252 5802 2283 5857 ι]

2128 5785 2230 5842 beo
2252 5785 2603 5857 presbytero,
2624 5783 2789 5855 epist.
2816 5782 2941 5838 211.
2970 5781 3062 5847 111,
3093 5779 3304 5835 728.--
3323 5778 3511 5849 Ηοηιί.
3531 5775 3623 5846 III,
3640 5774 3764 5831 717.

653 5877 847 5947 Ἡμεῖς
874 5876 999 5932 etin
1034 5877 1416 5949 ὑπερορῶντες
1441 5877 1565 5934 οὔτε
1591 5877 2010 5948 ὀλιγωροῦντες.
2044 5873 2288 5948 Elpidio,

1854 5878 2010 5940 ὅντες.
2044 5873 2288 5948 Elpidio,
2319 5875 2486 5944 epist.
2520 5871 2639 5929 151.
2672 5871 2763 5939 III,
2793 5869 2919 5929 690.
2940 5867 3216 5937 ——Hontf.
3240 5867 3340 5933 ’111,
3366 5865 3490 5922 676.
