4142 6472
610 404 746 461 1419
1742 404 1801 459 S.
1843 404 1894 458 J.
1933 401 2246 459 CHRYSOS

2218 403 2419 460 STOMI
2452 404 2740 460 OPEBUM
3727 411 3854 469 1420

672 514 899 587 Φαιδρόν
934 531 1023 584 μοι
1048 516 1111 568 τὸ
1130 516 1231 585 τῆς
1272 515 1621 586 Ἐκκλησίας.
1651 518 1712 573 In
1736 519 2116 575 ascensionem
2142 517 2308 575 Chris

2220 518 2373 573 tristi.
2395 519 2572 576 Vertit
2602 520 2773 577 Gerh.
2798 520 3044 576 Vossius.
3075 521 3219 576 Dub.
3249 520 3520 595 [Spuria.]
3538 522 3628 591 111,
3655 524 3856 583 797.—

608 603 800 675 Monti.
835 604 924 667 III,
965 602 1091 658 781.
1123 601 1292 658 Savil.
1330 604 1442 670 VII,
1469 604 1594 660 426.
1632 605 1767 660 Duc.
1805 606 1897 672 VI,
1925 607 2049 663 $83.

679 691 742 764 [-ι-
769 690 997 763 Φαιδρδς
1023 692 1155 762 ήμῖν
1186 692 1215 745 ὁ
1242 691 1419 761 λόγος,
1453 693 1675 762 ἀδελφοί
1711 711 1836 763 μου.
1871 696 2182 766 Antequam
2216 696 2315 751 iret

1711 711 1836 763 μου.
1871 696 2182 766 Antequam
2216 696 2323 751 iret
2345 695 2401 750 in
2437 697 2717 752 exsilium.
2756 698 2848 763 III,
2884 696 3038 770 421;]
3069 698 3162 764 III,
3184 698 3313 754 455.

678 780 950 853 [Φαιδρῶς
973 779 1111 850 ὁμοῦ
1138 780 1233 833 καὶ
1257 779 1499 843 εὑσεὸὦς
1519 779 1582 833 τὸ
1611 783 1899 853 σωτήριον.
1929 781 1990 836 In
2025 798 2223 837 novam
2249 783 2314 839 do

1561 779 1582 833 δ
1611 783 1899 853 σωτήριον.
1929 781 1990 836 In
2025 798 2223 837 novam
2249 783 2609 840 dominicam.
2641 785 2845 855 Spuria
2867 794 2925 841 et
2949 784 3197 859 omissa]

679 868 841 942 [Φασὶ
864 868 964 937 τὴν
1027 868 1287 937 μέλισσαν
1322 866 1545 937 κούφοις
1577 872 1817 939 πτεροῖς.
1870 870 1929 923 In
1959 870 2093 924 illud
2127 888 2140 924 :
2172 869 2315 927 Credi

2127 888 2140 924 :
2172 869 2384 927 Credidi
2404 881 2619 944 propter
2641 874 2781 944 quod
2810 873 3013 928 locutus
3033 891 3170 928 sunt.
3199 870 3400 944 Spuria
3428 885 3485 930 et
3512 876 3759 949 omissa.]

678 956 816 1009 Φασί
840 972 985 1019 τινες
1013 957 1077 1009 ὲκ
1102 954 1394 1026 μύρμηκος
1422 959 1515 1009 καὶ
1548 955 1782 1018 λέοντος.
1821 957 1882 1010 In
1909 956 2043 1011 illud
2069 975 2082 1009 :
2115 954 2281 1011 Nemo

2218 974 2281 1011 no
2313 967 2478 1028 potest
2502 960 2701 1014 duobus
2722 961 2947 1016 dominis
2970 963 3186 1017 servire.
3218 962 3317 1017 Ms.
3351 964 3406 1017 in
3437 963 3571 1017 bibl.
3603 963 3854 1031 Caesarea,

607 1045 869 1101 Vaticana
894 1051 950 1098 et
975 1044 1204 1099 Veneta.
1235 1038 1441 1098 Habuit
1458 1054 1515 1099 et
1538 1042 1799 1110 Savilius,
1840 1044 1937 1100 sed
1958 1039 2251 1100 manifeste
2278 1047 2527 1117 spuriam
2553 1044 2735 1101 noluit
2757 1047 2947 1103 edere.
2980 1047 3118 1106 Vide
3141 1057 3303 1105 notas
3328 1057 3459 1105 tom.
3494 1050 3632 1115 VIII,
3657 1068 3712 1122 p.
3743 1053 3854 1108 857.

606 1161 679 1173 -—
708 1131 905 1202 Nonii.
944 1130 1119 1187 deest.
1159 1129 1330 1187 Savil.
1363 1133 1537 1188 deest.
1565 1128 1697 1187 Duc.
1730 1132 1907 1187 deest.

677 1222 815 1291 Φέρε
847 1220 909 1291 δὴ
935 1220 1268 1291 ἀπαντλήσω
1296 1237 1393 1274 σου
1415 1221 1512 1290 τῆς
1544 1220 1785 1289 ἀθυμίας
1808 1221 1868 1275 τδ
1892 1219 2070 1283 ἕλκος.
2104 1220 2313 1293 Olympi

1948 1238 2070 1283 .xoc.
2104 1220 2435 1293 Olympiadi,
2460 1219 2625 1292 epist.
2648 1223 2698 1277 1.
2730 1221 2822 1289 III,
2855 1222 2980 1279 549.
3010 1255 3082 1264 —
3106 1221 3299 1295 Monti.
3332 1220 3425 1291 III,
3462 1226 3584 1281 527.

676 1309 814 1381 Φέρε
841 1309 908 1379 δὴ
930 1310 1026 1362 καὶ
1046 1309 1289 1381 σήμερον
1319 1308 1507 1380 ἐπειδὴ
1532 1306 1671 1379 μετά
1694 1306 1894 1379 πολλῆς
1921 1308 2252 1381 προθυμίας,
2279 1308 2312 1364 8

2219 1328 2252 1376 ;,
2279 1308 2334 1374 8,
2362 1310 2420 1365 in
2448 1309 2587 1366 Gen.
2611 1340 2682 1351 —
2703 1309 2897 1383 Menti.
2921 1310 3043 1369 Non
3074 1321 3161 1369 est
3186 1313 3245 1368 in
3268 1314 3476 1371 indice.
3502 1310 3676 1370 Savil.
3708 1316 3751 1381 l,
3774 1315 3855 1373 15.

607 1398 740 1451 Duc.
772 1397 839 1452 II.
876 1396 966 1453 6'5.

675 1485 813 1555 Φέρε
846 1484 911 1557 δή
942 1487 1035 1538 καὶ
1068 1485 1309 1557 σήμερον
1337 1480 1431 1539 τοῦ
1464 1485 1592 1557 περὶ
1625 1484 1970 1550 κατανύξεως
1999 1482 2263 1556 ἁψώμεθα
2294 1485 2311 1538 λ

2223 1499 2263 1539 ια
2294 1485 2476 1555 λόγου.
2509 1486 2606 1542 Ms.
2642 1487 2699 1542 in
2724 1486 2861 1543 bibl.
2904 1486 3056 1559 regia
3088 1487 3268 1544 Paris.
3314 1487 3641 1546 inscribitur
3679 1507 3694 1544 :
3736 1489 3859 1563 Περὶ

604 1571 700 1626 τοῦ
730 1574 805 1643 μὴ
832 1568 1221 1646 προσηλῶσθαι
1242 1572 1356 1636 τοῖς
1383 1573 1675 1643 βιωτικοῖς.
1701 1571 1941 1628 Savilius
1962 1572 2240 1644 ἀπάνθισμ

2221 1588 2280 1626 ια
2306 1573 2435 1637 hoc,
2458 1572 2610 1630 varie
2636 1575 2954 1630 mutilatum
2975 1591 3040 1631 ac
3062 1566 3336 1647 spurium,
3359 1576 3569 1634 omisit.
3588 1608 3660 1618 —
3679 1574 3857 1647 Menti.

604 1659 784 1716 deest.
814 1658 984 1715 Savil.
1013 1659 1192 1715 deest.
1231 1659 1360 1714 Duc.
1397 1659 1577 1716 deest.

673 1745 812 1817 Φέρε
833 1747 897 1817 δὴ
939 1746 1104 1801 πάλιν
1130 1745 1465 1816 ἀπαντλήσω
1492 1749 1592 1819 τῆς
1617 1746 1857 1817 ἀθυμίας
1876 1746 1956 1801 τό.
1988 1746 2220 1820 Cyriaco
2242 1762 2309 1818 ep

2041 1749 2220 1820 yriaco
2242 1749 2393 1818 episc
2425 1792 2438 1811 ,
2469 1750 2632 1819 epist.
2660 1747 2781 1803 125.
2812 1748 2905 1815 111,
2938 1749 3061 1806 681·
3100 1784 3168 1793 -
3196 1746 3390 1822 Menti.
3423 1749 3514 1816 111,
3549 1749 3677 1807 667.

673 1835 813 1905 Φέρε
836 1832 902 1905 δὴ
929 1832 1071 1908 [καὶ]
1099 1833 1211 1888 τῶν
1232 1835 1519 1906 ἡμετέρων
1542 1835 1769 1904 κρότων.
1809 1834 1884 1889 De
1925 1834 2252 1906 paenitentia
2284 1852 2309 1892 ο

2222 1850 2252 1890 a
2284 1846 2341 1892 et
2369 1833 2585 1891 Herode
2624 1851 2689 1891 ac
2724 1838 2935 1894 Joanne
2974 1838 3239 1909 Baptista.
3282 1838 3434 1894 Hanc
3469 1839 3752 1895 homiliam
3780 1839 3856 1894 in-

607 1926 903 1995 tegriorem
932 1964 947 1988 ,
976 1923 1164 1979 Graece
1195 1931 1252 1978 et
1281 1922 1400 1976 Lat.
1440 1939 1471 1977 e
1503 1922 1695 1977 codice
1733 1924 1906 1993 Regio
1934 1922 2303 1979 Comhetisius
2324 1967 2338 1988 ,
2366 1923 2539 1979 Paris.
2580 1925 2744 1990 1645,
2777 1925 2810 1978 4
2833 1966 2848 1989 ,
2877 1941 2909 1980 e
2935 1926 3059 1982 cod.
3087 1922 3421 1981 Barocciano
3449 1925 3646 1982 edidit.
3678 1927 3861 1983 Ericus

604 2012 896 2068 Benzelius
919 2012 976 2066 in
1003 2011 1390 2082 supplemento
1420 2006 1776 2065 homiliarum
1804 2009 2206 2082 Chrysostomi.
2240 2011 2425 2080 Upsal.
2466 2011 2625 2077 1708,
2657 2008 2712 2075 4,
2744 2024 2802 2082 p.
2833 2011 3020 2067 45-75.
3060 2012 3143 2085 [In
3169 2012 3447 2086 Spuriis.]
3477 2011 3617 2078 VIII,
3657 2014 3861 2068 757.—

607 2097 802 2171 Menti.
836 2097 978 2166 vm,
1003 2098 1130 2155 287.
1168 2096 1338 2153 Savit.
1364 2096 1455 2162 v1,
1489 2097 1613 2152 eos.
1650 2094 1780 2151 Duc.
1814 2099 1989 2153 deest.

672 2186 809 2260 Φέρε
830 2186 894 2259 δὴ
927 2187 1115 2241 λοιπὸν
1142 2188 1234 2240 καὶ
1258 2189 1351 2239 τὸν
1386 2187 1595 2240 πιστόν.
1621 2184 1703 2240 Ad
1728 2197 1939 2255 patrem
1962 2186 2200 2251 fidelem,
2225 2201 2308 2256 pri

2225 2201 2327 2256 pro
2350 2186 2461 2240 vita
2485 2193 2811 2247 monastica.
2836 2186 3104 2241 adversus
3124 2187 3245 2258 ejus
3269 2193 3705 2259 contemptores,
3731 2187 3861 2243 liber

604 2275 823 2332 tertius.
864 2275 1045 2331 Vertit
1077 2275 1344 2334 incertus,
1373 2272 1418 2339 I,
1444 2273 1569 2328 549.
1599 2305 1668 2315 --
1702 2273 1895 2344 Menti.
1926 2274 1969 2337 1,
2000 2276 2089 2327 75.
2130 2274 2303 2328 Savil.
2336 2274 2428 2337 VI,
2466 2275 2588 2328 181.
2624 2274 2753 2326 Duc.
2780 2273 2872 2338 IV,
2905 2274 3032 2330 396.

673 2361 810 2433 Φέρε
849 2363 913 2435 δὴ
942 2362 1104 2415 πάλιν
1129 2362 1267 2433 πρὸς
1295 2362 1421 2425 τοὺς
1443 2361 1704 2424 ἀπίστους
1752 2362 2088 2433 Ἀνομοίους.
2126 2362 2182 2423 2,
2217 2362 2295 2417 De

2223 2362 2295 2416 De
2336 2361 2888 2432 incomprehensibili
2914 2361 3013 2417 Dei
3045 2369 3264 2418 natura.
3300 2360 3345 2426 I,
3373 2361 3499 2417 769.
3526 2360 3792 2435 ultumi.
3819 2362 3859 2431 I,

604 2450 728 2507 452.
758 2448 926 2506 Savil.
955 2451 1042 2517 VI,
1066 2450 1190 2506 395.
1221 2450 1355 2505 Duc.
1379 2450 1420 2517 I,
1459 2450 1583 2505 502.

670 2534 810 2609 Φέρε
841 2538 906 2609 δὴ
937 2539 1067 2610 περὶ
1103 2538 1205 2609 τῆς
1244 2537 1352 2591 τῶν
1391 2534 1819 2606 εὐαγγελιστῶν.
1844 2537 1904 2590 In
1932 2534 2214 2599 mulieres,
2234 2549 2306 2589 un

2234 2544 2518 2606 unguenta
2542 2536 2807 2603 ferentes,
2834 2545 2888 2592 et
2910 2535 3058 2607 quod
3087 2536 3236 2593 nulla
3265 2536 3605 2594 dissonantia
3629 2539 3703 2593 sit
3730 2538 3861 2594 inter

601 2630 989 2702 evangelistas,
1022 2629 1491 2686 resurrectionem
1511 2629 1718 2685 Christi
1753 2639 2061 2684 narrantes.
2101 2630 2358 2687 Dubium,
2390 2640 2459 2680 an
2484 2624 2888 2696 Chrysostomi.
2913 2625 3276 2697 Integriorem
3306 2626 3409 2681 sub
3439 2624 3675 2681 Joannis
3698 2626 3862 2680 Thes-

602 2712 962 2773 salonicensis
983 2717 1210 2773 nomine
1233 2718 1389 2773 dedit
1418 2715 1783 2773 Combeilsius
1816 2725 1947 2771 tom.
2001 2717 2021 2770 1
2055 2717 2297 2772 Auctarii
2332 2716 2482 2783 novi,
2510 2730 2563 2785 p.
2599 2712 2724 2769 791.
2751 2709 2833 2785 [In
2860 2710 3124 2785 Spurii“.
3147 2710 3285 2781 VIII,
3309 2711 3712 2779 635.-—Monti.
3733 2711 3859 2779 VIII,

606 2806 728 2861 I59.
757 2804 927 2860 Savil.
966 2806 1030 2872 V,
1064 2806 1187 2860 740.
1221 2806 1357 2860 Due.
1395 2806 1571 2861 deest.

669 2892 808 2962 Φέρε
835 2893 900 2966 δὴ
925 2897 1188 2965 σήμερον,
1214 2894 1619 2965 πληρώσωμεν.
1640 2896 1730 2952 12.
1764 2894 1817 2948 1η
1842 2893 1979 2949 Gen.
2011 2895 2101 2959 IV,
2124 2893 2213 2947 98.
2246 2921 2305 2935 ~—

1957 2936 1979 2947 ,.
2011 2895 2101 2959 IV,
2124 2893 2213 2947 98.
2246 2920 2316 2935 --
2340 2889 2531 2959 Menti.
2561 2888 2651 2953 IV,
2683 2888 2778 2942 91.
2805 2886 2978 2945 Sauil.
3006 2889 3051 2952 I,
3072 2889 3166 2943 71.
3195 2888 3328 2943 Duc.
3370 2888 3440 2949 II.
3469 2890 3593 2945 100.

678 2981 818 3052 Φέρε
871 2980 935 3051 δὴ
988 2984 1227 3051 σήμερον
1278 2983 1416 3052 πρὸς
1466 2986 1592 3045 τοὺς
1641 2983 1924 3044 ἀπίστους.
1979 2982 2051 3040 2.
2112 2981 2189 3034 De
2246 2980 2314 3033 int

2246 2978 2791 3049 incomprehensibili
2842 2978 2939 3032 Dei
2999 2986 3220 3033 natura.
3292 2977 3349 3034 γ.
3405 2980 3546 3051 Φέρε
3589 2979 3658 3050 δὴ
3713 2976 3864 3035 πάλιν

605 3065 766 3138 πρός.
797 3096 867 3109 --
890 3064 1081 3140 Menti.
1112 3067 1156 3134 I,
1187 3067 1311 3124 452.
1354 3068 1524 3124 8ουὶ1.
1556 3068 1644 3135 VI,
1686 3070 1809 3124 595.
1839 3070 1970 3122 Duc.
1999 3069 2041 3132 I,
2073 3068 2199 3123 502.

674 3155 835 3228 Φέρει
863 3157 1120 3225 γηπόνοις
1159 3158 1372 3230 ἡδονήν.
1413 3159 1741 3229 Fragmenta
1763 3157 1817 3211 in
1840 3157 2011 3211 libros
2036 3158 2268 3227 Regum.
2295 3154 2310 3208 ἶ

950 3157 1120 3221 πόνοις
1159 3158 1372 3230 ἡδονήν.
1413 3159 1741 3229 Fragmenta
1763 3157 1817 3211 in
1840 3157 2011 3211 libros
2036 3158 2268 3227 Regum.
2295 3154 2437 3218 XIII,
2463 3153 2586 3209 501.

671 3268 834 3339 Φέρει
866 3269 965 3340 μὲν
990 3270 1048 3323 έν
1083 3268 1329 3343 θαλάσσῃ
1356 3271 1490 3325 πολὺ
1520 3270 1580 3324 τὸ
1608 3270 1829 3340 θάρσος.
1852 3270 1926 3332 ι,
1968 3269 2024 3323 in
2048 3268 2092 3323 ιι
2113 3268 2181 3323 ad
2221 3266 2307 3323 ri:

2226 3266 2364 3323 Tim.
2391 3267 2485 3333 x1,
2510 3266 2637 3321 617.
2680 3296 2749 3307 -
2777 3263 2974 3338 Monti.
3011 3264 3081 3330 Χ,
3106 3265 3235 3320 678.
3261 3263 3430 3320 Savil.
3457 3265 3546 3333 IV,
3573 3229 3703 3321 εἰσ.
3739 3265 3862 3322 Duc.

631 3352 852 3516 ‘41)}???
859 3396 962 3514 μέν
992 3460 1043 3497 τι
1071 3440 1233 3499 πλέον
1255 3444 1338 3509 είς
1364 3444 1738 3516 παραμυθίας,
1766 3442 2108 3515 Aphthonio,
2132 3442 2267 3501 Ther

2132 3440 2440 3509 Theodoto,
2474 3453 2608 3506 etc.,
2637 3443 2799 3515 epist.
2838 3442 3039 3507 93.111,
3065 3442 3190 3500 656.
3216 3472 3286 3484 --
3307 3440 3501 3513 Menti.
3532 3442 3768 3509 111,612.

672 3530 811 3604 Φέρε
840 3533 936 3585 καὶ
965 3533 1126 3604 ἡμεῖς
1148 3530 1433 3605 ἁψώμεθα.
1463 3532 1516 3596 3,
1548 3533 1604 3587 in
1638 3532 1763 3590 Job.
1795 3532 1975 3592 Vertit
1999 3532 2199 3590 Laelius
2255 3532 2308 3590 Ti

2255 3532 2507 3590 Tii‘ernas
2536 3532 2808 3607 [Spuria.]
2835 3530 2924 3595 VI,
2958 3532 3083 3587 570.
3103 3561 3172 3574 -—
3196 3530 3388 3602 Menti.
3418 3531 3509 3597 VI,
3542 3531 3672 3587 587.
3705 3529 3863 3587 Sunii.

604 3619 670 3684 V,
701 3619 829 3675 956.
863 3619 998 3674 Duc.
1042 3620 1133 3686 VI,
1164 3621 1251 3677 79.

603 3792 650 3849 Π
674 3707 812 3849 Φέἕέ
845 3709 943 3762 καὶ
973 3710 1237 3779 σήμερον,
1268 3708 1568 3781 ἀγαπητοὶ,
1593 3710 1692 3780 τὴν
1714 3709 2057 3765 ἀκολουθίαν.
2081 3709 2170 3777 46,
2194 3710 2239 3765 in

2226 3725 2251 3766 ο
2279 3711 2416 3767 Gen.
2443 3708 2533 3779 IV,
2556 3711 2683 3767 422.
2711 3740 2781 3750 --
2805 3709 2999 3782 Menti.
3024 3710 3115 3777 IV,
3144 3708 3268 3765 466.
3299 3707 3471 3765 Savil.
3504 3708 3548 3775 I,
3572 3709 3702 3766 574.
3737 3707 3862 3764 Duc.

628 3793 944 3959 1,022.3:«1
964 3888 1230 3959 σήμερον,
1259 3887 1309 3940 εί
1338 3884 1617 3959 βούλεσθε,
1644 3887 1742 3959 τὴν
1762 3888 2102 3943 ἀκολουθίαν.
2127 3888 2216 3954 60,
2242 3887 2264 3941 ί.

2242 3887 2298 3941 in
2323 3885 2461 3943 Gen.
2486 3886 2578 3952 IV,
2602 3887 2728 3943 520.
2755 3918 2816 3929 —-
2841 3885 3036 3957 Manli.
3071 3886 3161 3951 IV,
3195 3882 3507 3941 577.Savil.
3534 3884 3578 3951 I,
3605 3884 3718 3941 «164
3740 3886 3861 3940 Duc.

604 3972 934 4134 “ditium
966 4064 1230 4135 σήμερον,
1254 4064 1305 4118 εί
1332 4064 1500 4134 δοκεῖ,
1536 4066 1603 4120 τὰ
1625 4063 2053 4140 ἐξῆς1λ⁸ίψανα]
2080 4067 2190 4120 τῶν
2213 4082 2240 4136 χ

2228 4065 2359 4137 (θές.
2387 4067 2478 4132 55,
2500 4066 2556 4121 in
2590 4066 2729 4122 Gen.
2768 4066 2857 4133 IV,
2885 4065 3009 4121 465.
3031 4093 3102 4105 -——
3122 4066 3310 4138 Manli.
3344 4066 3436 4134 IV,
3470 4066 3601 4123 513.
3626 4065 3796 4123 Sam'l.
3824 4064 3864 4129 I,

604 4153 729 4208 412.
754 4154 890 4210 Duc.
920 4153 989 4219 II,
1024 4155 1148 4209 576.

673 4242 811 4312 Φέρε
836 4243 929 4295 καὶ
957 4240 1198 4313 σήμερον
1228 4244 1291 4296 ἐκ
1321 4241 1429 4296 τῶν
1448 4242 1543 4297 τοῦ
1573 4242 1848 4315 μακαρίου
1871 4243 2174 4307 Μωῦσέως,
2202 4243 2237 4297 5

2228 4243 2255 4307 ἱ,
2288 4240 2346 4297 in
2374 4241 2511 4299 Gen.
2539 4243 2628 4309 IV,
2663 4243 2754 4299 48.
2785 4272 2856 4282 -
2881 4244 3071 4313 Menti.
3100 4241 3191 4309 IV,
3224 4242 3315 4297 32.
3343 4241 3514 4298 Savil.
3537 4242 3581 4304 1,
3607 4242 3703 4297 24.
3736 4241 3864 4294 Duc.

605 4328 813 4492 κ’«ἓῗρε
843 4420 940 4473 καὶ
967 4421 1229 4493 σήμερον,
1264 4419 1455 4491 ἐπειδὴ
1480 4419 1619 4493 μετά
1645 4421 1844 4492 πολλῆς
1878 4420 1979 4491 τῆς
2001 4417 2241 4489 προθυμί

2229 4419 2335 4483 ίας.
2367 4419 2420 4485 8,
2449 4420 2506 4475 in
2536 4420 2673 4476 Gen.
2704 4420 2795 4484 IV,
2825 4419 2914 4475 69.
2944 4446 3014 4461 --
3043 4417 3229 4492 Menti.
3264 4417 3360 4488 IV,
3387 4417 3477 4474 57.
3508 4416 3683 4473 Saoil.
3706 4415 3752 4483 Ι,
3781 4415 3863 4473 15.

603 4506 838 4669 “iis;
857 4506 1220 4667 3:1”.er
1255 4594 1385 4670 περὶ
1405 4612 1599 4653 καταν.
1626 4598 1703 4652 De
1741 4595 2189 4665 compunctione.
2220 4596 2239 4639 1

1643 4598 1703 4652 De
1741 4595 2189 4665 compunctione.
2220 4595 2358 4652 Vide
2387 4610 2572 4668 supra.
2601 4593 2741 4668 Φέρε
2766 4595 2831 4666 δὴ
2859 4597 2954 4650 καὶ
2987 4595 3279 4671 σήμερον.]

677 4682 837 4757 [Φέρε
870 4683 965 4738 οὖν
990 4684 1083 4738 ἐπὶ
1113 4685 1214 4754 τὴν
1236 4684 1559 4738 ἀκολουθίαν
1581 4683 1846 4751 ἔλθωμεν.
1883 4682 1960 4736 De
1990 4683 2313 4755 eleemosyn:

1483 4684 1559 4737 [αν
1581 4683 1846 4751 ἔλθωμεν.
1883 4682 1960 4736 De
1990 4683 2360 4755 eleemosyna.
2397 4684 2595 4754 Spuria
2618 4693 2675 4739 et
2702 4683 3119 4757 praetermissa]

675 4772 813 4846 Φέρε
846 4772 945 4828 καὶ
979 4774 1221 4845 σήμερον
1251 4771 1313 4825 τὸ
1336 4771 1489 4836 τέλος
1512 4770 1812 4847 ἐπιθῶμεν.
1843 4768 1912 4825 66
1938 4810 1953 4837 ,
1994 4770 2049 4825 in
2087 4769 2223 4827 Gen.
2256 4772 2311 4827 IV

2256 4771 2347 4833 IV,
2379 4771 2503 4827 566.
2546 4802 2614 4815 —
2649 4770 2843 4842 Menti.
2876 4772 2967 4841 IV,
3007 4773 3133 4828 628.
3169 4771 3340 4830 Savil.
3372 4775 3416 4840 I,
3455 4774 3583 4830 507.
3628 4774 3766 4828 Duc.
3805 4772 3865 4837 11,

606 4858 814 5020 7θσῖδέρε
844 4947 1008 5004 πάλιν
1032 4945 1136 5018 τῆς
1161 4945 1504 5010 ἀκολουθίας,
1536 4946 1639 5011 20,
1665 4946 1720 5001 in
1741 4945 1878 5003 Gen.
1908 4946 1997 5013 IV,
2026 4946 2146 5001 I66.
2171 4979 2235 4987 —

1947 4946 1997 5013 ν,
2026 4946 2146 5001 166.
2171 4979 2235 4987 -
2267 4947 2454 5018 Menti.
2487 4948 2577 5009 IV,
2610 4950 2731 5003 170.
2764 4947 2932 5004 Savil.
2963 4945 3005 5009 ι.
3041 4947 3162 5003 155.
3200 4946 3333 5002 Duc.
3358 4944 3426 5015 ιι,
3459 4932 3583 5004 189.

671 5058 810 5129 Φέρε
837 5056 1001 5113 πάλιν
1036 5055 1139 5128 τῆς
1176 5057 1497 5127 εὐαγγελίας
1535 5054 1935 5129 [ἐπαγγελίας]
1973 5054 2258 5126 ἁψώμεθα.
2288 5057 2307 5113 ί

2228 5074 2258 5109 ι.
2288 5055 2320 5113 6
2347 5101 2361 5121 ,
2393 5058 2700 5126 Severiani,
2729 5054 3064 5115 Gabalorum
3122 5054 3371 5130 episcopi
3399 5057 3456 5113 in
3483 5056 3864 5129 κοσμοποιίαν.

608 5147 695 5212 VI,
724 5147 850 5202 ‘84.
885 5176 955 5188 —--
987 5145 1180 5217 Manli.
1214 5145 1306 5211 VI,
1333 5144 1456 5201 494.
1484 5142 1653 5200 Sauil.
1675 5143 1790 5210 VII,
1820 5144 1946 5200 628.
1971 5144 2108 5201 Duc.
2141 5144 2320 5201 deest.

673 5235 812 5308 Φέρε
839 5235 1004 5289 πάλιν
1030 5234 1140 5289 τῶν
1164 5233 1564 5304 εὐαγγελικῶν,
1600 5233 1663 5288 In
1685 5233 1843 5289 Joan.
1874 5244 1974 5300 vn,
2004 5234 2090 5300 Η,
2118 5243 2175 5288 et
2199 5231 2309 5289 Mat

2235 5233 2391 5289 [atth.
2425 5245 2573 5299 xxrv,
2601 5233 2693 5289 56.
2720 5232 2806 5307 [In
2827 5230 3091 5307 Spuriis.]
3116 5234 3253 5301 VIII,
3277 5233 3403 5289 615.
3422 5265 3493 5277 --
3510 5235 3715 5305 Menti.
3741 5232 3871 5296 Vill,

612 5323 733 5380 167.
769 5321 938 5381 Savil.
971 5324 1040 5392 V,
1076 5321 1200 5380 752.
1232 5324 1367 5379 Duc.
1391 5319 1565 5378 deest.

675 5411 815 5482 Φέρε
839 5408 1082 5485 σήμερον
1115 5408 1351 5482 μάλιστα
1369 5412 1479 5465 τῶν
1502 5408 1803 5480 προτέρων.
1831 5408 1908 5463 De
1930 5407 2198 5477 patientia
2228 5417 2311 5462 et}

2234 5417 2286 5462 et
2305 5423 2417 5464 non
2440 5408 2639 5465 acerbe
2662 5408 2917 5481 lugendis
2945 5406 3242 5467 defunctis.
3271 5407 3510 5467 Dubium
3535 5446 3552 5477 ,
3578 5424 3654 5465 an
3695 5405 3870 5480 Chry-

609 5499 859 5557 sostomi.
891 5496 1164 5572 [SpuritL]
1199 5496 1444 5567 1x,725.
1477 5525 1549 5541 ..-
1579 5494 1769 5566 Menti.
1803 5495 1897 5561 ιχ,
1926 5495 2049 5550 807.
2080 5494 2248 5551 Savil.
2276 5495 2366 5561 vr,
2394 5499 2519 5553 945.
2553 5498 2681 5552 Duc.
2708 5494 2884 5555 decet.

679 5584 841 5658 [Φέρε
888 5593 1132 5662 σήμερον
1171 5589 1355 5656 πάλιν,
1403 5589 1703 5659 ἀγαπητοὶ,
1748 5585 1951 5648 καθώς.
1978 5585 2038 5640 In
2070 5582 2315 5641 Samarit:

2236 5586 2488 5642 ritanam.
2522 5587 2742 5657 Spuria.
2791 5586 2855 5643 ν.
2881 5586 3020 5658 Φέρε
3047 5584 3228 5641 τοίνυν
3265 5587 3530 5659 σήμερον,
3562 5586 3869 5660 ἀγαπητοὶ,

608 5673 841 5748 καθώς.]
1879 5723 1885 5728 .

610 5762 814 5902 ὢῖέρε
842 5761 910 5820 τὰ
936 5764 1167 5833 λείψανα
1188 5767 1289 5839 τῆς
1311 5763 1564 5837 χθεσινῆς
1596 5761 1900 5835 τραπέζης.
1925 5763 2017 5830 10,
2044 5764 2103 5822 in
2145 5758 2246 5821 Ger

2232 5781 2281 5819 ιι.
2306 5762 2395 5833 1v,
2425 5764 2551 5824 568.
2597 5795 2665 5811 -
2707 5765 2899 5839 Menti.
2921 5762 3011 5835 IV,
3030 5767 3155 5823 ωδ.
3203 5764 3771 5833 Summae“.
3803 5764 3868 5835 ιι,
